1966 3379
241 131 320 169 360
698 132 954 172 LETTERS
985 132 1055 170 or
1086 130 1353 170 ERASMUS
1687 134 1809 182 [1534

240 248 325 274 non
366 240 430 274 est
470 249 576 286 opus
616 241 664 274 vt
702 249 798 274 eum
839 240 1043 285 sequatur
1082 249 1198 285 puer,
1236 236 1306 273 sed
1347 248 1421 285 per
1456 235 1809 286 Christophorum

238 289 479 339 Geringum,
501 291 710 329 famulum
733 291 856 335 illius,
879 291 934 328 ad
955 304 1051 328 eum
1077 291 1354 340 perferantur.

158 358 218 388 125
294 345 420 382 Multi
450 350 607 395 negant
638 346 714 383 hoc
746 346 906 383 malum
936 358 1026 382 esse
1055 345 1300 394 podagram,
1333 345 1405 381 scd
1435 346 1498 381 sui
1529 346 1692 393 generis
1721 358 1810 384 esse

238 400 447 445 morbum,
481 413 606 448 quem
638 401 766 449 vulgo
796 400 933 437 Souch
970 399 1202 449 appellant.
1264 399 1325 436 Eo
1355 399 1568 443 dic-untur
1588 399 1712 437 multi
1744 401 1809 437 hic

239 453 444 491 laborare.
488 454 621 492 Doleo
643 455 720 492 tibi
743 467 906 492 mecum
929 458 1018 491 tam
1042 454 1180 491 multa
1202 453 1315 490 mala
1335 466 1423 491 esse
1445 455 1697 491 communia.
1746 455 1808 492 Re

239 521 339 546 vera
361 510 418 546 sic
440 514 518 553 est,
542 522 625 547 non
648 510 823 547 minima
844 509 1089 546 foelicitatis
1110 521 1208 557 pars
1229 512 1294 545 est
1317 508 1475 545 homini
1492 508 1601 545 fidus
1616 515 1660 546 et
1681 513 1809 558 aptus

238 563 435 600 famulus.
496 563 644 601 Fatale
673 570 749 608 est,
774 563 958 600 mundus
987 562 1189 612 impletur
1217 563 1432 599 sceleratis
1459 563 1700 600 hominibus
1729 564 1808 601 sub

159 631 219 661 130
238 617 459 667 Euangelii
490 618 630 655 titulo.
692 619 748 655 Et
775 630 851 667 ego
878 622 1046 667 praeter
1072 617 1183 654 hunc
1208 617 1314 654 duos
1342 616 1525 654 famulos
1555 630 1806 667 receperam,

237 671 310 709 sed
332 676 499 710 mature
520 686 586 709 me
608 673 661 709 ab
684 673 765 709 illis
787 672 962 709 absolui.
1013 671 1192 709 Curabis
1214 684 1264 709 ne
1290 671 1457 708 libellus
1479 671 1603 709 isthic
1625 672 1806 710 excuda-

237 730 319 772 tur,
342 740 392 764 ne
419 739 468 764 ea
493 740 557 764 res
584 727 726 765 fraudi
754 728 809 764 sit
837 726 1057 763 Frobcnio.
1118 726 1248 775 Spero
1278 726 1367 763 fore
1399 730 1447 763 vt
1478 726 1543 763 hic
1571 739 1675 775 puer
1705 727 1808 764 mihi

236 780 350 818 laeta
380 781 536 819 referat
565 782 616 819 de
647 786 723 819 tua
754 781 1012 818 valetudine.
1072 779 1253 825 Amicos,
1285 781 1318 817 si
1348 781 1420 829 qui
1450 781 1573 818 isthic
1606 781 1806 826 residant,

236 848 329 874 meo
350 837 520 874 nomine
542 836 694 874 saluta.
754 836 795 873 Si
823 836 977 873 dextra
1004 848 1157 872 manus
1185 834 1315 873 fuerit
1344 835 1524 881 reddita,
1548 835 1730 873 scribam
1751 836 1807 874 ad

155 904 215 935 135
236 894 278 927 te
300 891 522 940 copiosius.
583 891 697 928 Vale.

291 944 453 982 Datum
476 945 670 995 Friburgi
688 945 887 994 Brisgoae
906 956 984 982 xix
1003 945 1069 982 die
1086 944 1317 990 Februarii,
1335 943 1460 982 Anno
1477 957 1501 981 a
1517 944 1685 982 Christo
1703 948 1806 983 nato

236 1010 512 1037 M.D.XXX1111.

1163 1053 1366 1091 Erasmus
1388 1053 1489 1091 Rot,
1513 1058 1625 1099 tuus,
1650 1067 1751 1091 voce

1198 1109 1381 1158 propria,
1404 1121 1533 1146 manu
1553 1108 1703 1146 aliena.

153 1206 214 1238 140
287 1195 491 1234 Ornatiss.
542 1197 633 1233 viro
681 1196 853 1233 domino
902 1195 1019 1233 Ioan.
1070 1195 1260 1241 Cholero,
1310 1196 1553 1245 praeposito
1601 1195 1804 1236 Curiensi.

232 1249 449 1300 Augustae
470 1250 796 1289 Vindelicorum.

484 1422 751 1477 ²⁹⁰³29072908
814 1422 951 1463 FROM
986 1421 1230 1463 BONIFACE
1264 1421 1548 1462 AMERBACH.

283 1511 401 1545 Basle
420 1511 502 1546 MS.
523 1512 564 1546 O.
586 1513 675 1546 VIa.
698 1520 757 1555 73.
777 1522 861 1556 432.
1380 1512 1557 1552 <Basle.>

1193 1565 1311 1602 <ante
1331 1570 1376 1594 20
1395 1561 1605 1605 February
1627 1567 1754 1605 1534>

276 1645 349 1683 [An
366 1645 575 1686 autograph
593 1644 840 1685 rough-draft.
889 1645 960 1675 For
977 1645 1041 1675 the
1057 1644 1145 1675 date
1162 1644 1331 1685 assigned
1349 1654 1408 1674 see
1425 1644 1495 1685 Ep.
1516 1654 1596 1682 2901
1617 1645 1771 1684 introd.]

287 1720 325 1758 S.
350 1721 394 1758 P.
445 1720 655 1766 Quoniam
687 1720 789 1769 quid
824 1721 962 1758 oneris
996 1719 1176 1757 συνδικία
1210 1724 1287 1757 aut
1322 1720 1423 1769 quid
1457 1720 1599 1757 salarii
1633 1721 1802 1759 adferat

233 1775 337 1812 scire
358 1776 489 1824 cupis,
518 1775 635 1812 aliud
660 1776 702 1812 in
724 1788 767 1812 se
789 1788 896 1812 onus
923 1787 1008 1812 non
1037 1774 1180 1820 habet,
1206 1774 1434 1812 clarissime
1461 1774 1650 1820 Erasme‚
1672 1788 1802 1824 quam

233 1833 281 1866 vt
302 1831 573 1879 magistratui
595 1831 638 1866 in
660 1829 929 1867 iudicialibus
950 1830 1087 1866 causis
1108 1842 1133 1866 a
1154 1829 1338 1866 consiliis
1360 1830 1449 1866 siue
1474 1833 1518 1867 et
1542 1830 1801 1868 sententiam

233 1885 400 1933 roganti
430 1884 481 1921 de
513 1885 602 1922 iure
633 1884 924 1933 respondeam.
977 1883 1027 1921 Id
1058 1884 1232 1921 tametsi
1267 1883 1473 1921 hactenus
1503 1884 1801 1934 interpellatus

194 1950 453 1987 §nunquam
493 1939 683 1987 gratuito
722 1938 861 1976 facere
900 1938 1187 1983 detrectarim,
1227 1950 1339 1975 nunc
1378 1942 1524 1976 tamen
1563 1951 1715 1984 meam,
1751 1943 1801 1977 vt

231 1994 393 2042 opinor,
433 1993 687 2030 facilitatem
729 1993 951 2042 sexaginta
990 1993 1126 2030 aureis
1171 2005 1440 2030 remunerare
1480 1993 1681 2039 instituit,
1723 2006 1800 2043 pro

231 2047 411 2085 lectione
434 2047 646 2084 ordinaria
667 2052 710 2084 et
730 2047 909 2096 συνδικίᾳ
931 2052 1102 2085 centum
1124 2051 1167 2084 et
1189 2048 1411 2097 sexaginta
1431 2060 1582 2085 aureos
1603 2049 1646 2085 in
1666 2061 1800 2086 annos

231 2102 419 2151 singulos
441 2102 633 2147 offerens,
660 2106 703 2139 et
725 2107 773 2140 vt
799 2115 865 2140 me
893 2102 946 2140 ad
974 2101 1140 2151 aliquot
1166 2114 1300 2140 annos
1328 2102 1508 2140 conduci
1535 2103 1675 2152 patiar
1703 2115 1797 2140 con-

230 2156 422 2194 tendens.

172 2221 211 2243 10
285 2211 349 2248 De
374 2211 621 2249 valetudine
650 2216 727 2249 tua
751 2224 916 2261 semper
943 2211 1086 2249 fausta
1115 2211 1305 2256 edoceor,
1332 2216 1376 2249 et
1400 2211 1620 2261 euangelia
1645 2211 1796 2250 identi-

230 2264 326 2302 dem
367 2266 553 2303 iucunda
587 2266 691 2304 mihi
726 2266 777 2303 de
818 2266 1001 2303 firmiore
1041 2270 1117 2303 tua
1152 2266 1400 2303 valetudine
1435 2266 1798 2304 adnunciantibus

230 2319 394 2357 soluere
421 2321 551 2358 etiam
582 2326 712 2369 atque
744 2322 874 2358 etiam
905 2320 1108 2358 desidero.
1160 2320 1357 2358 Ceterum
1388 2320 1503 2369 quod
1534 2320 1674 2358 denuo
1704 2321 1795 2370 pul-

230 2375 340 2411 ueris
375 2387 400 2411 a
435 2375 765 2425 pharmacopola
801 2376 963 2424 accepti
994 2376 1254 2412 mentionem
1285 2375 1430 2420 inficis,
1462 2379 1609 2424 patere
1639 2387 1796 2424 quaeso

229 2427 307 2466 hoc
340 2429 419 2466 tibi
449 2429 616 2467 officioli
646 2443 670 2467 a
701 2443 766 2466 me
796 2431 1004 2479 praestari
1035 2429 1149 2479 quod
1179 2429 1246 2466 vel
1281 2430 1425 2478 ignoto
1459 2433 1677 2478 praestare
1711 2442 1796 2467 non

170 2493 208 2523 Ι5
229 2487 463 2523 cunctarer.
516 2484 678 2529 Patere,
702 2485 856 2521 amabo
878 2488 933 2529 te,
956 2484 1022 2521 vel
1045 2484 1237 2521 minutiis
1264 2484 1357 2531 [tibi
1380 2487 1429 2521 vt
1451 2496 1534 2520 vno
1558 2488 1635 2521 aut
1659 2484 1795 2522 altero

229 2537 380 2575 sillabo
405 2538 678 2587 complectar]
706 2539 790 2575 tuis
812 2540 853 2576 in
874 2551 940 2576 me
964 2539 1126 2576 meritis
1151 2538 1416 2588 respondere,
1439 2538 1610 2587 quando
1635 2539 1796 2576 maiora

272 2620 368 2650 2906.
397 2621 511 2660 127—8.
538 2620 592 2650 Re
608 2630 695 2651 vera
712 2633 750 2650 cz:
777 2621 913 2652 Verum
931 2621 969 2652 O.
1088 2621 1158 2650 128.
1178 2624 1233 2652 est
1243 2625 1323 2660 post
1335 2630 1420 2660 pars
1431 2631 1498 2651 om.
1512 2620 1566 2651 02.
1616 2620 1712 2651 2907.
1735 2629 1796 2660 15-

245 2666 296 2694 16.
322 2664 390 2694 tibi
418 2688 424 2694 .
445 2687 451 2693 .
473 2688 479 2693 .
497 2664 720 2704 complectar
737 2665 818 2694 add.
837 2675 918 2704 sup.
937 2665 1002 2695 lin.
1020 2664 1102 2695 MS.

271 2751 367 2781 2906.
396 2760 468 2791 124.
494 2751 707 2791 Geringum]
719 2751 783 2782 See
796 2752 973 2792 Ep.2900.
1091 2761 1163 2790 131.
1189 2752 1347 2789 libellus]
1367 2752 1412 2782 In
1432 2762 1453 2782 a
1473 2751 1582 2782 letter
1602 2755 1641 2782 to
1660 2751 1794 2782 Justus

226 2795 361 2825 introd.
1044 2795 1177 2825 Decius
1199 2795 1237 2826 of
1260 2805 1299 2825 22
1318 2796 1463 2836 August
1484 2804 1564 2834 1534
1587 2795 1672 2835 (Ep.
1692 2796 1791 2832 2961)

273 2840 345 2869 126.
372 2838 504 2876 Souch]
524 2838 581 2877 iq.
601 2838 735 2873 Sucht;
762 2849 801 2868 so
818 2839 925 2878 again
939 2839 975 2869 in
1044 2839 1220 2869 Erasmus
1244 2839 1366 2869 writes
1390 2839 1474 2869 that
1494 2839 1558 2869 the
1581 2838 1720 2869 libellus
1740 2839 1792 2869 De

226 2881 295 2922 Ep.
315 2884 420 2918 2916;
446 2882 483 2912 in
504 2882 572 2922 Ep.
596 2883 692 2919 2918,
714 2882 877 2912 Gesucht
898 2882 971 2921 (iq.
1039 2883 1314 2921 praeparatione
1352 2883 1382 2912 is
1420 2882 1529 2922 being
1567 2882 1715 2921 printed
1755 2882 1791 2912 in

225 2925 435 2961 Gessmhte),
464 2926 528 2955 the
559 2925 670 2956 latter
701 2925 764 2955 the
796 2926 973 2957 southern
1040 2926 1188 2956 various
1205 2925 1338 2968 places,
1356 2925 1543 2967 including
1560 2925 1672 2955 Paris

225 2968 383 2999 German
400 2968 544 3000 dialect.
