1966 3379
243 126 295 162 58
674 126 932 164 LETTERS
963 126 1033 165 OF
1064 127 1330 166 ERASMUS
1692 132 1813 179 [1532

244 242 349 280 pene
380 233 521 267 tecum
554 231 813 279 perieramus
843 231 1148 280 imprudentes.
1209 232 1333 277 Noui,
1360 233 1417 269 mi
1450 232 1654 279 Bonifaci,
1681 246 1811 283 quam

244 286 299 321 sis
313 284 592 334 φιλόστοργος,
610 289 654 321 et
671 286 875 334 priuatim
890 299 987 335 erga
1002 286 1079 323 tibi
1098 288 1301 335 sanguine
1315 292 1392 324 aut
1406 288 1615 325 affinitate
1630 289 1812 334 iunctos,

188 359 223 387 15
243 343 287 377 et
304 339 472 388 publice
493 352 592 389 erga
610 341 808 389 patriam,
824 353 957 389 eoque
979 341 1101 378 facile
1117 341 1263 379 diuino
1277 354 1405 391 quam
1424 343 1572 379 acerbe
1587 343 1816 381 discruciet

243 395 433 431 animum
456 398 579 431 tuum
602 394 841 432 infantulae
862 395 1141 441 desiderium3
1174 408 1304 445 quam
1331 398 1389 433 sic
1415 397 1662 443 adamabas,
1686 399 1744 436 sic
1772 399 1815 435 in

242 450 339 486 sinu
368 449 579 497 gestabas,
611 450 669 486 sic
700 450 741 486 in
773 449 931 487 delitiis
962 450 1163 495 habebas,
1192 452 1350 501 quippe
1378 453 1560 501 coniugii
1591 453 1814 502 primitias,

242 516 436 553 quaeque
458 504 537 541 tibi
558 505 696 553 prima
716 504 1009 542 dulcissimum
1032 507 1166 554 patris
1186 518 1339 543 nomen
1362 506 1493 551 dedit,
1516 507 1740 556 effecitque
1766 520 1818 544 ne

244 563 287 596 te
309 559 549 608 poeniteret
571 571 736 608 semper
758 559 837 596 tibi
858 561 1145 609 gratissimam
1168 565 1240 610 τῆς
1262 560 1439 609 ἀγαμίας
1456 561 1700 599 libertatem
1719 574 1815 599 cum

186 633 225 653 20
244 614 506 651 matrimonii
527 613 804 664 compedibus
825 619 1105 664 permutasse,
1128 628 1153 652 a
1174 616 1328 664 quibus
1350 616 1472 653 initio
1501 617 1559 653 sic
1589 616 1817 654 abhorrere

245 668 475 706 videbatur
506 669 686 714 animus
718 673 768 706 vt
799 669 853 706 ad
884 682 1060 707 vxorem
1093 683 1215 718 aegre
1248 671 1435 719 quiueris
1468 671 1658 720 perpelli,
1692 671 1817 720 idque

244 723 411 761 duabus
437 723 710 761 validissimis
739 724 958 769 machinis,
987 725 1180 762 haeredis
1209 738 1366 771 amore,
1388 730 1433 763 et
1460 727 1693 763 amicorum
1721 726 1818 764 hor-

244 782 353 816 tatu.
414 778 525 816 Nam
551 779 665 828 apud
690 779 817 816 istam
841 784 1027 817 mentem
1058 781 1385 826 sanctissimam,
1408 785 1480 830 τῆς
1500 780 1657 831 ἡδονῆς,
1681 780 1817 830 ὥσπερ

244 832 480 882 Μεγαρέων,
503 832 636 882 φασίν,
659 832 789 874 οὐδεὶς
809 833 942 883 λόγος.

184 907 224 937 25
299 888 453 937 Itaque
475 901 607 937 quum
628 888 732 926 mihi
752 890 900 938 genius
922 894 1022 927 tuus
1044 890 1148 927 satis
1175 894 1287 927 essct
1312 894 1573 940 perspectus,
1596 890 1719 928 facile
1743 903 1813 928 ex-

247 943 475 992 pectabam
491 956 665 993 grauem
682 943 871 993 aliquam
889 943 1153 993 συμπάθειαν,
1169 944 1271 982 ἀλλὰ
1285 945 1331 981 τὸ
1344 949 1548 982 συννοσεῖν
1563 944 1628 983 καὶ
1645 961 1818 982 συναπο-

245 997 428 1048 θνήσκειν
462 1011 512 1036 ne
553 1002 801 1044 metuerem,
839 999 941 1036 fecit
981 1001 1159 1037 caeteris
1202 1000 1244 1037 in
1284 1000 1410 1037 rebus
1451 1000 1553 1038 mihi
1594 1004 1819 1050 perspecta

245 1053 360 1091 haud
386 1053 574 1103 vulgaris
604 1054 668 1091 tui
700 1054 883 1103 pectoris
913 1055 1170 1092 constantia.
1233 1055 1388 1093 Verum
1420 1067 1603 1104 aequum
1635 1059 1741 1100 erat,
1770 1059 1820 1092 vt

245 1108 372 1146 homo
405 1109 507 1145 iuris
540 1108 768 1158 prudentia
800 1108 952 1154 clarus,
987 1110 1059 1158 qui
1093 1122 1260 1147 summa
1293 1123 1389 1147 cum
1424 1110 1549 1148 laude
1583 1110 1818 1159 publicitus

184 1182 226 1212 30
244 1163 370 1201 doces
391 1163 497 1201 alios
518 1163 747 1201 Caesarum
774 1176 920 1213 parere
945 1164 1120 1214 legibuS,
1144 1165 1232 1215 ipse
1257 1166 1455 1214 aequiore
1481 1166 1622 1203 animo
1648 1177 1819 1215 pareres

245 1222 427 1256 naturae
448 1218 623 1268 legibus,
642 1231 750 1268 quae
767 1218 934 1257 ducunt
951 1219 1180 1265 volentem,
1198 1219 1416 1258 nolentem
1434 1220 1627 1257 trahunt.
1675 1218 1815 1265 Quan

245 1274 407 1311 tumuis
433 1277 579 1311 autem
607 1274 687 1311 tibi
715 1273 837 1312 dolor
866 1278 966 1312 tuus
994 1274 1201 1312 damnum
1232 1275 1342 1312 istuc
1373 1279 1614 1324 exaggeret,
1642 1274 1819 1312 inficiari

244 1332 359 1366 certe
381 1341 468 1366 non
489 1333 612 1378 potes
628 1341 718 1366 esse
740 1329 990 1378 reparabile,
1014 1329 1157 1367 modo-
1164 1333 1213 1367 tu
1235 1343 1332 1368 cum
1350 1342 1481 1367 vxore
1503 1330 1558 1367 sis
1582 1329 1818 1373 incolumis,

244 1395 377 1432 quum
398 1384 570 1432 vtrique
591 1384 649 1420 sit
669 1388 789 1421 aetas
811 1396 896 1421 non
919 1385 1086 1434 integra
1107 1385 1247 1431 modo,
1271 1385 1555 1423 verumetiam
1578 1384 1731 1422 florens
1753 1383 1819 1421 καὶ

183 1456 224 1488 35
244 1437 493 1487 ἀκμάζουσα.
536 1437 647 1484 Quid
660 1439 693 1476 si
711 1438 790 1476 tibi
808 1438 1032 1488 obtigisset
1045 1439 1187 1478 sterile
1202 1441 1458 1489 coniugium,
1475 1439 1602 1489 quod,
1618 1440 1820 1488 quoniam

244 1493 402 1531 accidit
423 1493 728 1543 compluribus,
752 1506 837 1531 non
859 1495 1053 1543 oportuit
1075 1494 1153 1532 tibi
1176 1495 1270 1532 viro
1291 1495 1494 1545 prudenti
1523 1507 1613 1532 esse
1640 1496 1819 1544 imprae-

245 1548 534 1586 meditatum?
593 1547 794 1598 Quisquis
833 1550 946 1586 enim
986 1562 1166 1587 vxorem
1207 1550 1340 1595 ducit,
1374 1549 1428 1587 ad
1466 1549 1676 1587 humanos
1708 1561 1819 1587 com-

245 1615 479 1653 munesque
501 1616 625 1641 casus
641 1604 832 1641 animum
850 1608 1157 1654 praeparatum
1176 1604 1335 1642 habeat
1352 1617 1520 1642 necesse
1537 1608 1615 1650 est,
1633 1605 1821 1654 coniugis

244 1657 420 1708 ἀγονίαν,
443 1658 688 1703 orbitatem,
712 1658 1001 1696 solitudinem.

184 1732 226 1763 40
300 1713 358 1751 At
375 1718 423 1751 tu
446 1713 637 1751 nondum
659 1713 790 1751 orbus
811 1726 867 1759 eS,
891 1713 1028 1752 altera
1049 1715 1280 1764 superstite
1302 1714 1400 1752 filia.
1451 1713 1492 1751 τί
1512 1713 1554 1751 δὲ
1576 1713 1703 1751 δεινὸν
1724 1713 1820 1751 ἔπα-

245 1767 328 1812 θες;
378 1767 489 1814 Quid
506 1768 622 1806 aliud
639 1781 768 1818 quam
786 1769 1134 1807 candidissimam
1153 1769 1322 1807 stellam
1340 1770 1552 1818 virginum
1570 1769 1818 1807 coelestium

245 1824 382 1861 choris
422 1822 661 1861 addidisti?
720 1823 802 1861 Illa
840 1823 1012 1874 gaudet,
1054 1824 1224 1862 exultat
1264 1837 1312 1862 ac
1353 1824 1577 1874 tripudiat,
1620 1823 1735 1873 quod
1776 1824 1819 1861 in

245 1883 422 1916 aeterna
449 1878 605 1928 gaudia
630 1882 800 1928 recepta
828 1883 906 1925 est,
933 1880 1183 1929 priusquam
1212 1879 1337 1917 huius
1366 1879 1678 1916 infelicissimae
1704 1880 1820 1916 vitae

245 1933 368 1971 malis
385 1934 766 1979 contaminaretur,
781 1937 825 1971 et
842 1938 890 1971 tu
909 1933 1274 1972 inconsolabiliter
1290 1933 1447 1984 ploras,
1463 1935 1548 1971 imo
1565 1946 1650 1971 non
1666 1933 1820 1983 ploras,

184 2007 224 2038 45
245 1988 318 2026 sed
346 1989 631 2026 commoreris.
691 1987 895 2026 Surculus
923 1989 1063 2034 modo,
1090 1989 1158 2026 vel
1186 1989 1385 2027 flosculus
1410 1990 1557 2038 magis,
1586 1988 1640 2026 ab
1669 1988 1822 2026 arbore

244 2043 471 2093 decerptus
499 2047 577 2089 est,
606 2043 809 2081 incolumi
836 2045 981 2094 stirpe,
1009 2043 1155 2082 illaesa
1182 2043 1334 2082 radice.
1396 2043 1505 2089 Quid
1534 2045 1567 2080 si
1593 2043 1709 2081 Deus
1740 2043 1823 2080 ista

244 2099 411 2135 iactura
447 2102 614 2136 tentare
654 2098 794 2136 voluit
833 2100 1024 2136 animum
1060 2103 1197 2144 tuum,
1231 2111 1361 2148 quam
1394 2099 1448 2136 ab
1482 2099 1574 2148 ipso
1605 2098 1823 2148 pendeas?

245 2152 355 2199 Quid
377 2153 411 2190 si
433 2153 513 2190 tibi
529 2166 605 2203 pro
626 2158 774 2203 erepta
796 2153 926 2191 filiola
942 2154 1096 2191 reddat
1113 2153 1260 2199 filium,
1278 2166 1364 2191 non
1387 2153 1524 2191 solum
1546 2153 1820 2204 facultatum,

245 2207 318 2245 sed
347 2209 469 2245 istius
496 2209 626 2245 etiam
654 2212 832 2246 exactae
863 2209 1128 2254 eruditionis,
1158 2221 1253 2246 cum
1283 2209 1400 2246 omni
1429 2220 1580 2258 genere
1607 2208 1822 2245 virtutum

185 2282 227 2311 50
246 2263 499 2300 coniunctae
532 2262 788 2301 haeredem?
847 2263 959 2302 Nam
1000 2264 1093 2301 istis
1134 2263 1286 2313 opibus
1319 2263 1442 2313 longe
1476 2262 1641 2300 beatior
1675 2275 1731 2308 eS,
1765 2263 1823 2299 mi

246 2317 453 2363 Bonifaci‚
485 2330 614 2367 quam
646 2319 757 2368 agris
788 2323 866 2356 aut
898 2319 1096 2364 nummis,
1128 2330 1377 2367 quanquam
1408 2322 1452 2355 et
1487 2317 1590 2355 haec
1622 2317 1823 2355 fortunae

246 2372 471 2410 commoda
503 2372 582 2410 tibi
613 2377 853 2423 suppetunt
883 2386 908 2411 a
938 2373 1169 2411 maioribus
1204 2373 1354 2410 relicta
1386 2372 1432 2409 οὐ
1465 2372 1587 2421 μόνον
1617 2371 1718 2421 πρὸς
1752 2372 1824 2421 τὴν

245 2425 495 2476 αὐτάρκειαν,
518 2426 620 2464 ἀλλὰ
643 2427 743 2477 πρὸς
768 2427 839 2478 τὴν
865 2427 1142 2478 λαμπρότητα.
1202 2427 1323 2465 Inter
1348 2430 1527 2464 externa
1548 2427 1660 2464 bona
1682 2427 1823 2464 minus

246 2482 432 2520 obnoxia
459 2486 561 2519 sunt
590 2482 791 2520 fortunae
822 2483 1018 2528 ludibrio,
1049 2495 1157 2532 quae
1187 2495 1212 2520 a
1240 2482 1362 2519 vobis
1391 2482 1608 2527 dicuntur,
1637 2494 1703 2519 res
1731 2481 1821 2518 soli.

186 2555 226 2586 55
245 2536 304 2574 At
325 2537 359 2574 si
380 2549 445 2574 res
467 2537 545 2574 soli
565 2541 630 2574 est
652 2537 767 2587 quod
788 2537 1005 2575 immobile
1032 2541 1109 2583 est,
1132 2538 1175 2574 in
1203 2536 1294 2575 sola
1320 2537 1450 2574 animi
1479 2537 1591 2574 bona
1619 2537 1823 2574 conuenit

246 2592 370 2629 istius
397 2592 659 2641 cognominis
682 2592 827 2631 honor.
888 2593 1048 2631 Domos
1072 2595 1242 2642 praeter
1268 2591 1478 2629 bellorum
1507 2591 1821 2628 immanitatem

290 2700 344 2731 ²4·
369 2689 563 2730 Μεγαρέων]
591 2690 656 2722 See
679 2691 810 2722 Suidas
834 2702 918 2727 3.v.;
953 2691 999 2722 cf.
1070 2690 1176 2731 pupil
1199 2689 1273 2720 and
1298 2699 1484 2720 successor
1507 2699 1547 2719 as
1572 2689 1761 2720 Professor
1785 2688 1823 2719 of

247 2734 361 2774 Aday.
383 2743 476 2774 1079.

290 2788 344 2818 40.
370 2778 488 2809 altera
507 2803 512 2808 .
534 2803 540 2809 .
562 2803 569 2809 .
587 2778 675 2817 filia]
695 2779 886 2815 Faustina,
905 2779 939 2810 b.
959 2788 1000 2818 25

247 2822 341 2853 Nov.
363 2830 457 2861 1530,
475 2832 534 2853 see
552 2823 760 2853 Boniface's
773 2827 879 2854 notes
893 2823 930 2853 in
944 2823 1000 2853 his

247 2865 363 2897 Horae
385 2865 470 2906 (Ep.
488 2867 551 2906 408
570 2866 735 2903 introd.)‚
753 2868 872 2897 where
890 2867 998 2897 Boni-

246 2910 326 2940 sace
342 2909 418 2949 also
435 2910 587 2940 entered
604 2910 668 2941 the
685 2911 785 2941 birth
800 2911 837 2941 of
850 2911 906 2941 his
919 2920 998 2946 son,

248 2953 359 2990 Basil,
399 2963 447 2984 on
490 2963 503 2983 1
545 2954 630 2984 Dec.
676 2963 769 2993 1533.
819 2954 998 2985 Faustina

248 2997 406 3028 married
427 2997 475 3036 (1)
498 2997 623 3028 Ulrich
646 2997 768 3034 Iselin,
790 2998 998 3029 Boniface's

1070 2735 1167 2770 Law,
1193 2734 1243 2774 by
1266 2733 1387 2764 whom
1412 2734 1476 2764 she
1500 2733 1573 2763 had
1599 2742 1617 2772 7
1645 2732 1823 2768 children,

1070 2779 1118 2816 (2)
1141 2778 1240 2808 John
1264 2777 1462 2818 OporinuS,
1483 2777 1548 2808 the
1571 2777 1736 2818 printer;
1762 2786 1822 2807 see

1069 2824 1151 2853 Am.
1170 2822 1212 2852 E.
1231 2831 1267 2861 p.
1289 2830 1361 2859 115.

1113 2875 1165 2906 54
1192 2875 1248 2896 res
1280 2865 1361 2903 soli]
1394 2865 1535 2905 Digest.
1569 2874 1620 2904 5ο.
1654 2866 1704 2895 16.
1737 2873 1821 2900 1223

1067 2909 1180 2940 Gaius
1213 2919 1244 2940 2.
1278 2918 1319 2949 54
1352 2911 1426 2946 (see
1462 2909 1676 2940 Heumann·
1682 2907 1821 2944 Seckel,

1066 2953 1318 2984 Handlexz‘kon
1336 2964 1378 2984 zu
1395 2953 1461 2984 den
1479 2953 1623 2990 Quellen
1640 2953 1699 2984 cles
1715 2953 1821 2984 rifimi·

1065 2999 1168 3029 schem
1185 2997 1321 3034 Rechts,
1339 3007 1366 3028 s.
1372 3008 1405 3028 v.
1425 2997 1568 3035 solum).
