1966 3379
115 109 235 158 2813]
605 108 676 146 To
706 107 989 146 NICHOLAS
1021 107 1173 146 OLAH
1596 111 1670 148 231

113 214 191 251 hoc
224 214 408 263 penitius
448 225 536 250 esse
570 216 813 262 perspectas
853 213 1059 257 arbitror:
1102 225 1150 250 ac
1190 213 1379 262 proinde,
1414 227 1498 262 quo
1533 215 1597 251 vir
1631 227 1711 259 es5

113 269 336 305 humanior
358 272 401 304 et
424 268 632 304 virtutum
655 268 878 311 amantior,
902 267 979 304 hoc
1000 279 1093 304 reor
1113 267 1189 304 abs
1211 272 1253 304 te
1275 267 1405 316 pluris
1426 268 1525 305 fieri.

170 322 347 360 Videtur
377 326 419 359 et
449 321 600 359 Caesar
630 322 843 358 hominem
875 322 1189 371 introspexisse‚
1220 322 1291 370 qui
1322 322 1584 373 praeclarum
1613 323 1673 360 illi

113 390 267 415 munus
284 377 397 413 vltro
418 377 633 425 gratisque
654 376 822 421 detulit,
840 376 913 413 sed
930 388 1024 413 meo
1046 376 1199 413 iudicio
1216 376 1366 425 dignus
1384 381 1476 414 erat
1493 377 1672 426 splendi-

112 432 227 469 diore
257 431 380 469 dono.
440 430 520 468 Sed
550 431 673 475 nosti,
703 443 841 467 rerum
872 430 1105 468 aulicarum
1137 443 1220 467 non
1253 431 1485 479 imperitus,
1518 432 1674 469 talibus

112 486 277 536 praedis
299 485 458 523 multas
478 485 652 534 inhyare
674 485 870 534 harpyas‚
889 498 965 522 nec
986 498 1080 522 raro
1102 484 1191 522 fieri
1212 488 1260 521 vt
1278 486 1482 523 virtutem
1504 490 1675 535 superet
1697 503 1734 523 10

112 541 376 590 improbitas.
418 540 562 577 Habet
583 539 651 577 ille
671 543 715 577 et
735 539 955 577 Caesarem
972 543 1016 576 et
1033 539 1209 577 Mariam
1227 538 1414 577 Caesaris
1431 553 1673 589 germanam

111 596 202 645 pari
232 595 375 632 studio
405 594 611 639 fauentes,
638 598 686 631 vt
716 594 819 631 nihil
850 594 1099 631 addubitem
1131 595 1232 642 quin
1263 595 1482 643 negocium
1513 596 1601 632 eius
1631 600 1673 632 et

112 653 241 687 vento
261 654 304 686 et
326 654 447 686 aestu
469 649 652 686 secundo
679 648 852 686 feratur.
912 648 1095 686 Celerius
1120 653 1265 686 tamen
1290 649 1332 686 in
1357 653 1527 698 portum
1554 654 1672 699 opta-

113 709 203 742 tum
240 704 480 753 appellitur,
518 705 550 741 si
591 704 847 752 tempestiua
887 703 1126 741 admonicio
1168 703 1302 740 veluti
1342 704 1509 753 remigis
1549 717 1673 754 opera

112 759 299 796 accedat.
360 758 472 804 Quas
500 763 641 808 partes
667 763 715 794 vt*
744 759 945 807 suscipias
970 770 1224 808 magnopere
1249 770 1452 807 rogarem,
1475 759 1554 796 nisi
1579 771 1673 796 con-
1698 774 1734 804 15

111 813 282 850 fiderem
305 826 375 850 eas
396 813 471 850 abs
493 817 534 850 tie
560 812 807 850 iamdudum
834 816 985 862 sponte
1011 816 1231 862 susceptas
1259 825 1361 850 esse.
1422 813 1587 850 Erasmi
1612 814 1675 850 tui

112 869 299 905 miserias
343 867 492 905 melius
538 881 559 904 e
599 867 839 904 Montfortii
880 868 1013 904 nostri
1054 879 1243 904 sermone
1287 879 1522 916 cognosces.
1598 868 1676 905 Per

112 922 331 968 Quirinum
356 935 493 960 meum
517 926 696 972 expecto
718 921 847 958 πάντα
868 921 958 970 περὶ
978 921 1150 958 πάντων.

167 977 352 1025 ”Ερρωσο
373 976 543 1026 φιλτάτη
566 975 633 1023 μοὶ
650 975 818 1026 κεφαλή,
836 976 890 1016 ὡς
906 976 1005 1025 πρὸς
1021 976 1088 1013 τὸν
1104 976 1318 1027 φιλέλληνά
1339 994 1376 1014 τι
1397 976 1675 1026 ἀνθελληνίζω.

166 1032 243 1069 Die
265 1035 532 1081 pentecostes
556 1041 670 1079 1533.
1697 1049 1737 1070 20

534 1207 661 1244 2814.
728 1203 863 1243 FROM
886 1203 1016 1243 -JOHN
1040 1203 1246 1244 CHOLER.

161 1294 321 1338 Leipzig
340 1294 421 1327 MS.
1377 1294 1601 1337 Augsburg.

160 1344 242 1376 EE.
269 1345 347 1376 181).
1353 1354 1372 1385 5
1392 1343 1500 1377 June
1522 1354 1626 1386 1533.

155 1410 227 1448 [An
246 1410 397 1450 original
416 1411 536 1445 letter,
553 1410 762 1450 autograph
780 1410 1007 1450 throughout
1023 1423 1029 1440 ;
1055 1411 1118 1441 the
1136 1410 1352 1451 right-hand
1370 1411 1446 1441 side
1464 1411 1501 1441 of
1518 1411 1581 1442 the
1599 1411 1678 1441 first,

112 1465 203 1494 page
222 1455 249 1484 is
266 1455 394 1492 worn]

167 1514 205 1551 S.
231 1514 274 1551 P.
299 1513 350 1552 D.
410 1513 500 1559 Qua
522 1514 587 1550 die
609 1513 663 1550 ad
685 1518 727 1551 te
750 1526 967 1551 saccarum
989 1527 1085 1551 cum
1108 1515 1264 1551 nostris
1290 1514 1445 1551 litteris
1473 1515 1676 1559 misimus,

111 1569 259 1606 eadem
281 1568 360 1609 die,
379 1568 419 1605 id
437 1573 501 1605 est
518 1569 560 1605 in
578 1568 719 1617 vigilia
737 1573 1016 1618 pentecostes
1036 1570 1153 1606 venit
1171 1568 1251 1606 huc
1273 1569 1328 1606 ad
1345 1582 1421 1606 nos
1444 1569 1676 1614 Luscinius,

112 1623 218 1661 adeo
240 1636 338 1660 sane
367 1624 610 1672 inopinatus
634 1627 681 1660 vt
706 1636 880 1660 coruum
905 1623 1050 1661 album
1077 1623 1297 1661 aduenisse
1325 1628 1534 1674 putarem.
1594 1624 1675 1661 Ex-

112 1679 255 1728 posuit
296 1678 399 1715 mihi
437 1678 649 1715 aduentus
689 1679 753 1715 sui
793 1691 976 1722 causam,
1018 1691 1146 1727 quam
1189 1679 1301 1716 tanti
1341 1691 1416 1728 ego
1456 1691 1675 1728 nunquam

112 1733 301 1770 fecissem
324 1737 372 1769 vt
394 1733 471 1770 hoc
494 1732 586 1770 ideo
607 1736 778 1770 tantuin
801 1733 881 1770 iter
902 1734 1167 1783 susciperem.
1697 1750 1714 1779 5

169 1787 332 1824 Habuit
355 1787 575 1824 Luscinius
597 1787 662 1824 hic
685 1788 983 1825 canonicatum
1005 1792 1048 1825 et
1065 1788 1365 1838 praebendam,
1385 1801 1513 1837 quam
1531 1788 1677 1825 abiens

112 1842 279 1879 cuidam
312 1843 426 1880 affini
450 1842 610 1879 domini
636 1841 809 1879 Antonii
839 1842 1015 1892 Fuggeri
1041 1844 1270 1892 resignauit
1298 1856 1347 1880 ea
1375 1842 1476 1893 lege,
1504 1847 1552 1880 vt
1579 1843 1677 1880 inde

113 1897 192 1934 sibi
213 1910 354 1934 annua
378 1898 521 1946 pensio
543 1897 593 1934 So
616 1897 868 1934 florenorum
891 1897 1137 1935 solueretur.
1184 1898 1240 1935 Et
1262 1911 1337 1947 pro
1360 1898 1437 1935 hac
1459 1911 1502 1935 re
1525 1898 1676 1935 vadem

113 1956 156 1989 et
186 1951 420 1989 debitorem
448 1951 661 2000 Fuggerus
689 1964 731 1988 se
759 1952 995 1995 constituit,
1025 1957 1113 1989 tam
1141 1952 1211 1989 diu
1238 1952 1370 1990 donec
1399 1953 1595 1990 Luscinio
1626 1952 1677 1989 de

112 2005 393 2044 ecclesiastico
427 2006 663 2044 sacerdotio
696 2006 991 2056 prouideretur
1024 2008 1136 2044 ‘tanti
1167 2007 1321 2044 valoris
1353 2008 1503 2056 quanti
1533 2011 1598 2045 est
1629 2020 1677 2044 ea
1701 2024 1738 2046 πο

112 2062 269 2111 pensio.
316 2060 439 2098 Nunc
460 2066 604 2098 autem
627 2061 816 2111 intelligo
838 2062 923 2099 tale
945 2062 1227 2099 sacerdotium
1251 2075 1339 2099 esse
1361 2075 1462 2112 prae
1484 2062 1678 2099 manibus

114 2128 198 2164 quo
221 2115 416 2153 Luscinio
437 2116 540 2153 satis
563 2115 649 2161 fiat,
673 2120 715 2153 et
738 2121 861 2153 tanta
882 2116 1017 2154 altera
1041 2118 1185 2166 pensio
1208 2117 1286 2154 sibi
1311 2118 1612 2161 constituatur,
1635 2121 1678 2154 et

114 2170 327 2220 Fuggerus
347 2170 401 2207 ab
424 2183 499 2207 sua
521 2170 777 2220 obligatione
799 2170 903 2208 liber
924 2171 1140 2209 reddatur.
1200 2171 1279 2209 Sed
1302 2185 1378 2216 res,
1402 2177 1449 2209 vt
1474 2171 1676 2221 intelligo,

113 2229 332 2263 transacta
353 2238 437 2262 non
458 2230 534 2270 est,
558 2230 601 2262 et
624 2225 837 2277 Fuggerus
858 2226 997 2263 adhuc
1020 2226 1218 2264 Luscinio
1240 2227 1447 2264 obnoxius
1469 2228 1561 2264 erit.

168 2280 225 2317 Et
245 2294 294 2317 ea
315 2279 409 2323 fuit,
433 2293 507 2317 nec
529 2280 624 2325 alia,
648 2280 830 2317 Luscinii
852 2294 979 2318 causa
1000 2281 1081 2318 huc
1110 2281 1413 2330 peregrinandi.
1475 2281 1554 2327 Qui
1579 2294 1677 2319 sane
1701 2297 1736 2327 15

113 2335 229 2372 nullo
274 2339 464 2384 tempore
509 2336 641 2383 magis
684 2336 929 2384 importuno
973 2337 1114 2373 venire
1155 2338 1310 2385 potuit,
1354 2349 1438 2385 quo
1482 2337 1677 2373 vniuorsa

114 2389 327 2427 tumultus
355 2394 398 2427 et
426 2389 644 2427 seditionis
671 2394 772 2427 sunt
802 2390 938 2439 plena.
1000 2391 1094 2440 lpse
1126 2397 1271 2428 autem
1304 2391 1518 2439 Fuggcrus
1549 2404 1675 2439 quani

113 2444 295 2492 indignis
323 2448 533 2482 tractetur
564 2445 711 2490 modis,
740 2445 852 2482 malo
881 2458 932 2482 ex
965 2446 1056 2495 ipso
1087 2445 1282 2483 Luscinio
1314 2446 1545 2495 intelligas:
1580 2458 1675 2482 nam

114 2499 156 2536 id
177 2512 242 2536 me
265 2498 427 2536 calamo
450 2500 644 2549 prosequi
667 2499 799 2549 pudet
819 2500 1031 2549 pigetque.
1078 2501 1287 2538 Proximis
1310 2501 1463 2538 litteris
1486 2501 1562 2538 tibi
1584 2513 1675 2537 eam

678 2571 772 2601 2814.
803 2581 852 2608 19.
878 2572 1017 2602 ealomo
1034 2572 1116 2603 MS.

158 2654 254 2684 2814.
283 2664 309 2684 1.
337 2653 482 2691 litt-eris]
503 2654 574 2684 Not
593 2658 736 2684 extant.
930 2655 975 2685 lio
1006 2655 1079 2685 had
1112 2655 1200 2685 been
1236 2655 1423 2693 unwilling
1456 2659 1493 2685 lo
1524 2655 1570 2684 do
1604 2655 1677 2685 this

157 2700 189 2727 (i.
224 2697 485 2737 praebendum}
519 2698 595 2727 'l'lie
630 2698 791 2737 prebcnd
825 2699 862 2728 of
931 2699 1084 2728 because
1125 2700 1169 2728 lie
1208 2699 1278 2728 lind
1324 2699 1548 2728 understood
1593 2699 1673 2728 that

115 2742 166 2772 St.
195 2741 353 2771 Maurivo
378 2745 418 2771 at
447 2742 652 2781 Augsburg.
705 2742 747 2771 ln
779 2751 857 2780 1531
931 2743 1334 2780 Lusoiniusbadan-011
1353 2743 1491 2772 ot'fmiw
1512 2748 1549 2771 to
1574 2742 1675 2771 ieras-

114 2785 243 2815 cnon-r
268 2785 450 2815 mentions
475 2786 559 2815 that
586 2786 777 2815 Lus-einins
801 2786 859 2815 de-
930 2797 1022 2821 mus,
1044 2787 1124 2816 who
1146 2787 1217 2815 lind
1240 2787 1445 2825 thereupon
1468 2785 1674 2815 intvrcvdvd

114 2829 208 2859 sirml
227 2832 265 2859 to
285 2829 435 2859 ειη-θοαὶ
458 2829 572 2859 Krotz
592 2833 631 2859 at.
654 2829 858 2867 Angsburg.
928 2841 974 2860 on
1008 2831 1062 2859 his
1096 2830 1228 2859 belinlf.
1295 2831 1465 2859 lii-asinus
1497 2839 1676 2868 supposes

114 2883 172 2903 seo
191 2873 256 2912 Ep.
275 2882 370 2911 2437.
390 2882 467 2911 3011.
503 2873 544 2902 In
567 2873 632 2912 Ep.
647 2874 741 2902 2818.
755 2878 857 2912 45⁴01
930 2874 1010 2904 tlmt
1028 2874 1229 2904 huss-iuius·
1245 2874 1359 2903 ‹11=.<i1·‹=
1373 2874 1457 2902 fni-21
1472 2873 1674 2902 reconcilia-

116 2917 291 2946 Erasnms
311 2916 393 2946 tells
415 2916 589 2946 Bonifmw
610 2917 695 2946 that
722 2917 862 2956 Fuggol·
929 2919 1005 2947 tion
1039 2928 1112 2947 was
1144 2917 1340 2957 pronipiml
1376 2916 1509 2955 invi-ely
1541 2917 1589 2956 l‘y
1622 2917 1675 2946 his

116 2960 180 2990 lias
208 2960 407 2990 continued
435 2960 636 2990 Luscinius’
665 2961 861 3001 pension—
927 2962 1079 3001 nnxiety
1096 2962 1211 2991 about
1231 2962 1291 2990 tlw
1310 2961 1473 3000 pension.
