1966 3379
128 124 251 175 2846]
622 119 694 159 TO
724 118 952 158 DAMIAN
982 118 1018 156 A
1049 116 1189 156 GOES
1608 115 1686 152 275

127 227 234 278 παρὰ
247 226 419 265 πάντων.
469 225 671 264 Curaram
688 227 832 262 autem
850 236 901 261 ne
918 222 1020 272 quid
1036 221 1096 259 illi
1112 224 1256 271 posset
1273 220 1426 258 deesse.
1474 219 1687 269 Oppidum

129 283 180 320 de
215 295 299 332 quo
334 281 414 319 tibi
443 284 663 318 narratum
695 283 771 323 est,
803 277 1024 316 Germanis
1054 276 1210 313 dicitur
1240 274 1478 312 Schiltach:
1511 274 1634 311 abest
1663 287 1688 311 a

129 337 334 386 Friburgo
356 339 452 373 octo
473 334 660 372 millibus
677 332 936 371 Germanicis
952 331 1057 368 bene
1074 330 1259 379 magnis:
1293 329 1344 366 de
1366 341 1450 377 quo
1471 341 1524 365 an
1546 329 1689 365 omnia

129 404 231 429 vera
252 391 337 428 sint
358 402 466 439 quae
487 388 615 438 vulgo
636 389 863 431 iactantur,
885 398 970 423 non
991 385 1126 422 ausim
1148 384 1368 421 affirmare.
1431 382 1542 419 Illud
1564 383 1689 419 nimis

129 457 276 483 verum
291 448 368 489 est,
384 447 525 481 totum
539 442 682 480 subito
695 441 986 490 conflagrasse,
1001 439 1219 477 mulierem
1235 437 1468 475 confessam
1484 436 1689 486 supplicio

129 500 340 538 affectam.
400 497 683 546 Conflagratio
704 496 858 534 accidit
879 498 1034 544 quarto
1062 493 1165 530 Idus
1190 492 1358 542 Aprilis,
1381 492 1454 540 qui
1481 491 1570 528 dies
1597 494 1690 528 erat

130 554 245 592 Iouis
280 557 380 591 ante
413 552 588 597 Pascha,
625 563 738 588 anno
771 563 796 587 a
826 549 995 587 Christo
1029 559 1152 598 passo
1188 557 1445 584 M.D.XXX111.
1506 544 1688 590 Quidam

129 609 218 646 eius
244 607 390 658 oppidi
417 607 530 644 ciues
555 605 670 656 apud
698 605 823 642 huius
853 603 969 641 vrbis
996 603 1295 652 magistratum
1324 613 1410 637 rem
1439 601 1499 636 ita
1526 604 1689 648 gestam

129 675 205 713 pro
240 665 457 712 comperto
491 663 734 704 narrarunt,
765 656 1125 708 quemadmodum
1162 655 1265 693 mihi
1297 654 1445 692 retulit
1480 654 1689 691 Henricus

128 716 376 761 Glareanus,
407 720 616 765 quantum
647 714 884 751 meminisse
915 724 1109 762 possum:
1147 710 1339 747 Daemon
1369 708 1492 746 sibilo
1524 709 1689 757 signum

128 771 259 816 dedit,
298 784 320 808 e
360 770 545 820 quadam
585 769 753 806 aedium
794 771 940 817 parte3
991 778 1128 815 caupo
1168 765 1386 814 suspicans
1425 776 1513 800 esse
1554 762 1689 799 furem

128 825 332 870 ascendit,
363 825 574 862 neminem
604 823 771 873 reperit.
832 821 913 859 Sed
943 820 1054 858 idem
1085 821 1250 869 signum
1281 831 1426 855 rursus
1458 830 1509 855 ex
1541 816 1690 854 altiore

129 879 358 918 coenaculo
385 878 600 917 redditum
626 881 702 915 est.
763 877 820 914 Et
845 875 925 913 huc
954 874 1199 912 conscendit
1225 885 1361 922 caupo
1388 872 1525 909 furem
1554 883 1688 921 perse-

129 947 274 984 quens.
334 933 474 980 Quum
495 945 571 970 nec
593 932 675 969 illic
697 932 921 981 quisquam
950 932 1186 979 appareret,
1209 927 1356 965 sibilus
1381 927 1553 964 auditus
1581 929 1645 963 est
1669 938 1691 962 e

128 989 299 1038 fastigio
319 988 501 1026 fumarii.
545 986 648 1024 Ilico
666 986 808 1035 tetigit
824 985 1028 1034 cauponis
1045 984 1248 1027 animum,
1263 995 1351 1020 esse
1368 981 1690 1019 daemoniacum

129 1043 333 1093 quiddam
351 1056 357 1080 :
389 1042 509 1080 iubet
530 1054 627 1079 suos
646 1053 734 1078 esse
752 1040 963 1090 praesenti
982 1039 1137 1076 animo.
1178 1037 1314 1075 Acciti
1336 1040 1436 1073 sunt
1452 1035 1692 1072 sacerdotes

129 1098 227 1143 duo,
256 1097 475 1135 adhibitus
502 1096 772 1134 exorcismus,
833 1093 1072 1144 Respondit
1099 1105 1142 1130 se
1170 1104 1259 1129 esse
1284 1091 1546 1128 daemonem.
1607 1089 1690 1126 Ro-

128 1157 253 1202 gatus
270 1152 373 1201 quid
394 1151 476 1189 illic
499 1154 655 1200 ageret,
672 1151 733 1187 ait
755 1162 798 1186 se
816 1148 924 1186 velle
940 1160 1115 1185 exurere
1131 1147 1348 1197 oppidum.
1393 1143 1692 1182 Minitantibus

129 1206 337 1251 sacrificis,
361 1205 579 1256 respondit
601 1218 642 1242 se
664 1217 739 1254 pro
761 1203 892 1241 nihilo
913 1203 1065 1240 ducere
1086 1202 1222 1239 minas
1245 1201 1426 1245 illorum,
1449 1199 1563 1248 quod
1584 1198 1693 1235 alter

128 1265 239 1298 esset
269 1265 493 1305 scortator,
522 1264 701 1308 vterque
731 1258 811 1296 fur.
871 1257 1104 1306 Aliquanto
1135 1260 1246 1306 post,
1278 1253 1570 1292 mulierculam
1601 1254 1691 1302 qui-

128 1328 223 1353 cum
246 1315 455 1353 habuerat
482 1313 832 1352 consuetudinem
858 1313 978 1350 annis
1006 1310 1343 1360 quatuordecim,
1366 1321 1497 1358 quum
1524 1308 1692 1345 interim

128 1370 200 1408 illa
228 1370 458 1419 quotannis
488 1374 532 1406 et
559 1368 833 1406 confiteretur
863 1370 907 1404 et
936 1367 1147 1416 acciperet
1175 1365 1491 1404 eucharistiam,
1518 1361 1693 1400 sustulit

128 1426 169 1462 in
191 1437 343 1469 aerem,
366 1424 654 1474 imposuitque
678 1422 848 1460 furnarii
872 1421 1053 1471 fastigio.
1114 1419 1309 1457 Tradidit
1333 1418 1475 1459 ollam,
1499 1418 1620 1454 iussit
1645 1420 1694 1453 vt

128 1480 371 1517 inuerteret.
432 1479 630 1521 Inuertit,
663 1481 707 1514 et
746 1478 858 1514 intra
893 1476 1039 1513 horam
1076 1479 1216 1513 totum
1253 1473 1457 1523 oppidum
1492 1475 1693 1509 exustum

128 1538 205 1572 est.
257 1534 321 1571 An
343 1533 523 1570 daemon
544 1532 789 1581 indignatus
810 1531 864 1569 ob
885 1530 1107 1568 inductum
1129 1529 1305 1566 riualem
1323 1528 1525 1577 cauponis
1545 1526 1692 1571 filium,

127 1592 170 1626 et
192 1588 397 1638 oppidum
418 1587 662 1637 perdiderit,
680 1591 723 1624 et
740 1586 957 1623 mulierem
974 1584 1222 1635 prodiderit,
1241 1587 1404 1620 certum
1422 1594 1506 1619 non
1522 1581 1668 1618 audiui
1685 1594 1691 1618 :

128 1656 213 1681 non
234 1647 299 1680 est
320 1647 465 1681 tamen
486 1643 574 1679 veri
595 1641 808 1678 dissimile.
860 1640 999 1677 Huius
1020 1639 1125 1676 facti
1146 1639 1272 1676 vicini
1294 1642 1383 1674 tam
1406 1640 1607 1674 constans
1628 1640 1693 1673 est

128 1698 244 1735 fama
265 1702 314 1734 vt
337 1697 484 1735 fictum
507 1696 639 1733 videri
667 1708 749 1733 non
775 1699 917 1744 queat.
970 1694 1183 1731 Feruntur
1204 1697 1247 1730 et
1267 1692 1351 1730 alia
1374 1691 1497 1728 huius
1517 1691 1691 1740 generis,

128 1752 200 1790 sed
222 1765 308 1790 non
329 1751 433 1789 libet
452 1764 575 1789 aures
596 1755 692 1788 tuas
714 1750 829 1799 vulgi
850 1749 1008 1787 fabulis
1030 1748 1243 1786 remorari.

184 1806 429 1845 Bonifacius
467 1805 772 1843 Amerbachius
813 1804 944 1842 habet
983 1803 1209 1853 epistolam
1250 1807 1382 1840 tuam.
1448 1801 1574 1838 Hunc
1615 1799 1694 1837 tibi

128 1861 329 1911 polliceor
350 1864 619 1899 constantem
637 1864 680 1897 et
695 1863 949 1910 perpetuum
968 1859 1165 1902 amicum,
1184 1862 1313 1906 atque
1329 1856 1434 1893 adeo
1451 1856 1693 1892 minist-rum

129 1916 296 1954 fidelem
324 1917 447 1953 iuxta
473 1928 522 1953 ac
549 1915 797 1964 diligentem
825 1914 859 1951 si
886 1913 990 1963 quid
1019 1925 1093 1962 per
1123 1925 1219 1950 eum
1250 1911 1338 1949 fieri
1365 1910 1493 1948 voles.
1554 1909 1693 1947 Vnum

129 1971 252 2016 hunc,
272 1975 320 2008 vt
335 1983 533 2020 praesens
554 1969 745 2007 dicebam
768 1969 992 2019 praesenti,
1010 1967 1142 2005 habet
1157 1966 1384 2004 Germania
1401 1978 1497 2002 vere
1518 1977 1693 2002 aureum

128 2038 177 2063 ac
197 2038 449 2075 gemmeum.
471 2028 548 2062 aut
569 2025 603 2061 si
623 2024 725 2073 quid
747 2024 810 2061 his
837 2027 902 2060 est
926 2022 1166 2072 preciosius.
1228 2021 1343 2058 Talis
1370 2023 1515 2057 autem
1543 2019 1695 2068 ingenii

128 2080 183 2117 ad
216 2079 453 2129 quamlibet
484 2080 693 2129 preciosas
726 2092 825 2128 opes
858 2077 978 2115 nulla
1008 2081 1074 2115 est
1113 2076 1390 2126 comparatio.
1449 2074 1514 2111 An
1550 2078 1694 2111 tamen

128 2134 327 2172 Germani
344 2135 512 2171 nomine
529 2134 686 2170 censeri
704 2133 858 2171 debeat
874 2133 1031 2182 ignoro,
1049 2135 1162 2169 certe
1179 2130 1413 2168 Glareanus
1430 2142 1513 2166 non
1531 2132 1692 2178 patere-

129 2194 211 2227 tur.
256 2189 549 2226 Rauracorum
570 2192 635 2225 est
658 2188 834 2231 Basilea,
852 2191 896 2224 et
918 2187 1047 2224 habet
1068 2199 1118 2224 ea
1139 2187 1291 2223 ciuitas
1313 2184 1535 2235 peculiaris
1557 2183 1692 2220 cuius-

129 2244 227 2281 dam
256 2243 476 2281 ciuilitatis
503 2255 587 2280 non
617 2242 796 2280 obscura
824 2243 1002 2291 vestigia
1028 2254 1049 2278 e
1077 2240 1249 2290 Synodo
1277 2238 1505 2276 vniuersali
1534 2237 1692 2281 relicta,

129 2311 236 2348 quae
258 2298 341 2335 illic
363 2297 539 2335 sedecim
562 2297 684 2334 annis
705 2297 878 2334 durasse
899 2296 1045 2333 fertur.
1107 2295 1295 2333 Efficiam
1318 2298 1462 2331 autem
1486 2297 1533 2330 vt
1555 2292 1694 2342 plures

128 2357 172 2391 et
192 2354 336 2390 norint
356 2356 400 2390 et
419 2356 566 2389 ament
588 2352 857 2395 Damianum,
880 2350 993 2400 quod
1015 2349 1117 2387 mihi
1139 2350 1298 2387 bonum
1321 2349 1401 2386 erit
1425 2352 1556 2397 atque
1584 2359 1693 2383 com-

128 2407 316 2452 modum,
332 2408 488 2456 quippe
503 2407 671 2455 quinon
687 2406 885 2443 mediocri
899 2406 1081 2443 nominis
1095 2406 1175 2441 mei
1192 2404 1415 2441 lucrosum
1430 2402 1470 2439 id
1490 2402 1692 2439 facturus,

130 2462 234 2500 Tam
266 2461 533 2511 splendidum
566 2474 720 2498 munus
751 2460 864 2497 vltro
898 2460 951 2497 ab
988 2459 1265 2497 inuictissimo
1302 2458 1546 2495 Lusitaniae
1578 2456 1693 2503 Rege

129 2516 322 2554 oblatum
353 2529 403 2553 ex
434 2516 576 2553 animo
609 2516 687 2552 tibi
721 2515 925 2563 gratulor,
957 2519 1087 2563 atque
1120 2518 1167 2550 vt
1201 2513 1389 2549 faustum
1421 2511 1607 2559 felixque
1639 2510 1694 2546 sit

128 2583 287 2620 precor.
342 2570 384 2608 Si
406 2570 578 2620 quando
599 2570 795 2607 inciderit
815 2570 1097 2619 oportunitas,
1121 2581 1221 2617 rogo
1241 2580 1416 2604 excuses
1439 2566 1552 2603 illam
1576 2577 1692 2614 prae-

128 2625 332 2663 fationem
354 2638 491 2662 meam
514 2626 555 2662 in
572 2624 937 2674 Chrysostomum.
998 2624 1125 2661 Eram
1147 2622 1293 2659 multis
1315 2621 1454 2658 verbis
1471 2620 1695 2667 diligenter

127 2681 376 2721 instructus,
408 2692 432 2716 a
468 2679 674 2716 Lusitano
708 2679 908 2729 quodam,
941 2678 1013 2715 sed
1049 2678 1260 2715 mendose.
1322 2676 1401 2713 Hic
1436 2687 1557 2711 casus
1593 2672 1693 2709 inihi

176 2766 245 2795 125.
273 2742 479 2794 narratum]
512 2756 677 2795 Nothing
699 2756 728 2787 is
745 2755 823 2787 said
840 2757 877 2786 of
993 2757 1064 2785 161.
1090 2754 1252 2795 Synodo]
1274 2756 1433 2793 1436230.

128 2801 202 2832 this
228 2802 263 2831 in
287 2801 356 2841 Ep.
375 2802 472 2831 2826.
514 2800 585 2831 For
601 2800 758 2831 another
774 2804 878 2840 story
993 2800 1110 2838 167-8.
1137 2798 1418 2838 praefationem]
1434 2797 1497 2827 See
1511 2795 1580 2834 Ep.
1601 2796 1692 2824 1800.

127 2846 165 2876 of
189 2844 396 2875 witchcraft
419 2845 457 2875 in
479 2855 500 2875 a
522 2844 788 2884 neighbouring
813 2844 877 2874 vil·
994 2846 1063 2879 169.
1091 2843 1268 2873 Lusitano
1284 2841 1460 2881 quodam]
1478 2840 1553 2869 Tlu·
1571 2849 1695 2877 young

128 2889 207 2929 lage
225 2899 282 2919 see
300 2889 368 2928 Ep.
388 2889 483 2918 2880.
504 2888 621 2927 28—34.
947 2887 1174 2925 Portuguese
1206 2886 1287 2915 wlio
1322 2884 1490 2924 supplied
1524 2883 1693 2912 informa-

176 2941 247 2971 153.
273 2931 482 2971 epistolam]
515 2932 660 2962 Extant
691 2935 727 2962 at
759 2931 875 2965 Basle,
947 2931 1024 2960 tion
1043 2931 1098 2960 for
1116 2930 1291 2959 Erasinus
1312 2929 1339 2958 is
1360 2929 1422 2958 the
1446 2927 1573 2957 doctor
1596 2936 1692 2955 nien-

130 2976 201 3007 MS.
221 2975 262 3006 G.
282 2975 331 3006 ΙΙ.
354 2985 403 3015 17,
423 2975 445 3006 f.
465 2984 540 3015 317.
947 2974 1072 3004 tioned
1090 2974 1125 3004 in
1145 2974 1214 3013 Ep.
1237 2973 1328 3012 1733-
1349 2981 1442 3010 ,zi—4.

1711 281 1769 311 125

1711 553 1771 583 130

1713 825 1772 855 135

1714 1098 1774 1128 140

1715 1369 1775 1401 145

1715 1645 1777 1675 150

1716 1921 1776 1950 155

1718 2191 1778 2219 160
