1966 3379
170 128 290 177 2867]
625 125 696 164 ΤΟ
727 125 970 164 FRANCIS
1002 125 1279 164 RUPILIUS
1656 125 1731 162 301

168 231 250 269 fide
271 231 493 282 polliceor3
527 232 561 269 si
583 230 684 280 quid
705 231 898 268 extiterit
916 231 957 267 in
975 242 1058 278 quo
1080 230 1264 278 requires
1282 230 1463 267 officium
1486 242 1638 274 meum,
1657 234 1733 268 aut
1756 242 1794 264 10

167 290 216 323 vt
236 299 321 323 non
343 287 543 335 requiras,
567 285 638 322 vbi
660 298 723 322 res
744 286 835 334 ipsa
857 284 1093 334 postulabit
1115 285 1236 321 amici
1259 288 1413 333 partes.

222 340 325 377 Mihi
356 341 439 377 iam
470 341 646 377 nimium
678 340 828 384 viuaci,
860 351 972 376 mors
1004 338 1227 387 plerosque
1258 339 1414 375 amicos
1445 339 1620 383 ademit,·
1648 352 1731 377 non

168 395 329 432 Romae
351 398 536 439 tantum,
563 395 635 431 sed
664 395 705 431 in
734 393 897 442 Anglia,
921 392 1070 437 Gallia,
1094 392 1332 438 Germania,
1355 397 1398 430 et
1428 393 1603 430 Polonia
1629 406 1730 442 quo-

165 462 258 498 que.
302 449 415 486 Illud
436 450 564 497 igitur
585 449 686 485 mihi
708 451 951 498 pergratum
974 448 1065 491 erit,
1089 447 1311 496 siquando
1333 447 1564 496 significare
1587 447 1728 496 digna-

165 504 274 541 beris
305 504 407 552 quid
440 504 601 540 Romae
631 507 815 552 geratur,
838 502 964 539 modo
990 502 1045 538 sit
1069 501 1229 550 aliquid
1255 502 1343 538 eius
1373 503 1533 551 generis
1555 506 1603 538 vt
1634 507 1730 539 tuto
1753 513 1790 542 15

166 558 299 595 literis
327 559 538 595 committi
566 562 707 606 queat.
767 556 883 602 Quae
911 556 1057 593 scribis
1085 556 1135 593 de
1165 556 1463 605 benignissimo
1486 556 1730 594 Moecenate

164 617 239 650 tuo
262 613 580 661 Paungartnero
602 612 704 649 mihi
726 624 915 649 summae
937 610 1053 648 fuere
1070 611 1299 660 voluptati,
1317 623 1400 648 non
1423 611 1476 647 ob
1495 611 1535 647 id
1559 616 1729 648 tantum

163 667 277 716 quod
299 667 480 704 hominis
505 667 747 704 amicissimi
775 665 1009 704 commodis
1036 678 1120 702 non
1151 666 1290 702 minus
1320 678 1368 702 ac
1400 666 1501 702 meis
1532 665 1727 710 delecter,

164 722 443 759 verumetiam
465 721 579 770 quod
601 721 703 758 mihi
726 720 846 758 velut
867 720 1219 757 commentarium
1237 721 1422 769 suggeris
1443 720 1498 757 ad
1515 720 1726 757 illustran-

162 776 260 813 dam
296 776 408 813 illius
442 776 642 825 gloriam:
687 788 816 824 quam
848 775 979 824 ipsius
1011 774 1182 823 quidem
1215 774 1424 812 modestia
1457 787 1727 823 nequaquam
1750 794 1789 814 20

161 831 309 876 ambit,
332 832 428 875 scio,
452 830 525 867 sed
547 830 602 867 ad
624 830 755 868 bonos
777 842 912 867 mores
933 829 1133 866 conducit
1161 829 1405 878 publicitus,
1428 829 1728 866 excellentium

161 886 348 922 virorum
371 886 554 922 virtutes
584 897 668 922 non
698 884 809 929 abdi,
838 883 911 921 sed
941 883 996 921 ad
1026 884 1311 921 imitationem
1342 885 1382 921 in
1414 884 1585 920 theatro
1616 884 1728 921 orbis

160 940 350 989 proponi.
412 940 584 977 Vtinam
614 943 759 976 autem
790 938 844 976 ad
875 938 917 975 id
948 938 1253 988 praestandum
1282 942 1485 988 suppetat
1513 938 1615 975 mihi
1637 951 1726 975 ora-

161 995 288 1031 tionis
315 994 511 1039 facultas,
541 998 747 1044 quantam
775 993 887 1030 illius
915 994 1137 1042 requirunt
1163 993 1326 1038 merita,
1356 997 1651 1042 quantamque
1680 998 1727 1030 tu

159 1048 351 1086 fortassis
381 1049 527 1086 adesse
558 1048 703 1086 credis.
764 1047 991 1096 Vtcunque
1023 1047 1064 1084 id
1094 1051 1171 1092 est,
1195 1047 1381 1085 conabor
1412 1052 1568 1092 tamen,
1600 1048 1727 1097 idque
1748 1066 1786 1095 25

160 1103 289 1148 breui,
311 1103 484 1141 fauente
505 1103 684 1141 Christo.
735 1101 827 1147 Sed,
851 1102 953 1139 heus
975 1106 1035 1147 tu,
1058 1103 1100 1139 in
1122 1101 1200 1139 hoc
1222 1115 1390 1151 quoque
1413 1106 1532 1139 tuam
1554 1115 1727 1151 operam

158 1158 259 1195 mihi
283 1158 523 1195 commodes
548 1161 730 1208 oportet,
754 1161 803 1194 vt
831 1157 985 1194 efficias
1011 1170 1062 1194 ne
1092 1169 1185 1194 mea
1207 1156 1412 1194 sedulitas
1435 1156 1626 1194 offendat
1647 1158 1727 1194 viri

158 1212 476 1262 prudentissimi
504 1213 768 1250 modestiam.
830 1211 886 1248 Vt
913 1211 990 1249 hoc
1015 1211 1215 1248 auderem
1243 1211 1525 1261 complurium
1548 1211 1725 1249 hortatu

158 1280 250 1304 sum
273 1268 501 1313 animatus,
525 1268 597 1304 sed
619 1267 841 1316 praecipue
871 1266 991 1311 Zasii,
1021 1267 1139 1303 cuius
1165 1266 1445 1303 autoritatem
1468 1267 1509 1304 in
1530 1266 1726 1303 omnibus

156 1334 239 1359 non
261 1322 385 1359 aliter
406 1335 534 1371 quam
563 1321 781 1359 oraculum
810 1322 928 1370 sequi
957 1321 1083 1358 soleo.
1144 1320 1326 1358 Libebat
1354 1321 1537 1370 quidem⁷
1566 1325 1613 1358 at
1640 1333 1725 1358 non
1746 1338 1786 1368 30

157 1377 354 1421 vacabat,
378 1378 419 1413 in
448 1377 686 1426 praesentia
713 1376 906 1426 pluribus
936 1380 1089 1413 tecum.
1151 1375 1267 1421 Vale,
1291 1379 1334 1413 et
1362 1375 1523 1425 Legum
1547 1376 1579 1413 si
1601 1375 1725 1413 isthic

157 1431 279 1468 adest
301 1432 403 1468 meis
424 1431 565 1469 saluta
583 1431 734 1468 verbis.

210 1486 372 1523 Datum
403 1485 518 1536 apud
550 1486 802 1535 Friburgum
835 1485 1050 1535 Brisgoiae
1079 1485 1150 1522 viii
1182 1485 1249 1522 die
1280 1486 1434 1523 mensis
1465 1484 1726 1535 Septembris

153 1551 410 1578 M.D.XXX111.

208 1594 249 1632 Si
272 1595 413 1645 placet
434 1594 684 1644 αὐτογραφία
706 1608 757 1632 ne
779 1595 969 1633 offendat
990 1594 1259 1644 κακογραφία.
1311 1594 1376 1633 Sic
1400 1608 1505 1633 sum.
1561 1595 1626 1632 Me
1649 1598 1724 1632 tua
1745 1607 1785 1638 35

152 1649 436 1699 μακρογραφία
458 1663 677 1700 nunquam
700 1650 899 1688 offendet.

605 1881 733 1918 2868.
799 1878 866 1918 To
898 1877 1029 1918 JOHN
1064 1877 1271 1918 CHOLER.

200 1967 349 2001 Pentas
369 1967 644 2012 Epistolarum
664 1979 702 2012 p.
725 1979 744 2011 3
766 1968 839 2011 (P).
1358 1968 1563 2012 Freiburg.

1267 2028 1289 2058 9
1309 2016 1545 2061 September
1567 2028 1672 2061 1533.

195 2084 298 2121 [This
322 2084 432 2115 letter
457 2085 485 2114 is
511 2084 657 2124 printed
684 2085 719 2115 in
746 2085 877 2116 Penta&
900 2085 1149 2125 Epz'stolarum
1174 2085 1351 2116 clarorum
1373 2085 1532 2115 virorum
1554 2085 1722 2116 hactenus

149 2128 308 2158 nondum
333 2128 522 2163 editarum,
548 2139 569 2158 a
594 2128 740 2159 volume
767 2129 961 2169 published
988 2129 1043 2159 for
1063 2129 1127 2159 the
1151 2128 1358 2159 Solemzitas
1380 2129 1572 2159 Ioannalis
1593 2130 1631 2159 of
1658 2130 1721 2160 the

148 2171 391 2211 Gymnasium
408 2176 447 2202 at
465 2172 562 2207 Uhn,
581 2173 789 2204 celebrated
811 2183 858 2203 on
881 2173 1043 2212 Sunday,
1064 2182 1102 2212 24
1120 2173 1218 2203 June
1240 2174 1332 2212 1798.
1381 2173 1458 2203 The
1476 2173 1627 2213 original
1647 2184 1721 2203 was

148 2219 214 2246 not
236 2216 422 2246 Erafflnus'
445 2216 667 2256 autograph,
691 2217 759 2247 but
783 2227 804 2247 a
824 2227 919 2257 copy
940 2217 1047 2247 made
1068 2217 1117 2256 by
1134 2217 1264 2247 Choler
1280 2216 1353 2247 and
1371 2217 1589 2247 afterwards
1606 2227 1718 2247 anno-

147 2259 252 2289 tated
271 2260 319 2298 by
335 2260 479 2290 Conrad
497 2260 706 2300 Peutinger.

193 2303 269 2333 The
287 2303 374 2334 date
392 2304 421 2333 is
438 2303 638 2334 confirmed
656 2304 704 2344 by
722 2305 784 2335 the
803 2305 985 2335 reference
1004 2309 1042 2335 to
1061 2305 1124 2335 the
1143 2305 1245 2335 Liber
1266 2305 1306 2335 de
1329 2305 1503 2335 Ecclesiae
1520 2305 1717 2338 concordia.

147 2346 184 2377 of
201 2347 319 2377 which
338 2347 514 2378 Erasmus
528 2357 601 2378 was
615 2347 712 2388 daily
726 2349 923 2389 expecting
936 2349 999 2379 the
1014 2349 1242 2389 publication
1257 2359 1303 2379 on
1323 2358 1359 2388 31
1378 2350 1470 2389 Aug.
1487 2349 1571 2389 (Ep.
1592 2349 1718 2387 2865).]

326 2418 524 2444 ERASMVS
551 2418 607 2444 AD
630 2419 685 2445 10.
710 2419 930 2453 COLERVM,
954 2420 1258 2446 PRAEPOSITVM
1285 2419 1552 2446 CVRIENSEM.

203 2477 241 2516 S.
263 2479 306 2516 P.
359 2479 610 2528 Pergratum
642 2483 706 2516 est
737 2480 849 2528 quod
883 2480 1043 2530 Rupilii
1075 2480 1373 2517 verecundiam
1406 2481 1611 2517 instantia
1643 2484 1718 2517 tua

147 2534 414 2583 expugnaris,
449 2537 498 2570 vt
534 2533 588 2570 ad
621 2546 686 2571 me
720 2535 945 2577 scriberet;
987 2534 1157 2572 videtur
1189 2536 1299 2572 enim
1333 2547 1420 2571 esse
1454 2535 1518 2571 vir
1551 2535 1715 2579 doctus,

148 2587 365 2625 modestus
393 2601 441 2625 ac
470 2588 666 2637 prudens.
728 2589 942 2626 Instruxit
968 2602 1032 2627 me
1057 2589 1205 2627 multis
1230 2590 1490 2639 argumentis
1518 2589 1572 2626 ad
1603 2589 1715 2626 illus-

147 2642 349 2680 trandum
390 2643 540 2692 optimi
581 2643 659 2679 viri
700 2656 866 2689 nomen,
903 2645 974 2681 scd
1012 2644 1181 2682 breuius
1217 2657 1345 2693 quam
1383 2644 1547 2688 vellem,
1584 2648 1632 2681 vt
1667 2648 1714 2681 tu

147 2697 354 2747 suppleris
377 2697 515 2734 velim.
576 2697 709 2747 Cupio
735 2699 837 2736 scire
863 2712 948 2747 qua
976 2700 1031 2736 sit
1059 2699 1296 2743 nobilitate,
1319 2703 1363 2736 et
1391 2712 1476 2747 qua
1498 2699 1714 2735 occasione
1736 2715 1753 2745 5

147 2764 248 2801 opes
271 2752 382 2789 illius
410 2751 596 2789 familiae
624 2752 900 2797 dccreuerint,
929 2758 973 2791 ct
1000 2754 1155 2803 quibus
1186 2754 1450 2802 Principibus
1479 2754 1715 2790 inseruicrit

195 2840 291 2870 2868.
318 2851 348 2880 4.
375 2840 418 2870 In
438 2841 599 2881 margine
617 2841 845 2881 adscriptum
863 2846 919 2872 cst
937 2842 1148 2880 Pcutingcri
1167 2852 1300 2872 manu:
1327 2841 1455 2872 Ionnn.
1475 2841 1606 2871 scilicet
1631 2841 1669 2871 I’.

561 2961 656 2991 28137.
684 2971 735 3000 31.
764 2962 917 3003 Legum}
937 2962 1000 2993 Sec
1021 2963 1087 3003 Ep.
1109 2964 1203 3000 25‹›S.
1228 2972 1301 3000 1511.
