1966 3379
0 0 9 37 ll

148 188 269 237 2680]
550 185 709 224 FROM
738 184 971 224 JEROME
1003 183 1321 222 ALEANDER
1670 183 1721 219 53

148 295 224 331 (300
240 293 310 333 Ep.
332 300 427 330 1195,
446 300 487 331 47
501 291 566 329 n.).
615 291 718 330 They
735 294 812 321 met
834 290 870 320 in
891 289 1050 329 Cologne
1068 290 1104 319 in
1129 288 1339 319 November
1360 296 1442 326 1520
1461 288 1534 323 (see
1552 287 1620 325 Ep.
1640 296 1722 325 1155

149 337 313 373 introd.).
361 336 464 376 They
480 345 574 365 were
592 335 684 365 both
702 335 739 364 in
762 335 903 373 Bruges
923 334 1013 363 with
1037 333 1101 363 the
1122 333 1302 372 Emperor
1325 333 1361 362 in
1380 332 1527 371 August
1548 340 1626 369 1521
1649 332 1722 366 (see

148 381 245 421 Epp.
267 389 349 418 1223
368 379 516 415 introd.‚
539 388 633 417 1233.
656 387 713 417 171
730 379 793 414 n.).
845 377 949 417 They
972 381 1049 407 met
1071 377 1179 417 again
1203 380 1243 406 at
1264 375 1432 406 Brussels
1452 376 1487 404 in
1505 375 1723 413 September

150 432 228 462 1521
250 424 335 464 (Ep.
357 424 439 462 1238
459 423 610 456 introd.)
627 422 700 452 and
726 423 763 452 in
789 422 874 452 that
898 421 1031 451 month
1055 420 1130 451 and
1155 430 1242 457 year
1266 423 1377 459 spent
1401 418 1543 449 several
1568 418 1660 457 days
1686 419 1722 447 in

148 468 212 498 the
229 477 328 498 same
346 468 409 497 inn
426 471 466 497 at
484 467 650 497 Louvain
669 466 783 506 <Epp.
805 475 900 505 1244.
922 474 996 504 1-4,
1017 474 1113 504 1342.
1135 464 1306 501 100—10).]

760 552 900 578 EIDEM
923 551 1110 577 ERASMO.

202 613 371 652 SCRIPSI
389 613 442 650 ad
466 617 507 650 te
531 613 620 651 heri
636 612 832 663 pluscula
849 624 923 662 per
940 611 1130 649 Caesaris
1148 610 1395 648 tabellarios
1418 610 1459 646 in
1482 609 1720 658 responsio-

145 681 242 706 nem
263 681 409 705 earum
431 668 654 705 literarum
675 680 782 716 quas
803 666 955 704 Carolo
976 665 1031 704 ad
1053 678 1118 702 me
1141 665 1297 703 dedisti
1315 679 1321 710 3
1354 664 1581 714 sperabam
1609 664 1722 700 enim

145 735 196 761 ea
225 724 295 760 via
326 723 404 760 tibi
433 735 548 760 meas
579 723 705 759 citius
736 721 987 766 reddendas,
1017 733 1149 770 quum
1181 721 1406 770 presertim
1439 731 1524 756 non
1557 722 1720 755 certum

145 777 298 815 Carolo
320 782 430 815 esset
452 778 662 815 viseretne
684 778 801 826 prius
823 780 1024 826 parentes
1050 787 1179 824 quam
1209 775 1263 812 ad
1293 778 1335 811 tc
1366 774 1535 812 rediret,
1596 772 1722 810 Nunc

147 833 229 870 etsi
250 845 334 870 non
355 836 450 870 erat
471 832 585 881 quod
607 833 644 869 ei
666 831 829 880 aliquid
851 831 905 868 ad
935 835 976 868 te
1004 830 1228 867 literarum
1257 829 1417 874 darem,
1442 828 1545 865 haec
1575 832 1722 865 tamen
1742 846 1760 875 5

145 887 213 924 vel
230 887 414 936 paucula
431 887 613 924 scribere
630 886 760 932 volui,
779 890 873 924 tum
896 899 948 923 ne
966 885 1144 923 omnino
1160 897 1323 921 vacuus
1341 897 1365 921 a
1382 897 1449 921 me
1470 882 1721 927 discederet,

145 946 239 979 tum
267 946 317 979 vt
346 943 405 978 eis
433 954 514 991 que
545 941 624 979 tibi
656 954 750 979 meo
780 941 952 978 nomine
983 940 1153 985 referet,
1186 939 1312 976 fidem
1345 939 1537 976 haberes.
1598 937 1722 983 Quod

144 1000 289 1034 autem
308 996 523 1034 hominem
542 996 608 1033 hic
626 996 805 1034 biduum
822 996 1094 1039 detinuerim,
1109 994 1246 1031 fecere
1261 994 1436 1043 negocia
1452 1006 1504 1030 ex
1522 993 1720 1042 negociis,

144 1063 253 1100 quae
274 1063 340 1089 me
362 1051 554 1100 quotidie
575 1055 748 1088 tantum
772 1063 858 1088 non
880 1050 1084 1095 obruunt,
1102 1053 1146 1087 et
1167 1049 1269 1098 quia
1290 1048 1430 1086 multa
1448 1061 1556 1097 quae
1579 1060 1720 1097 spera-

145 1105 243 1143 bam
280 1118 346 1143 me
383 1107 644 1156 scripturum
685 1109 856 1143 mutata
898 1118 1011 1142 nunc
1052 1105 1270 1142 sententia
1311 1103 1571 1141 reseruanda
1611 1115 1721 1151 quae
1746 1120 1783 1140 10

144 1173 286 1198 coram
310 1160 490 1198 referam
512 1161 650 1198 tutius
672 1161 837 1210 putaui.
899 1160 1015 1198 Vale.

555 1295 746 1347 26812708
810 1292 877 1332 To
911 1291 1091 1332 POETRo
1125 1291 1308 1331 BEMBO.

194 1371 370 1405 Vatican
389 1371 471 1405 MS.
494 1372 708 1405 Barberini
729 1372 820 1405 Lat.
843 1372 951 1413 2158,
972 1371 1000 1405 f.
1025 1372 1091 1405 108
1112 1374 1176 1414 (a).
1439 1369 1646 1412 Freiburg.

194 1421 285 1455 Van
305 1422 502 1461 Heussen,
524 1421 576 1455 iv.
601 1432 691 1462 119:
721 1421 770 1454 de
789 1421 946 1454 Nolhac
967 1433 1005 1465 p.
1031 1429 1112 1464 127.
1400 1429 1419 1460 5
1439 1418 1541 1463 July
1565 1428 1670 1461 1532.

188 1504 261 1542 [An
283 1505 437 1545 original
460 1505 582 1542 letter,
600 1505 810 1545 autograph
835 1505 1066 1545 throughout
1081 1516 1088 1540 ;
1115 1504 1179 1535 the
1197 1503 1350 1534 address
1369 1504 1397 1533 is
1415 1503 1465 1543 by
1482 1513 1504 1533 a
1522 1506 1720 1542 secretary.

143 1549 260 1580 There
277 1549 306 1579 is
322 1559 344 1579 3
360 1559 455 1589 copy
473 1549 508 1579 in
527 1549 590 1580 the
607 1549 731 1580 Ghent
748 1549 821 1579 MS.
841 1558 926 1589 4793
952 1559 1011 1579 see
1028 1549 1098 1588 Ep.
1118 1558 1200 1579 2101
1222 1547 1358 1578 introd.
1407 1547 1596 1581 Erasmus,
1615 1547 1722 1576 when

143 1593 188 1623 he
213 1597 327 1623 wrote
350 1593 413 1623 the
436 1593 558 1629 letter,
580 1593 652 1623 had
677 1593 841 1623 received
865 1593 936 1633 Ep.
955 1595 1040 1632 2657
1059 1594 1133 1630 (300
1153 1592 1223 1632 Ep.
1244 1592 1365 1628 2082);
1392 1601 1431 1621 so
1450 1592 1535 1621 that
1553 1591 1597 1620 he
1616 1591 1721 1620 knew

144 1637 229 1667 that
254 1637 394 1668 Bembo
416 1637 489 1667 and
515 1637 656 1677 Viglius
676 1647 770 1667 were
792 1637 942 1677 already
963 1636 1199 1677 acquainted.
1249 1636 1326 1666 The
1355 1635 1443 1665 date
1467 1635 1496 1665 is
1521 1634 1722 1665 confirmed

142 1681 192 1721 by
209 1682 440 1721 comparison
457 1681 547 1711 with
565 1681 634 1721 Ep.
654 1681 766 1721 2708]

200 1740 412 1778 FORTVNA
434 1753 520 1779 non
543 1741 681 1778 solum
704 1742 827 1778 iuuat
849 1741 1046 1786 audaces
1070 1744 1119 1778 vt
1140 1744 1207 1778 est
1229 1741 1271 1777 in
1302 1739 1544 1789 prouerbio,
1569 1751 1719 1776 verum

143 1796 273 1833 etiam
295 1796 457 1833 timidis
479 1796 703 1833 audaciam
732 1796 994 1846 suppeditat.
1055 1795 1169 1833 Bene
1199 1795 1326 1833 cessit
1354 1794 1469 1843 quod
1498 1794 1578 1831 tibi
1607 1806 1718 1831 com-

143 1850 346 1888 mendaui
367 1850 567 1888 Carolum
594 1850 899 1896 Vtenhouium‚
927 1852 1123 1888 inuenem
1152 1850 1268 1900 apud
1294 1862 1393 1887 suos
1420 1849 1601 1886 honesto
1626 1848 1720 1886 loco

144 1904 343 1954 claroque
364 1918 528 1955 genere,
552 1906 625 1943 sed
647 1905 892 1943 litterarum
916 1918 991 1943 nec
1018 1905 1252 1943 admodum
1282 1904 1461 1942 diuitem
1493 1916 1568 1941 nec
1595 1903 1719 1941 valde

144 1960 359 2010 cupidum.
401 1960 525 1998 Nunc
544 1964 586 1998 te
609 1973 711 2010 rogo
728 1965 777 1998 vt
794 1974 846 1998 ne
862 1961 1052 2010 graueris
1070 1961 1246 2010 propius
1264 1959 1490 2009 aliquanto
1513 1959 1719 2008 inspicere
1740 1981 1757 2010 5

145 2014 345 2064 vigilium
378 2015 655 2053 Zuichemum
690 2016 932 2065 Phrysium,
964 2016 1037 2064 qui
1069 2016 1165 2053 istic
1199 2014 1389 2052 absoluit
1422 2014 1567 2051 studia
1603 2014 1718 2059 iuris,

145 2069 279 2107 Dolae
297 2074 341 2107 et
357 2070 473 2120 apud
491 2070 707 2120 Biturigas
725 2071 804 2108 sub
821 2071 977 2108 eximio
994 2071 1087 2108 viro
1104 2070 1276 2108 Andrea
1295 2069 1460 2106 Altiato
1477 2069 1719 2106 felicissime

143 2128 296 2174 coepta
317 2137 364 2162 ac
387 2125 696 2175 propemodum
721 2125 944 2171 absoluta;
978 2130 1153 2164 tantum
1182 2125 1305 2162 abest
1332 2124 1529 2172 κολοφών.
1591 2124 1641 2160 In
1670 2136 1720 2161 eo

145 2192 211 2217 me
232 2192 318 2217 non
339 2179 452 2217 fallit
473 2193 604 2226 amor,
623 2180 972 2230 quandoquidem
994 2182 1193 2218 iuuenem
1211 2179 1395 2217 antehac
1418 2180 1613 2228 ignotum
1633 2191 1717 2215 non

144 2235 261 2284 prius
283 2247 426 2272 amare
448 2236 567 2284 coepi
589 2248 719 2284 quam
741 2237 831 2285 cepi
854 2236 1051 2285 proprius
1073 2236 1364 2285 introspicere.
1427 2234 1535 2271 Mira
1561 2234 1717 2282 ingenii
1741 2255 1780 2276 10

143 2289 392 2334 dexteritas,
411 2290 569 2327 candor
587 2290 857 2328 incredibilis.
900 2290 984 2328 Tot
1001 2291 1133 2328 animi
1151 2290 1273 2327 dotes
1292 2291 1334 2326 in
1352 2302 1486 2326 vnum
1504 2289 1715 2338 congessit

145 2348 314 2389 natura,
333 2348 382 2382 vt
404 2345 619 2382 interdum
642 2349 833 2383 metuam
856 2345 969 2395 apud
988 2359 1054 2383 me
1072 2348 1148 2394 <110
1167 2346 1245 2394 sit>
1263 2344 1526 2394 μινυνθάδιος.
1569 2343 1719 2381 Solent

144 2400 256 2436 enim
279 2399 372 2436 fata
392 2400 601 2437 eiusmodi
623 2400 829 2438 miracula
851 2401 999 2438 ‘terris
1021 2405 1193 2438 tantum
1218 2400 1443 2437 ostendere
1462 2400 1482 2437 '.

201 2454 347 2491 Patria
377 2454 489 2492 illius
519 2454 651 2492 Como
683 2455 830 2493 dedita
862 2460 927 2493 est
961 2457 1095 2505 magis
1127 2468 1257 2505 quam
1291 2455 1494 2492 Minerue.
1556 2454 1717 2490 Tamen

144 2509 280 2558 gignit
310 2508 447 2546 solida
474 2510 652 2559 ingenia,
675 2523 869 2559 quaeque
899 2511 1133 2560 perdurent
1158 2523 1291 2559 Vsque
1320 2510 1374 2547 ad
1403 2510 1715 2547 maturitatem.
1742 2528 1780 2557 15

146 2563 421 2613 Rodolphum
444 2564 685 2614 Agricolam
709 2565 894 2603 arbitror
919 2566 1041 2603 vobis
1069 2579 1155 2603 non
1180 2578 1269 2603 esse
1296 2566 1503 2614 ignotum.
1564 2564 1654 2613 Ego
1683 2564 1717 2600 si

184 2651 280 2682 2681.
310 2661 359 2682 12.
379 2654 446 2689 <110
463 2653 532 2689 sit>
550 2654 778 2693 scripsimus,
797 2654 840 2693 cs.
861 2655 927 2694 Ep.
948 2653 1049 2693 2716.
1071 2662 1147 2692 125.
1189 2666 1229 2684 a:
1256 2652 1462 2686 συνανθάδιος
1481 2663 1507 2683 v.
1529 2652 1703 2682 chzsscn.

189 2739 285 2769 2680.
312 2749 342 2769 2.
368 2740 512 2777 Carolo]
548 2740 733 2781 Probably
767 2741 894 2772 Harst.
965 2742 1028 2772 the
1054 2741 1209 2772 Vatiean
1236 2741 1393 2781 libra1·y;
1422 2740 1466 2770 es.
1498 2740 1591 2779 Epp.
1619 2748 1717 2777 2144,

145 2782 262 2812 When
288 2783 464 2814 Erasmus
487 2784 553 2814 left
571 2785 737 2815 Louvain
757 2786 791 2815 in
815 2794 892 2823 1521
965 2795 1065 2821 2200.

146 2826 261 2857 Harst
285 2828 545 2867 aeeoinpanied
572 2829 646 2858 him
672 2834 710 2859 to
738 2829 897 2859 Coblenz
1014 2839 1063 2859 12.
1091 2827 1305 2869 μινυνθάδιος]
1339 2829 1403 2859 See
1430 2828 1472 2857 II.
1496 2836 1544 2865 15.
1564 2834 1644 2859 012:
1672 2826 1717 2855 vs.

144 2869 218 2900 and
235 2871 373 2901 carried
398 2871 527 2902 letters
548 2872 641 2903 back
660 2873 716 2903 for
733 2873 821 2909 him,
840 2883 898 2903 300
969 2873 1083 2913 Aday.
1104 2877 1200 2909 2000.

145 2913 215 2953 ΕΡ·
236 2924 329 2955 1342·
352 2916 467 2953 170-8.
1013 2927 1061 2956 13.
1089 2918 1196 2948 teri-is
1217 2942 1222 2947 .
1245 2941 1251 2947 .
1273 2941 1278 2947 .
1298 2915 1507 2952 ostenda-0]
1532 2914 1584 2944 Cf.
1613 2914 1716 2953 inq-g,

189 2958 285 2988 2681.
317 2968 342 2988 1.
373 2959 551 2997 Fortuna]
570 2960 683 2999 Adaq.
706 2970 777 3000 ¹45·
965 2962 1009 2992 A.
1029 2964 1060 2991 Ο.
1079 2962 1154 3000 870.

190 3011 263 3040 2-3.
290 3003 893 3044 tibicommendauijln1‹]p.2106,
1012 3014 1127 3045 14—15.
1154 3006 1265 3035 Como
1286 3029 1291 3034 .
1314 3029 1319 3034 .
1342 3029 1347 3034 .
1368 3002 1641 3038 maturitatem}
1663 3001 1717 3031 Cf.

145 3046 340 3084 preserved
367 3047 402 3076 in
430 3047 492 3078 the
519 3058 618 3078 331110
641 3048 830 3079 collection
855 3053 895 3079 111
964 3049 1033 3089 Ep.
1055 3051 1150 3088 2580.
1172 3059 1266 3088 21-74.
