1966 3379
188 113 308 162 2785]
641 113 799 152 FROM
830 113 1112 152 NicHoLAs
1144 114 1295 153 OLAH
1678 116 1750 152 187

187 216 367 263 Quando
389 217 478 254 Deo
499 217 628 254 dante
655 217 838 261 redieris,
861 230 913 254 ne
935 230 1117 260 vereare,
1142 217 1162 253 ὁ
1187 217 1327 265 λικμὸς
1355 221 1426 254 τοῦ
1452 218 1639 266 σώματός
1667 234 1751 262 σου,

188 276 236 308 vt
257 271 415 315 scribis,
433 272 513 308 erit
531 271 744 319 liber[um]
769 272 823 308 ab
845 271 955 316 aula,
975 273 1052 308 nisi
1075 277 1284 320 quantum
1308 277 1354 308 tu
1378 272 1516 313 voles:
1549 278 1591 310 et
1614 274 1655 309 in
1676 278 1752 309 tuo

188 325 375 374 hospicio
395 325 538 373 λικμᾶν
555 326 712 374 poteris
729 338 778 362 ex
797 327 927 362 animi
944 327 1007 363 tui
1024 327 1252 363 sentencia.
1295 326 1345 363 Id
1361 328 1471 363 enim
1488 340 1563 375 ego
1580 327 1749 364 curabo.

189 379 290 416 Vale
312 379 518 417 foeliciter
538 384 581 416 et
603 381 643 416 in
666 393 809 417 amore
827 385 902 417 tuo
923 393 1021 429 erga
1043 393 1109 418 me
1132 393 1331 430 permane
1354 382 1415 417 tui
1439 385 1667 418 amantem.

242 434 468 471 Bruxellae
493 444 541 482 29
564 434 710 471 Marcii
732 434 856 472 Anno
880 445 996 482 1533.
1773 444 1814 473 05

580 630 709 666 2786.
775 626 910 666 FROM
935 624 1131 665 GEORGE
1156 624 1359 664 WITzEL.

215 699 378 732 Breslau
399 699 480 732 MS.
502 699 631 732 Rehd.
654 709 735 743 254.
762 702 827 740 105
848 703 914 742 (a).
1502 698 1654 731 Vacha.

211 748 418 792 Epistolae
433 748 689 787 Wicelianae,
710 757 815 791 1537,
832 749 900 781 Ee.
919 748 976 780 iv:
999 748 1080 780 LB.
1099 748 1205 791 App.
1224 756 1306 790 371.
1397 757 1443 789 30
1462 747 1600 780 March
1624 757 1728 789 1533.

232 810 322 847 [The
344 818 403 839 Ms.
427 810 455 839 is
478 820 524 840 an
548 810 699 849 original
724 810 844 845 letter,
867 809 1076 849 autograph
1100 809 1340 848 throughout.
1376 808 1505 838 U'itzel
1528 808 1668 838 reviscd
1692 809 1754 838 the.

187 858 268 884 text
286 854 341 883 for
359 853 585 893 publication
610 854 645 883 in
667 853 774 883 WE.:
801 863 854 883 we
876 854 970 883 have
990 853 1098 892 given
1122 853 1206 882 here
1230 853 1304 883 this
1329 852 1469 882 revised
1490 853 1644 882 version,
1679 852 1755 881 The

186 897 352 927 variants
369 897 467 927 show
487 897 570 927 that
588 897 660 927 LB.
679 907 753 927 was
771 896 919 936 printed
938 898 1030 926 from
1048 897 1110 926 the
1129 897 1204 933 ns]

242 955 280 993 S.
315 956 358 993 P.
393 956 441 993 D.
501 955 797 1005 Superioribus
838 955 1038 995 nundinis
1074 955 1170 992 dedi
1206 955 1260 992 ad
1295 960 1337 992 te
1371 955 1527 999 literas,
1561 960 1755 992 amantes

188 1010 357 1059 quidem
388 1023 457 1047 eas
486 1015 528 1048 et
556 1023 761 1060 perquam
791 1010 1002 1059 loquaces,
1025 1010 1099 1047 sed
1128 1015 1182 1053 te,
1207 1015 1330 1047 tanto
1356 1011 1512 1059 quippe
1542 1010 1645 1048 viro.
1671 1022 1754 1046 non

187 1065 380 1114 indignas
402 1065 528 1102 modo
550 1066 830 1102 verumetiam
855 1065 1178 1113 indignissimas.
1239 1065 1296 1101 At
1318 1065 1496 1101 nesciuit
1519 1064 1753 1107 consilium,

188 1120 366 1156 nesciuit
396 1120 570 1157 modum
598 1132 728 1156 amor.
788 1118 943 1169 Scripsi
972 1132 1080 1168 quae
1108 1120 1218 1155 sensi
1247 1119 1567 1168 simplicissime,
1594 1118 1755 1155 malens

189 1175 439 1211 temerarius
479 1187 607 1223 quam
649 1174 824 1211 timidus
865 1186 965 1211 esse.
1027 1173 1201 1211 Summa
1246 1175 1302 1210 rci
1342 1178 1435 1210 erat
1475 1172 1755 1210 Oecumenica
1775 1187 1792 1216 5

188 1227 397 1278 Synodus.
458 1228 574 1266 Bone
605 1228 782 1273 Christe,
813 1233 862 1265 vt
891 1229 1080 1265 animum
1106 1241 1247 1265 meum
1279 1228 1446 1265 obsedit
1476 1229 1564 1264 cius
1596 1228 1755 1276 negocii

189 1287 277 1320 tam
309 1284 451 1332 magni
481 1296 609 1332 quam
641 1284 864 1321 necessarii
893 1287 1100 1333 perpetua
1129 1283 1439 1332 consyderatio.
1499 1282 1614 1319 Nihil
1644 1295 1755 1318 nunc

188 1338 230 1374 in
252 1338 364 1374 votis
386 1338 488 1375 meis
510 1342 574 1375 est
596 1338 673 1375 hoe
696 1339 785 1387 ipso
808 1338 935 1387 prius.
995 1337 1105 1374 Nam
1129 1337 1252 1374 video
1278 1338 1433 1374 summi
1461 1337 1561 1373 mali
1590 1336 1755 1373 nullum

189 1392 328 1437 finem,
351 1393 429 1429 nisi
455 1405 626 1430 caussae
652 1392 841 1441 legitimo
869 1392 996 1429 modo
1024 1393 1340 1440 transigantur3
1372 1391 1484 1428 bello
1511 1391 1754 1428 exulceran-

188 1451 271 1491 tur,
293 1459 378 1483 non
400 1447 615 1485 sedantur.
675 1446 902 1484 Germania
923 1447 1060 1484 diuisa
1082 1451 1147 1484 est
1169 1447 1356 1483 maximo
1379 1446 1562 1483 Romani
1586 1446 1756 1495 Imperii
1780 1458 1818 1479 10

189 1501 386 1550 periculo.
447 1500 488 1539 Si
510 1501 808 1539 dormitabunt
836 1514 1041 1551 proceres,
1064 1501 1207 1538 stertit
1231 1501 1405 1549 Religio.
1467 1501 1520 1537 Et
1545 1500 1616 1537 vbi
1645 1513 1755 1537 nunc

189 1560 290 1593 sunt
312 1556 515 1601 rhetores,
539 1557 610 1605 qui
639 1557 841 1593 orationis
871 1556 1054 1593 stimulis
1076 1555 1130 1592 ad
1160 1555 1405 1597 leuiuscula,
1429 1568 1553 1604 saepe
1582 1555 1635 1592 ad
1666 1555 1756 1592 orbi

190 1611 420 1659 pernitiosa
442 1611 666 1659 quaedam,
684 1612 871 1648 excitare
893 1611 1125 1660 primatum
1149 1611 1312 1647 animos
1334 1610 1447 1647 soliti
1469 1615 1570 1647 sunt
1586 1616 1600 1646 ’ί
1645 1608 1755 1654 Quin

189 1664 249 1701 illi
273 1665 349 1702 hoo
372 1670 562 1714 tempore
584 1678 735 1702 neruos
764 1665 995 1703 intendunt
1020 1677 1177 1705 omncs,
1200 1670 1243 1702 et
1272 1678 1292 1701 e
1322 1664 1460 1701 media
1487 1677 1582 1701 arce
1611 1677 1754 1701 accen-

189 1719 298 1756 dunt
327 1720 505 1756 istorum
537 1719 676 1769 frigus
695 1732 876 1768 quorum
907 1732 956 1757 eo
986 1720 1027 1756 in
1059 1720 1229 1769 negotio
1259 1720 1494 1756 auctoritas
1525 1719 1754 1768 plurimum
1780 1729 1816 1758 15

190 1774 376 1811 valitura
397 1774 564 1811 dicitur.
625 1774 658 1811 O
680 1774 829 1811 surdas
856 1787 979 1811 aures
1008 1779 1117 1819 tuas,
1141 1773 1292 1819 Roma,
1316 1773 1350 1811 O
1376 1779 1547 1823 pectora
1577 1773 1630 1810 ad
1659 1786 1755 1810 con-

189 1828 487 1865 siderationem
530 1829 585 1865 rei
619 1830 830 1866 maximae
866 1842 1038 1878 prorsus
1074 1833 1269 1865 emortua
1301 1834 1431 1877 atque
1468 1829 1509 1865 in
1541 1827 1757 1865 desideriis

189 1883 336 1919 mundi
373 1883 496 1920 huius
531 1883 711 1932 sepulta.
772 1883 994 1929 Quomodo
1030 1883 1159 1920 habet
1192 1883 1347 1920 titulus
1383 1886 1513 1920 tuus?
1550 1895 1657 1931 quae
1694 1888 1757 1919 est

190 1937 423 1986 professio?
449 1937 562 1986 quod
580 1938 760 1975 officium
778 1941 792 1975 ‘3
843 1937 1007 1975 Satisne
1025 1937 1095 1974 diu
1112 1942 1410 1987 exspectamus
1427 1951 1548 1986 opem
1567 1937 1755 1974 debitam

190 1991 322 2037 nobis,
345 1991 582 2029 Catholici?
641 1992 802 2030 Siccine
823 2005 923 2042 grex
947 1993 1116 2029 Domini
1139 1992 1234 2029 Iesu
1257 1992 1363 2029 nulli
1386 1993 1505 2029 vobis
1526 2005 1651 2028 curae
1678 1996 1754 2035 est,
1778 2003 1818 2024 20

190 2051 237 2083 vt
260 2046 374 2083 fama
397 2059 480 2083 non
509 2047 634 2084 tarda
663 2048 703 2084 in
734 2047 834 2084 orbe
863 2048 1061 2084 vniuerso
1090 2047 1206 2083 volat
1224 2052 1238 2084 ζ’
1298 2047 1411 2084 Num
1442 2047 1626 2095 percussi
1656 2050 1756 2083 sunt

189 2101 319 2137 animi
349 2102 481 2138 vestri
511 2114 536 2138 a
568 2101 686 2138 bonis
721 2102 851 2139 etiam
886 2101 1140 2145 hominibus,
1174 2103 1246 2150 qui
1282 2101 1332 2138 dc
1365 2101 1496 2139 Vinea
1527 2101 1697 2137 Domini
1733 2113 1756 2137 a

189 2155 310 2192 vobis
341 2155 533 2205 neglecta
563 2160 896 2205 conqueruntur,
929 2169 1013 2193 non
1044 2169 1069 2193 a
1099 2156 1221 2192 malis
1249 2160 1435 2199 tantum,
1467 2157 1539 2204 qui
1568 2168 1643 2192 vos
1673 2167 1756 2191 non

189 2209 377 2246 honestis
398 2209 629 2247 admodum
658 2211 901 2247 nominibus
929 2215 1134 2248 accusant
1161 2224 1208 2247 ac
1237 2210 1446 2247 damnant
1462 2217 1476 2247 ζ’
1537 2210 1615 2247 Sed
1647 2210 1755 2245 hona

189 2277 282 2313 spes
303 2269 379 2309 est,
404 2264 491 2301 fore
515 2270 561 2301 vt
584 2265 782 2302 emolliat'
797 2264 966 2303 Curiam
989 2265 1142 2302 Caesar
1163 2264 1350 2309 Carolus,
1373 2269 1447 2301 aut
1471 2270 1583 2302 certe
1606 2264 1753 2311 fatiget
1778 2273 1816 2302 25

190 2319 476 2368 improbitate,
504 2332 589 2367 quo
618 2319 683 2357 vel
713 2319 766 2357 ob
795 2320 1000 2369 pudorem
1028 2319 1181 2357 saltem
1210 2320 1448 2356 detrectare
1477 2332 1559 2355 non
1594 2319 1757 2368 possint

188 2373 229 2409 id
260 2373 374 2422 quod
405 2387 481 2410 sua
510 2375 701 2423 inprimis
734 2375 949 2412 intererat.
1009 2373 1118 2419 Quid
1152 2387 1250 2423 pars
1284 2374 1459 2411 Lutheri
1494 2373 1661 2410 factura
1702 2373 1753 2409 sit

232 2445 327 2474 2785.
353 2454 407 2478 (Π.
434 2444 515 2475 OE:
542 2444 685 2484 σόματος
702 2445 783 2475 MS.
899 2446 995 2475 2786.
1026 2455 1051 2475 1.
1079 2446 1111 2475 S.
1132 2445 1170 2475 P.
1192 2446 1233 2475 D.
1254 2445 1345 2475 WE:
1373 2446 1405 2475 S.
1427 2458 1445 2474 α
1461 2445 1529 2474 LB.
1650 2453 1678 2482 3.
1708 2444 1750 2473 At

193 2487 284 2518 WE:
311 2489 372 2518 sed
392 2489 496 2518 aLB.
659 2498 688 2528 7.
714 2488 958 2520 consideratio
976 2493 1157 2529 perpetua
1175 2489 1278 2519 aLB.
1440 2498 1537 2523 ‹)—1o.
1564 2498 1672 2517 causa
1694 2512 1698 2516 .
1721 2511 1726 2516 .
1748 2511 1753 2515 .

188 2532 415 2571 transigatur
435 2556 439 2561 .
462 2557 466 2561 .
489 2557 494 2561 .
513 2533 747 2563 exulceratur
766 2557 771 2562 .
795 2557 800 2562 .
822 2557 826 2562 .
847 2533 998 2563 sedatur
1015 2545 1034 2562 α
1049 2533 1119 2562 LB.
1279 2542 1392 2563 10—11.
1421 2532 1580 2571 periculo
1599 2531 1755 2561 Romani

188 2575 335 2614 Imperii
352 2575 487 2605 nedum
501 2576 767 2606 Christianismi
783 2577 883 2606 aLB.
991 2586 1039 2606 11.
1068 2577 1149 2606 le:
1176 2577 1282 2607 stetit
1297 2589 1326 2606 α.
1425 2576 1469 2605 Ε(
1489 2601 1493 2604 .
1510 2600 1514 2605 .
1532 2600 1536 2604 .
1552 2585 1646 2605 nunc
1667 2575 1753 2604 WE:

188 2619 311 2659 Atque
329 2619 389 2649 vbi
408 2632 427 2649 (1
440 2619 512 2649 LB.
596 2630 644 2658 13.
671 2621 813 2650 animos
832 2620 922 2650 WE:
950 2620 1099 2650 turbam
1117 2633 1136 2649 α
1156 2620 1227 2650 Lb'.
1313 2630 1361 2659 ¹4·
1389 2620 1454 2649 hoc
1474 2626 1639 2659 tempore
1663 2618 1752 2647 WB:

188 2673 283 2692 nunc
302 2675 320 2692 a
335 2663 406 2692 LB.
500 2674 581 2694 arce
597 2664 832 2703 ¹‹scripsimus:
858 2668 937 2694 arte
956 2676 985 2693 α.
1119 2674 1167 2703 ¹7-
1195 2674 1344 2704 prorsus
1361 2674 1427 2693 om.
1448 2676 1465 2691 a
1481 2663 1550 2692 Lb'.
1643 2666 1755 2701 atque

192 2706 283 2736 WE:
309 2712 346 2736 et
364 2707 467 2737 aLB.
562 2717 613 2737 21.
640 2708 693 2738 vti
712 2720 731 2737 α
748 2707 816 2737 LB.
912 2717 1004 2746 22⁴3.
1031 2708 1175 2738 abonis
1194 2732 1200 2737 .
1222 2732 1227 2736 .
1250 2732 1255 2737 .
1275 2712 1423 2738 tantuin
1450 2706 1537 2735 {sl-J:
1564 2713 1596 2735 et
1620 2708 1665 2739 (ct
1689 2716 1753 2735 οη).

188 2749 263 2785 LB)
281 2760 302 2779 a
320 2751 424 2780 bonis
440 2751 501 2790 qui
520 2755 727 2790 queruntur
744 2751 788 2781 de
808 2751 971 2791 neglecta
988 2762 1009 2782 a
1027 2752 1131 2781 vobis
1149 2752 1255 2781 vinea
1273 2755 1307 2781 ot
1327 2761 1347 2780 a
1367 2750 1470 2780 inalis
1490 2763 1507 2779 α
1524 2749 1592 2779 LR.
1704 2758 1753 2786 25.

192 2793 282 2823 WE:
308 2799 364 2824 est
382 2805 465 2834 spes
483 2808 501 2824 α
516 2795 586 2824 Lb'.

231 2871 325 2899 2785.
352 2880 405 2905 (μ’.
436 2876 477 2901 vt
516 2871 657 2909 scribis]
697 2871 774 2901 Tho
817 2871 934 2901 Greek
1004 2871 1288 2901 crihrorarius'.

186 2913 272 2944 does
298 2918 363 2944 not
387 2924 526 2954 appear
547 2915 581 2944 in
606 2914 791 2945 Erasmus'
815 2915 934 2949 letter,
1048 2915 1144 2944 2786.
1177 2925 1200 2944 1.
1229 2914 1367 2950 literas]
1405 2914 1471 2952 Ep.
1514 2921 1607 2950 2715,
1644 2911 1754 2941 dated

187 2957 230 2987 ho
243 2958 376 2997 merely
389 2959 522 2997 speaks
535 2959 638 2988 ofhis
658 2959 933 2998 ‘corpusculum
1003 2960 1021 2987 8
1041 2959 1139 2998 Sept.
1166 2968 1256 2996 1532.
