1966 3379
199 135 277 171 302
630 131 888 170 LETTERS
919 131 990 169 or
1020 130 1287 170 ERASMUs
1648 133 1772 181 [1533

200 239 560 287 Paungartnerus,
584 238 625 274 vi
647 250 700 274 an
724 238 824 281 iure,
846 242 889 273 et
912 238 944 273 si
966 249 1049 285 qua
1072 241 1171 273 sunt
1189 236 1285 281 alia,
1303 249 1411 285 quae
1429 236 1637 286 profuerit
1654 237 1770 274 scire.

201 293 315 339 Quot
330 293 485 330 habeat
504 292 669 337 liberos,
685 297 723 329 et
742 294 813 339 (a)
831 291 986 340 quibus
1004 292 1249 328 institutos:
1282 304 1379 328 nam
1398 290 1624 339 Georgium
1638 304 1771 328 vnum

200 349 312 385 noui.
366 347 414 384 Id
437 360 633 396 cuperem
656 347 733 383 abs
755 352 796 383 te
820 347 954 395 primo
976 358 1145 394 quoque
1167 350 1358 395 tempore
1375 345 1476 383 ficri.
1519 346 1630 383 Nam
1648 350 1771 396 typo-

142 417 180 437 10
201 402 371 452 graphis
412 402 715 439 Francofordia
756 402 934 438 reuersis
975 400 1167 437 fortassis
1209 401 1364 438 incidet
1404 401 1568 438 occasio
1609 400 1772 450 aliquid

201 457 364 495 edendi.

257 511 458 560 Tlicologi
481 511 678 549 Lutetiae
707 510 924 547 redierunt
952 509 1005 546 ad
1035 509 1176 547 furcas
1204 522 1313 547 suas.
1375 509 1568 547 Vacabat
1589 510 1772 548 officium

202 566 418 615 quoddam
442 566 699 605 librariatus,
724 566 777 602 ob
801 565 839 601 id
864 569 1093 613 quaeretur
1122 569 1215 602 tota
1243 565 1510 602 vniuersitas.
1564 564 1722 602 Rector
1749 578 1774 602 a

202 621 419 659 monachis
449 634 498 658 ac
527 620 733 667 theolosris
762 619 1018 668 quibusdam
1051 620 1286 656 instructus
1317 620 1466 669 incipit
1496 632 1650 669 magna
1672 632 1774 657 voce

146 690 183 719 15
203 677 334 725 queri,
356 689 444 713 esse
467 675 732 724 bibliopolis·
755 675 826 723 qui
850 674 896 710 cl·
890 673 1089 710 mulum
1112 674 1286 723 gallicos
1308 674 1471 711 libellos
1492 678 1536 711 et
1556 674 1775 712 excudant

203 735 247 768 et
267 730 470 767 vendant.
533 730 638 767 Dein
672 729 941 766 (onsultatur
971 728 1023 765 de
1054 729 1212 774 offici03
1245 742 1321 766 nec
1344 728 1431 766 vlla
1459 733 1557 778 post
1582 729 1775 778 querelae

204 786 377 822 mentio.
440 785 538 822 Mox
570 798 594 821 a
626 798 683 833 p1·
677 784 805 821 mdio
835 783 1037 832 lheologi
1068 783 1270 833 praefecti
1306 784 1643 821 commissarium
1678 796 1774 821 cum

204 840 434 877 innumeris
462 840 720 877 satellitibus
748 838 801 875 ad
830 838 1157 887 bibliopolarum
1186 839 1374 876 officinas
1402 839 1599 883 mittunt,
1621 851 1669 876 ac
1691 850 1776 876 vno

206 896 367 945 impetu
392 895 539 932 iubent
561 894 761 931 tabernas
789 906 935 930 omnes
963 892 1117 938 claudi,
1140 893 1343 930 auferunt
1371 893 1525 938 claues,
1548 893 1776 942 obsignant

144 964 185 985 20
205 950 347 987 omnia
377 949 513 998 sigillo
544 949 668 998 regio.
729 947 1004 997 Typographi
1036 948 1203 992 timent,
1235 948 1430 985 videntes
1461 952 1551 985 tam
1583 948 1774 985 subitum

204 1004 454 1042 tumultum.
516 1003 706 1041 Tandem
735 1003 917 1040 redeunt
942 1003 1216 1040 commissarii
1245 1004 1475 1052 inspecturi
1498 1003 1711 1048 tabernas,
1733 1006 1777 1039 et

204 1072 318 1096 meos
363 1071 531 1108 quoque
578 1058 742 1095 libellos
788 1058 986 1107 eripiunt,
1028 1058 1277 1107 praesertim
1324 1057 1557 1106 Colloquia,
1604 1056 1776 1095 Nouum

205 1114 529 1152 Testamentum
553 1125 736 1158 versum,
761 1112 953 1158 Moriam,
977 1112 1228 1150 Encomium
1251 1113 1524 1158 matrimonii,
1547 1112 1702 1150 librum
1725 1112 1776 1149 de

204 1182 277 1206 esu
295 1170 499 1213 carnium,
515 1180 660 1205 omnes
678 1167 764 1204 fere
780 1179 914 1216 vsque
928 1167 981 1204 ad
997 1166 1172 1217 Copiam
1187 1171 1230 1204 et
1244 1167 1295 1205 de
1309 1167 1515 1217 Epistolis
1529 1167 1774 1204 scribendis

143 1237 183 1267 25
205 1223 347 1272 Atque
380 1224 482 1260 hacc
518 1222 629 1260 fiunt
660 1234 745 1259 non
780 1223 865 1259 iam
901 1221 1224 1272 Theologorum,
1257 1222 1330 1260 sed
1364 1223 1560 1260 Rectoris
1594 1222 1775 1259 nomine.

206 1278 322 1316 Beda
357 1278 479 1315 abest
513 1290 610 1315 cum
651 1277 750 1322 suis,
786 1276 858 1313 sed
899 1276 994 1325 plus
1029 1277 1118 1326 agit
1157 1277 1322 1322 absens,
1358 1290 1487 1326 quam
1528 1277 1561 1313 si
1596 1276 1776 1314 adesset.

204 1333 460 1371 Abutuntur
489 1332 686 1369 absentia
715 1332 845 1381 regis3
882 1330 978 1368 libri
1009 1332 1090 1369 mei
1120 1332 1353 1369 traduntur
1386 1332 1676 1369 Franciscanis
1707 1344 1777 1369 ex-

205 1388 432 1425 aminandi.
471 1387 528 1424 Hi
549 1387 760 1436 reperient
782 1386 975 1424 haereses
996 1386 1122 1424 mille.
1166 1385 1276 1432 Quid
1295 1387 1357 1424 his
1374 1386 1494 1424 furiis
1511 1386 1778 1424 dementius?

207 1443 338 1480 Video
359 1442 485 1492 plane
506 1442 701 1479 futurum
723 1445 784 1487 vt,
807 1442 841 1478 si
862 1441 1066 1478 inclinent
1088 1454 1152 1478 res
1174 1441 1531 1485 Lutheranorum,
1561 1442 1780 1479 exoriatur

145 1512 186 1542 30
206 1501 331 1535 tanta
366 1497 559 1546 tyrannis
599 1496 906 1534 monachorum
942 1499 992 1533 vt
1031 1496 1162 1534 simus
1202 1496 1485 1534 desideraturi
1526 1495 1777 1534 Lutherum.

206 1552 264 1589 Et
306 1552 408 1589 haec
456 1555 656 1602 portenta
702 1554 814 1597 sunt,
860 1563 968 1600 quae
1013 1563 1090 1601 ego
1134 1551 1330 1601 depugno
1374 1552 1417 1588 in
1464 1563 1603 1588 meam
1650 1551 1779 1601 ipsius

206 1607 444 1657 perniciem.

262 1661 416 1711 Scripsi
438 1674 573 1710 nuper
594 1674 668 1711 per
689 1661 809 1698 illum
838 1673 912 1710 per
932 1673 1059 1710 quem
1088 1661 1230 1698 remisi
1251 1674 1407 1710 equum
1429 1661 1640 1711 episcopo.
1702 1659 1780 1698 Per

206 1716 385 1754 eundem
410 1716 504 1753 misi
526 1717 850 1765 Paungartnero
871 1715 1061 1753 libellum
1084 1715 1136 1753 de
1158 1716 1382 1754 concordia
1405 1716 1630 1753 Ecclesiae.
1681 1714 1777 1753 Sus-

145 1786 185 1817 35
207 1771 323 1821 picor
337 1771 647 1820 Hieronymum
662 1783 758 1808 eum
774 1770 1015 1808 clanculum
1033 1770 1255 1808 excudisse
1272 1775 1389 1808 metu
1407 1770 1777 1808 Ecclesiastarum.

207 1826 318 1863 Nam
348 1826 403 1863 ad
431 1838 497 1862 me
519 1830 605 1863 tres
633 1829 806 1863 tantum
832 1825 960 1870 misit,
982 1825 1038 1863 ad
1062 1824 1168 1867 alios
1193 1825 1372 1863 nullum.
1433 1825 1495 1863 De
1518 1829 1780 1863 testamento

207 1880 330 1918 facile
353 1880 585 1925 curabitur,
609 1893 684 1918 nec
706 1893 813 1930 opus
835 1883 900 1917 est
920 1880 1084 1930 magnis
1106 1881 1309 1930 patronis.

263 1934 385 1981 Quod
407 1948 473 1972 me
494 1935 612 1972 iubes
633 1935 813 1973 abiicere
835 1947 981 1972 curas:
1015 1935 1048 1972 si
1070 1935 1180 1972 curis
1202 1935 1335 1973 occidi
1357 1948 1538 1985 possem,
1564 1936 1648 1973 iam
1679 1934 1780 1972 olim

208 1991 470 2028 interiissem.
545 1989 857 2039 Theologorum
898 1989 1128 2035 tumultus,
1169 1990 1475 2028 monachorum
1516 1995 1560 2028 et
1599 1989 1780 2027 aliorum

144 2055 186 2085 40
207 2045 518 2082 oblatrationes
541 2045 645 2082 satis
666 2044 885 2082 moderate
905 2044 1006 2082 fero.
1049 2044 1189 2082 Vnum
1211 2049 1277 2082 est
1298 2045 1471 2090 malum,
1494 2045 1609 2083 domi
1629 2048 1782 2082 natum

207 2104 308 2137 ante
330 2112 489 2136 annum
511 2112 585 2149 per
605 2099 919 2137 furacissimum
934 2099 1189 2137 nebulonem
1212 2113 1259 2137 ac
1277 2100 1650 2138 sceleratissimum
1673 2111 1780 2136 scor-

209 2158 315 2199 tum,
337 2154 451 2203 quod
473 2167 524 2191 ex
553 2155 667 2191 omni
698 2154 961 2204 supellectile
990 2167 1085 2192 mea
1115 2154 1346 2192 bellissima
1375 2167 1569 2204 quaeque
1600 2153 1781 2192 sustule-

209 2213 311 2246 runt
350 2209 545 2246 reseratis
585 2209 783 2246 omnibus
829 2209 943 2254 seris,
985 2222 1061 2246 nec
1100 2221 1122 2246 e
1162 2209 1310 2247 loculis
1351 2209 1574 2247 mediocris
1615 2221 1782 2246 summa

209 2267 356 2313 erepta
377 2267 453 2300 est.
515 2263 637 2300 Hanc
663 2263 968 2301 contumeliam
996 2277 1071 2301 nec
1098 2263 1290 2301 obliuisci
1317 2277 1504 2314 possum,
1533 2277 1607 2301 nec
1634 2276 1780 2301 conco-

147 2327 188 2359 45
210 2331 350 2367 quere.
394 2318 486 2355 Hoc
508 2319 641 2367 magis
663 2318 792 2363 dolet,
815 2318 930 2368 quod
951 2331 1037 2356 non
1059 2319 1158 2356 licet
1180 2318 1336 2356 vlcisci.
1378 2318 1464 2356 Fur
1484 2323 1550 2356 est
1572 2319 1780 2368 indigena,

210 2372 370 2410 multos
392 2372 552 2410 habens
573 2377 777 2422 cognatos
798 2377 841 2410 et
863 2373 1008 2410 affines
1029 2373 1251 2422 insigniter
1273 2373 1407 2411 malos
1423 2386 1579 2411 omnes
1624 2373 1782 2411 Totum

210 2427 450 2466 studiorum
473 2427 608 2465 otium
631 2432 724 2465 erat
745 2428 1047 2477 seponendum.
1091 2428 1182 2465 Hoc
1200 2432 1345 2465 tamen
1363 2429 1405 2465 in
1422 2429 1560 2466 sinum
1578 2432 1713 2473 tuum,
1731 2441 1782 2465 ne

276 2525 307 2553 9.
334 2516 453 2556 primo
471 2515 686 2554 scripsimus
701 2527 707 2545 :
734 2516 882 2556 priuato
899 2516 941 2546 Ρ.
1087 2517 1139 2547 26.
1165 2516 1271 2547 abest
1289 2516 1525 2556 scripsimus:
1551 2516 1657 2547 adest
1675 2516 1715 2546 P.

252 2637 282 2666 8.
304 2635 514 2676 Georgium]
525 2635 959 2676 JohnGeorge,towhom
1028 2637 1204 2668 Erasmus
1228 2637 1301 2668 had
1330 2638 1481 2668 secured
1509 2637 1693 2668 sufficient
1718 2647 1783 2677 pa-

209 2680 385 2710 Erasmus
402 2680 475 2710 had
493 2680 641 2711 written
659 2690 705 2710 on
723 2690 759 2710 12
775 2681 859 2720 May
874 2681 958 2721 (Ep.
1030 2682 1123 2712 troni
1156 2682 1206 2720 by
1237 2681 1432 2721 obtaining
1462 2692 1484 2711 a
1519 2681 1652 2712 licence
1689 2681 1783 2711 from

209 2724 321 2761 2809).
1030 2725 1131 2765 King
1156 2725 1367 2755 Ferdinand
1391 2725 1465 2755 and
1490 2725 1583 2755 from
1608 2725 1672 2755 the
1698 2725 1782 2755 Em-

254 2777 307 2806 33.
334 2767 484 2807 Scripsi]
503 2767 578 2798 Not
595 2771 738 2798 extant.
1031 2778 1138 2809 peror
1156 2768 1267 2809 (Epp.
1286 2770 1433 2808 2317‚8).

298 2811 416 2848 illum]
464 2811 539 2841 Not
573 2811 737 2845 Livium,
773 2812 855 2842 who
889 2812 962 2842 had
1075 2822 1128 2852 40.
1155 2812 1278 2842 Vnum
1298 2837 1304 2842 .
1326 2837 1331 2842 .
1355 2812 1532 2850 .malum]
1556 2812 1614 2842 He
1635 2822 1720 2851 may
1738 2811 1782 2842 be

212 2854 386 2886 returned
405 2859 444 2885 to
461 2855 629 2885 Brabant
648 2855 707 2891 (cf.
727 2855 795 2895 Ep.
816 2857 927 2892 2860).
1031 2856 1220 2886 identified
1236 2856 1325 2886 with
1340 2856 1403 2886 the
1422 2859 1430 2870 ⁶
1444 2856 1578 2886 Iacobo
1595 2855 1782 2896 quondam

299 2898 961 2938 episcopo]ChristopherofStadion:
1034 2899 1157 2938 κλέπτῃ
1189 2899 1292 2930 meo‘
1326 2900 1363 2930 of
1395 2900 1465 2940 Ep.
1492 2900 1598 2939 278&
1628 2909 1687 2930 see
1711 2899 1781 2939 Ep.

212 2952 270 2972 see
288 2942 357 2982 Ep.
378 2943 474 2980 2856.
494 2943 590 2979 2865.
1033 2946 1127 2981 2652.
1149 2944 1205 2974 Sn.

257 2987 308 3024 36.
335 2986 577 3024 testamento]
605 2985 669 3016 See
695 2986 764 3026 Ep.
791 2995 885 3026 2754.
905 2996 961 3026 7n.
