1966 3379
118 128 239 176 2868]
646 123 717 162 TO
747 122 898 162 JOHN
929 121 1160 160 CHOLER
1600 118 1678 156 303

118 243 364 270 moneamus
385 233 602 278 vtcunque
628 228 812 277 sopitam
837 226 1110 264 camarinam.
1170 223 1280 262 Cura
1306 228 1354 261 vt
1382 235 1510 273 quam
1536 223 1678 260 rectis-

117 287 218 323 sime
239 284 395 329 valeas,
412 284 645 321 amicorum
666 282 954 319 sincerissime.

172 340 378 388 Friburgi,
400 350 512 375 nono
533 337 599 374 die
621 336 833 386 Septemb.
860 344 975 382 1533.
1062 388 1095 424 E
1244 387 1281 424 R
1314 390 1331 423 t
1700 345 1741 374 50

1099 399 1223 425 rasm.
1286 399 1310 424 o
1337 417 1343 423 .
1368 399 1495 423 manu
1518 398 1623 423 mea.

424 593 552 630 2869.
616 589 753 628 FROM
786 587 990 628 CAELrus
1023 585 1371 627 CALCAGNINUS.

167 681 288 715 Caelii
307 679 537 724 Calcagnini
557 678 701 724 Opera,
726 687 831 721 1544,
851 688 890 721 p.
915 679 994 710 166.
1327 675 1509 708 Ferrara.

1209 732 1251 766 17
1272 723 1507 768 September
1528 733 1632 766 1533.

162 797 342 836 [Nothing
359 797 395 826 in
413 796 477 827 the
494 795 614 831 letter,
633 805 673 825 or
690 794 784 824 from
801 804 874 833 any
891 793 997 823 other
1014 802 1151 826 source.
1170 791 1318 822 enables
1336 801 1378 821 us
1395 794 1434 821 to
1451 790 1603 821 confirm
1621 790 1684 821 the

117 842 214 872 date.
264 840 334 871 For
350 840 413 871 the
430 840 552 870 writer
568 849 626 869 see
644 838 713 879 Ep.
732 840 807 868 611.
826 838 921 877 24n.]

467 908 648 936 CAELIVS
670 908 761 935 CAL.
786 906 959 934 ERASMO
981 905 1281 933 ROTERODAMO
1303 905 1335 931 S.

172 970 380 1009 AGNOSCO
402 970 532 1007 etiam
554 969 596 1006 in
617 967 840 1006 scribendo
861 967 1071 1016 quaedam
1096 978 1185 1003 esse
1214 965 1448 1002 decretoria
1476 968 1683 1013 tempora,

119 1038 227 1075 quae
244 1037 380 1074 neque
398 1027 644 1074 praeuertas
660 1035 796 1071 neque
814 1026 1054 1072 praetereas
1069 1035 1075 1058 ;
1103 1021 1144 1058 id
1162 1033 1238 1070 ego
1260 1032 1353 1057 sum
1371 1032 1465 1057 meo
1482 1023 1684 1068 expertus

118 1079 317 1130 periculo.
366 1078 476 1116 Nam
492 1090 621 1127 quom
635 1090 758 1127 saepe
773 1089 938 1114 mecum
953 1077 1039 1125 ipse
1056 1075 1369 1113 constituissem
1386 1074 1441 1111 ad
1458 1074 1683 1111 Erasmum

119 1146 258 1172 meum
280 1133 471 1177 scribere,
490 1134 659 1181 iamque
680 1144 810 1169 manu
833 1130 1044 1168 calamum
1066 1134 1266 1174 tenerem,
1289 1129 1428 1166 nescio
1450 1141 1535 1178 quo
1556 1132 1684 1178 pacto

119 1192 292 1239 repente
313 1188 420 1225 aliae
442 1200 484 1224 se
501 1187 604 1224 mihi
620 1187 910 1236 cogitationes,
928 1185 1095 1234 aliaque
1112 1187 1396 1222 auocamenta
1416 1183 1681 1220 obiecerunt:
1703 1197 1721 1227 5

120 1255 227 1292 quae
248 1246 291 1280 et
313 1242 523 1280 calamum
546 1254 675 1279 manu
697 1244 959 1285 excuterent,
982 1243 1026 1277 et
1047 1240 1089 1276 in
1110 1238 1331 1277 scribendo
1357 1238 1467 1275 diem
1493 1237 1682 1275 diffinde-

120 1301 226 1335 rent.
285 1297 421 1343 Quam
458 1309 544 1334 rem
585 1308 684 1334 sane
724 1295 945 1345 periniquo
979 1294 1120 1331 animo
1152 1293 1244 1337 tuli,
1278 1305 1407 1342 quom
1443 1293 1485 1330 in
1517 1305 1566 1330 ea
1600 1305 1685 1330 non

119 1353 313 1402 exiguam
345 1351 673 1389 existimationis
702 1362 819 1387 meae
846 1353 1012 1399 partem
1041 1349 1199 1386 versari
1226 1347 1514 1397 intelligerem.
1574 1346 1684 1383 Nam

118 1407 173 1444 ad
195 1419 260 1444 me
282 1406 486 1456 imprimis
508 1405 761 1455 pertinebat,
784 1404 985 1441 coalitam
1007 1404 1117 1441 inter
1138 1415 1213 1440 nos
1234 1402 1574 1440 beneuolentiam
1600 1413 1684 1439 non

119 1461 256 1499 solum
278 1461 452 1498 comiter
473 1460 545 1497 sed
572 1460 762 1509 religiose
786 1460 915 1496 etiam
945 1458 1066 1496 tueri.
1126 1457 1193 1495 Ad
1218 1457 1296 1494 hoc
1324 1457 1430 1494 illud
1455 1456 1686 1494 accedebat
1709 1471 1746 1491 10

120 1515 386 1559 incommodi,
410 1515 523 1564 quod
546 1527 638 1552 meo
659 1527 725 1551 me
747 1514 914 1551 silentio
935 1526 1089 1562 magna
1110 1512 1359 1550 fraudatum
1382 1512 1431 1548 iri
1460 1511 1685 1560 voluptate

120 1571 366 1615 sentiebam,
396 1573 567 1606 tuarum
598 1569 758 1606 scilicet
785 1568 1005 1605 literarum
1034 1567 1261 1611 suauitate,
1291 1579 1419 1615 quom
1450 1565 1555 1603 nihil
1586 1567 1684 1603 scri-

120 1624 258 1662 bendo
280 1625 357 1662 tibi
379 1624 633 1661 rescribendi
661 1624 922 1661 occasionem
950 1622 1191 1660 adimerem.
1251 1621 1362 1658 Nam
1390 1633 1474 1670 qua
1501 1633 1577 1670 ego
1602 1620 1687 1658 alia

120 1680 283 1717 ratione
322 1679 397 1715 abs
437 1682 479 1716 te
520 1678 688 1716 homine
728 1677 1056 1727 occupatissimo
1096 1676 1240 1714 literas
1279 1676 1566 1725 impetrarem,
1607 1676 1685 1713 nisi

120 1733 340 1771 scribendo
355 1737 370 1770 ⁸?
1709 1745 1746 1775 15

176 1788 232 1825 Et
264 1788 365 1825 haec
397 1800 497 1825 sane
529 1787 811 1825 accusationis
843 1799 940 1837 pars
973 1787 1086 1824 tanti
1121 1789 1186 1823 est
1221 1785 1336 1835 apud
1370 1798 1450 1830 me,
1484 1789 1533 1822 vt
1567 1784 1685 1822 nullo

121 1842 242 1880 facile
263 1842 366 1879 dilui
389 1843 523 1892 possit
545 1845 807 1892 argumento.
867 1841 984 1879 Alias
1005 1853 1082 1890 ego
1103 1844 1242 1878 totam
1269 1840 1376 1877 hanc
1405 1840 1684 1877 cessationem

122 1897 188 1935 vel
221 1897 336 1934 facili
366 1909 537 1947 possum
568 1897 863 1946 deprecatione
894 1896 1110 1940 redimere,
1141 1907 1270 1944 quom
1301 1895 1550 1944 praesertim
1580 1894 1685 1931 nihil

122 1952 289 1989 interim
311 1952 525 1996 acciderit,
548 1951 662 2000 quod
684 1955 762 1989 aut
787 1964 853 1988 me
875 1951 1055 1988 scribere
1077 1954 1155 1988 aut
1182 1953 1225 1987 te
1254 1950 1359 1987 scire
1387 1954 1533 1987 nostra
1556 1950 1683 1986 inter-

121 2010 244 2044 esset.
304 2005 446 2055 Atque
468 2007 634 2044 vtinam
656 2018 741 2044 non
764 2006 905 2055 potius
927 2005 1138 2054 quaedam
1160 2004 1407 2042 incidissent
1429 2004 1555 2053 digna
1576 2016 1685 2053 quae
1707 2021 1747 2041 20

122 2064 328 2110 perpetua
345 2060 557 2098 obliuione
573 2064 876 2110 premerentur.
917 2059 1141 2097 Caeterum
1163 2059 1277 2108 quod
1294 2059 1450 2096 amoris
1468 2059 1685 2108 proprium

122 2128 276 2152 munus
297 2119 373 2159 est,
396 2115 594 2164 quodque
616 2116 702 2152 sine
720 2115 887 2164 piaculo
904 2115 1190 2164 praetermitti
1207 2126 1291 2151 non
1309 2117 1464 2163 potest,
1483 2113 1686 2151 memoria

122 2174 292 2207 nostrae
333 2170 654 2207 beneuolentiae
693 2169 852 2218 alioqui
891 2181 1112 2218 nunquam
1157 2168 1478 2206 intermoritura
1523 2167 1687 2217 sem'per

122 2224 236 2274 apud
259 2237 324 2261 me
346 2224 567 2261 incolumis
587 2225 767 2262 mansit:
799 2228 844 2262 et
865 2223 1067 2273 quicquid
1088 2236 1112 2261 a
1134 2236 1200 2260 me
1222 2224 1264 2260 in
1285 2222 1506 2260 scribendo
1527 2222 1684 2260 deside-

122 2279 205 2316 rari
222 2279 377 2328 potuit,
395 2278 437 2315 id
454 2278 567 2328 large
583 2283 627 2316 et
643 2278 859 2316 cumulate
876 2291 960 2316 non
977 2278 1081 2316 desii
1097 2278 1267 2316 assidua
1284 2282 1457 2315 tuarum
1474 2278 1685 2314 virtutum
1709 2291 1723 2311 2
1729 2290 1746 2319 5

122 2333 434 2383 praedicatione
455 2337 498 2370 et
519 2333 665 2370 crebra
685 2334 897 2371 amicitiae
914 2337 1085 2371 nostrae
1102 2332 1503 2371 commemoratione
1521 2332 1684 2368 sarcire.

177 2388 235 2425 Et
268 2386 473 2425 hactenus
505 2387 673 2437 quidem
705 2388 891 2425 desidiae
922 2392 1092 2425 nostrae
1122 2388 1409 2437 patrocinium
1440 2391 1569 2424 tenes.
1629 2386 1687 2422 At

123 2454 250 2491 quom
283 2443 365 2479 iam
397 2442 529 2479 fatale
555 2442 660 2480 illud
688 2442 845 2480 silentii
873 2447 1042 2492 tempus
1071 2442 1295 2486 effluxerit,
1325 2454 1436 2479 nunc
1465 2441 1519 2478 ab
1551 2441 1687 2478 amico

123 2500 295 2534 tantum
327 2496 572 2534 admonitus
602 2501 764 2534 certum
793 2497 934 2534 offerri
960 2498 1159 2534 nuntium
1181 2497 1254 2545 qui
1276 2497 1385 2533 istuc
1407 2496 1684 2546 proficiscere—

124 2554 206 2595 tur,
238 2552 367 2588 etiam
397 2551 430 2588 si
459 2551 625 2588 nullum
657 2552 865 2589 scribendi
897 2552 1057 2589 iustum
1088 2555 1387 2600 argumentum
1416 2549 1685 2600 suppetebat,
1707 2563 1748 2592 30

124 2606 271 2655 scripsi
308 2610 451 2642 tamen
486 2605 563 2643 hoc
597 2606 797 2655 quicquid
833 2611 911 2651 est,
943 2610 986 2643 ct
1021 2606 1199 2643 ferream
1237 2606 1353 2643 illam
1390 2605 1686 2642 necessitatem

124 2660 315 2709 perfregi.
376 2660 468 2705 Qua
508 2660 718 2698 scribendi
765 2661 983 2698 occasione
1029 2660 1188 2706 oblata,
1231 2660 1346 2698 illam
1387 2672 1556 2708 quoquc
1602 2671 1685 2695 non

124 2715 463 2763 praetermittam
492 2715 601 2763 grati
629 2716 758 2752 animi
788 2715 866 2752 tibi
897 2715 1246 2764 significationem
1275 2715 1390 2754 darc.
1420 2714 1582 2762 tibique
1612 2713 1685 2749 im-

126 2768 325 2806 mortales
364 2770 523 2817 gratias
563 2770 725 2814 testari,
759 2770 830 2819 qui
864 2783 930 2807 mc
966 2771 1094 2807 toties
1128 2770 1167 2806 in
1209 2769 1549 2806 communionem
1587 2771 1686 2803 tuae

123 2823 279 2871 gloriae
302 2825 532 2868 vocaucris‚
554 2828 598 2861 ct
620 2825 661 2861 in
684 2824 791 2861 libro
813 2824 1071 2873 Adagiorum
1094 2828 1138 2861 et
1166 2825 1207 2861 in
1235 2823 1508 2861 Ciceroniano
1534 2826 1610 2858 tuo
1635 2821 1686 2858 de
1708 2833 1747 2864 35

124 2890 190 2914 me
219 2877 440 2915 honestam
470 2879 728 2916 mentionem
758 2878 967 2916 habueris.
1028 2879 1216 2916 Tantum
1247 2879 1358 2915 cnim
1387 2878 1506 2914 abest
1538 2881 1582 2913 vt
1612 2887 1687 2923 ego

380 2977 475 3007 2869.
502 2986 553 3017 34.
581 2977 706 3016 toties]
725 2977 789 3008 Soc
806 2988 873 3017 e.g.
893 2978 1161 3013 Ciceronianus,
1181 2977 1252 3008 LB.
1273 2977 1292 3007 i.
1317 2985 1429 3006 1011(‘.
