<?xml version="1.0" encoding="UTF-8"?>
<!DOCTYPE html PUBLIC "-//W3C//DTD XHTML 1.0 Transitional//EN"
    "http://www.w3.org/TR/xhtml1/DTD/xhtml1-transitional.dtd">
<html xmlns="http://www.w3.org/1999/xhtml" xml:lang="en" lang="en">
 <head>
  <title>
</title>
<meta http-equiv="Content-Type" content="text/html;charset=utf-8" />
  <meta name='ocr-system' content='tesseract 3.04.00' />
  <meta name='ocr-capabilities' content='ocr_page ocr_carea ocr_par ocr_line ocrx_word'/>
</head>
<body>
  <div class='ocr_page' id='page_1' title='image "./opusepistolarum10eras_0265.png"; bbox 0 0 1966 3379; ppageno 0'>
   <div class='ocr_carea' id='block_1_1' title="bbox 104 116 1678 172">
    <p class='ocr_par' dir='ltr' id='par_1_1' title="bbox 104 116 1678 172">
     <span class='ocr_line' id='line_1_1' title="bbox 104 116 1678 172; baseline -0.004 -12"><span class='ocrx_word' id='word_1_1' title='bbox 104 123 225 172; x_wconf 84' lang='lat'><em>2811]</em></span> <span class='ocrx_word' id='word_1_2' title='bbox 519 119 681 158; x_wconf 82' lang='lat' dir='ltr'><strong>FROM</strong></span> <span class='ocrx_word' id='word_1_3' title='bbox 709 118 891 157; x_wconf 79' lang='lat' dir='ltr'><strong>JAMES</strong></span> <span class='ocrx_word' id='word_1_4' title='bbox 921 116 1266 156; x_wconf 80' lang='lat' dir='ltr'>GROFFICIUS</span> <span class='ocrx_word' id='word_1_5' title='bbox 1600 116 1678 153; x_wconf 81' lang='lat'>229</span> 
     </span>
    </p>
   </div>
   <div class='ocr_carea' id='block_1_2' title="bbox 99 221 1744 1370">
    <p class='ocr_par' dir='ltr' id='par_1_2' title="bbox 100 221 1741 823">
     <span class='ocr_line' id='line_1_2' title="bbox 102 221 1679 278; baseline -0.004 -13"><span class='ocrx_word' id='word_1_6' title='bbox 102 240 231 278; x_wconf 90' lang='lat' dir='ltr'>quam</span> <span class='ocrx_word' id='word_1_7' title='bbox 253 226 375 264; x_wconf 89' lang='lat' dir='ltr'>nobis</span> <span class='ocrx_word' id='word_1_8' title='bbox 396 225 469 264; x_wconf 92' lang='lat' dir='ltr'>diu</span> <span class='ocrx_word' id='word_1_9' title='bbox 490 225 582 263; x_wconf 84' lang='lat' dir='ltr'>vita</span> <span class='ocrx_word' id='word_1_10' title='bbox 608 227 820 274; x_wconf 72' lang='lat' dir='ltr'>suppetet.</span> <span class='ocrx_word' id='word_1_11' title='bbox 880 223 938 260; x_wconf 89' lang='lat' dir='ltr'>Et</span> <span class='ocrx_word' id='word_1_12' title='bbox 964 222 1126 260; x_wconf 78' lang='lat' dir='ltr'>faciant</span> <span class='ocrx_word' id='word_1_13' title='bbox 1154 222 1294 272; x_wconf 91' lang='lat' dir='ltr'>superi</span> <span class='ocrx_word' id='word_1_14' title='bbox 1316 225 1364 259; x_wconf 87' lang='lat' dir='ltr'>vt</span> <span class='ocrx_word' id='word_1_15' title='bbox 1393 225 1448 267; x_wconf 80' lang='lat' dir='ltr'>te,</span> <span class='ocrx_word' id='word_1_16' title='bbox 1472 234 1597 271; x_wconf 88' lang='lat' dir='ltr'>quem</span> <span class='ocrx_word' id='word_1_17' title='bbox 1626 221 1679 259; x_wconf 92' lang='lat' dir='ltr'>ob</span> 
     </span>
     <span class='ocr_line' id='line_1_3' title="bbox 102 276 1677 328; baseline -0.004 -8"><span class='ocrx_word' id='word_1_18' title='bbox 102 286 272 320; x_wconf 86' lang='lat' dir='ltr'>tantam</span> <span class='ocrx_word' id='word_1_19' title='bbox 312 281 501 319; x_wconf 90' lang='lat' dir='ltr'>locorum</span> <span class='ocrx_word' id='word_1_20' title='bbox 542 278 902 328; x_wconf 68' lang='lat' dir='ltr'>intercapedinem</span> <span class='ocrx_word' id='word_1_21' title='bbox 942 290 1027 315; x_wconf 91' lang='lat' dir='ltr'>non</span> <span class='ocrx_word' id='word_1_22' title='bbox 1068 277 1199 314; x_wconf 86' lang='lat' dir='ltr'>datur</span> <span class='ocrx_word' id='word_1_23' title='bbox 1239 276 1382 314; x_wconf 79' lang='lat' dir='ltr'>videre</span> <span class='ocrx_word' id='word_1_24' title='bbox 1423 280 1466 314; x_wconf 88' lang='lat' dir='ltr'>et</span> <span class='ocrx_word' id='word_1_25' title='bbox 1506 276 1677 326; x_wconf 78' lang='lat' dir='ltr'>alloqui,</span> 
     </span>
     <span class='ocr_line' id='line_1_4' title="bbox 102 331 1677 384; baseline -0.004 -10"><span class='ocrx_word' id='word_1_26' title='bbox 102 337 254 375; x_wconf 88' lang='lat' dir='ltr'>saltem</span> <span class='ocrx_word' id='word_1_27' title='bbox 285 336 430 373; x_wconf 85' lang='lat' dir='ltr'>viuere</span> <span class='ocrx_word' id='word_1_28' title='bbox 458 347 588 384; x_wconf 89' lang='lat' dir='ltr'>quam</span> <span class='ocrx_word' id='word_1_29' title='bbox 619 333 857 371; x_wconf 83' lang='lat' dir='ltr'>diutissime</span> <span class='ocrx_word' id='word_1_30' title='bbox 887 336 930 370; x_wconf 87' lang='lat' dir='ltr'>et</span> <span class='ocrx_word' id='word_1_31' title='bbox 958 344 1123 381; x_wconf 84' lang='lat' dir='ltr'>semper</span> <span class='ocrx_word' id='word_1_32' title='bbox 1152 331 1408 369; x_wconf 89' lang='lat' dir='ltr'>incolumem</span> <span class='ocrx_word' id='word_1_33' title='bbox 1440 331 1677 368; x_wconf 75' lang='lat' dir='ltr'>audiamus.</span> 
     </span>
     <span class='ocr_line' id='line_1_5' title="bbox 103 385 1679 440; baseline -0.004 -11"><span class='ocrx_word' id='word_1_34' title='bbox 103 391 155 429; x_wconf 95' lang='lat' dir='ltr'>Id</span> <span class='ocrx_word' id='word_1_35' title='bbox 183 390 299 440; x_wconf 90' lang='lat' dir='ltr'>quod</span> <span class='ocrx_word' id='word_1_36' title='bbox 326 394 375 428; x_wconf 89' lang='lat' dir='ltr'>vt</span> <span class='ocrx_word' id='word_1_37' title='bbox 402 393 564 440; x_wconf 91' lang='lat' dir='ltr'>prestet</span> <span class='ocrx_word' id='word_1_38' title='bbox 592 388 674 434; x_wconf 92' lang='lat' dir='ltr'>ille,</span> <span class='ocrx_word' id='word_1_39' title='bbox 702 401 727 426; x_wconf 88' lang='lat' dir='ltr'>a</span> <span class='ocrx_word' id='word_1_40' title='bbox 754 400 839 437; x_wconf 93' lang='lat' dir='ltr'>quo</span> <span class='ocrx_word' id='word_1_41' title='bbox 867 399 991 424; x_wconf 90' lang='lat' dir='ltr'>omne</span> <span class='ocrx_word' id='word_1_42' title='bbox 1019 386 1171 424; x_wconf 89' lang='lat' dir='ltr'>datum</span> <span class='ocrx_word' id='word_1_43' title='bbox 1203 387 1413 435; x_wconf 90' lang='lat' dir='ltr'>optimum</span> <span class='ocrx_word' id='word_1_44' title='bbox 1445 390 1489 423; x_wconf 92' lang='lat' dir='ltr'>et</span> <span class='ocrx_word' id='word_1_45' title='bbox 1520 385 1679 423; x_wconf 88' lang='lat' dir='ltr'>donum</span> 
     </span>
     <span class='ocr_line' id='line_1_6' title="bbox 102 439 1739 496; baseline -0.004 -13"><span class='ocrx_word' id='word_1_46' title='bbox 102 445 352 496; x_wconf 87' lang='lat' dir='ltr'>perfectum,</span> <span class='ocrx_word' id='word_1_47' title='bbox 382 445 495 483; x_wconf 89' lang='lat' dir='ltr'>votis</span> <span class='ocrx_word' id='word_1_48' title='bbox 525 447 569 481; x_wconf 88' lang='lat' dir='ltr'>et</span> <span class='ocrx_word' id='word_1_49' title='bbox 599 444 687 493; x_wconf 92' lang='lat' dir='ltr'>ipse</span> <span class='ocrx_word' id='word_1_50' title='bbox 716 455 793 492; x_wconf 87' lang='lat' dir='ltr'>ego</span> <span class='ocrx_word' id='word_1_51' title='bbox 821 441 1101 492; x_wconf 83' lang='lat' dir='ltr'>precibusque</span> <span class='ocrx_word' id='word_1_52' title='bbox 1131 441 1359 478; x_wconf 84' lang='lat' dir='ltr'>adiuuabO.</span> <span class='ocrx_word' id='word_1_53' title='bbox 1421 439 1523 478; x_wconf 81' lang='lat' dir='ltr'>Sum</span> <span class='ocrx_word' id='word_1_54' title='bbox 1555 442 1678 485; x_wconf 87' lang='lat' dir='ltr'>enim,</span> <span class='ocrx_word' id='word_1_55' title='bbox 1700 453 1739 484; x_wconf 86' lang='lat'>45</span> 
     </span>
     <span class='ocr_line' id='line_1_7' title="bbox 102 495 1680 548; baseline -0.003 -10"><span class='ocrx_word' id='word_1_56' title='bbox 102 501 275 538; x_wconf 91' lang='lat' dir='ltr'>domino</span> <span class='ocrx_word' id='word_1_57' title='bbox 292 500 382 537; x_wconf 93' lang='lat' dir='ltr'>Deo</span> <span class='ocrx_word' id='word_1_58' title='bbox 403 500 578 548; x_wconf 89' lang='lat' dir='ltr'>gratiae,</span> <span class='ocrx_word' id='word_1_59' title='bbox 597 511 707 535; x_wconf 87' lang='lat' dir='ltr'>vnus</span> <span class='ocrx_word' id='word_1_60' title='bbox 728 497 779 534; x_wconf 91' lang='lat' dir='ltr'>de</span> <span class='ocrx_word' id='word_1_61' title='bbox 801 496 1046 534; x_wconf 89' lang='lat' dir='ltr'>sacrificulis</span> <span class='ocrx_word' id='word_1_62' title='bbox 1067 496 1123 533; x_wconf 89' lang='lat' dir='ltr'>ad</span> <span class='ocrx_word' id='word_1_63' title='bbox 1144 497 1344 545; x_wconf 83' lang='lat' dir='ltr'>exiguum</span> <span class='ocrx_word' id='word_1_64' title='bbox 1367 495 1433 532; x_wconf 92' lang='lat' dir='ltr'>hic</span> <span class='ocrx_word' id='word_1_65' title='bbox 1454 496 1680 544; x_wconf 76' lang='lat' dir='ltr'>exiguique</span> 
     </span>
     <span class='ocr_line' id='line_1_8' title="bbox 102 550 1679 602; baseline -0.004 -9"><span class='ocrx_word' id='word_1_66' title='bbox 102 555 283 593; x_wconf 90' lang='lat' dir='ltr'>nominis</span> <span class='ocrx_word' id='word_1_67' title='bbox 305 553 506 592; x_wconf 88' lang='lat' dir='ltr'>sacellum</span> <span class='ocrx_word' id='word_1_68' title='bbox 528 553 629 591; x_wconf 89' lang='lat' dir='ltr'>diuo</span> <span class='ocrx_word' id='word_1_69' title='bbox 657 552 808 602; x_wconf 89' lang='lat' dir='ltr'>Egidio</span> <span class='ocrx_word' id='word_1_70' title='bbox 836 552 1040 596; x_wconf 87' lang='lat' dir='ltr'>dicatum,</span> <span class='ocrx_word' id='word_1_71' title='bbox 1064 550 1137 588; x_wconf 89' lang='lat' dir='ltr'>vbi</span> <span class='ocrx_word' id='word_1_72' title='bbox 1163 555 1229 588; x_wconf 88' lang='lat' dir='ltr'>est</span> <span class='ocrx_word' id='word_1_73' title='bbox 1258 550 1361 587; x_wconf 91' lang='lat' dir='ltr'>mihi</span> <span class='ocrx_word' id='word_1_74' title='bbox 1389 550 1679 588; x_wconf 78' lang='lat' dir='ltr'>sacerdocium</span> 
     </span>
     <span class='ocr_line' id='line_1_9' title="bbox 102 605 1680 659; baseline -0.004 -11"><span class='ocrx_word' id='word_1_75' title='bbox 102 623 231 659; x_wconf 89' lang='lat' dir='ltr'>quam</span> <span class='ocrx_word' id='word_1_76' title='bbox 263 608 502 647; x_wconf 79' lang='lat' dir='ltr'>custodiam</span> <span class='ocrx_word' id='word_1_77' title='bbox 533 608 697 653; x_wconf 85' lang='lat' dir='ltr'>dicunt,</span> <span class='ocrx_word' id='word_1_78' title='bbox 726 607 882 656; x_wconf 90' lang='lat' dir='ltr'>degens</span> <span class='ocrx_word' id='word_1_79' title='bbox 912 605 1129 655; x_wconf 86' lang='lat' dir='ltr'>inglorius,</span> <span class='ocrx_word' id='word_1_80' title='bbox 1161 605 1309 655; x_wconf 88' lang='lat' dir='ltr'>procul</span> <span class='ocrx_word' id='word_1_81' title='bbox 1341 606 1501 654; x_wconf 81' lang='lat' dir='ltr'>vtique,</span> <span class='ocrx_word' id='word_1_82' title='bbox 1534 606 1567 642; x_wconf 89' lang='lat' dir='ltr'>si</span> <span class='ocrx_word' id='word_1_83' title='bbox 1598 606 1680 642; x_wconf 91' lang='lat' dir='ltr'>mei</span> 
     </span>
     <span class='ocr_line' id='line_1_10' title="bbox 101 659 1679 711; baseline -0.004 -9"><span class='ocrx_word' id='word_1_84' title='bbox 101 677 186 702; x_wconf 91' lang='lat' dir='ltr'>non</span> <span class='ocrx_word' id='word_1_85' title='bbox 217 677 283 702; x_wconf 90' lang='lat' dir='ltr'>me</span> <span class='ocrx_word' id='word_1_86' title='bbox 313 663 427 701; x_wconf 78' lang='lat' dir='ltr'>fallit</span> <span class='ocrx_word' id='word_1_87' title='bbox 454 676 586 708; x_wconf 89' lang='lat' dir='ltr'>amor,</span> <span class='ocrx_word' id='word_1_88' title='bbox 615 662 669 700; x_wconf 91' lang='lat' dir='ltr'>ab</span> <span class='ocrx_word' id='word_1_89' title='bbox 698 662 813 700; x_wconf 92' lang='lat' dir='ltr'>omni</span> <span class='ocrx_word' id='word_1_90' title='bbox 841 661 1079 711; x_wconf 84' lang='lat' dir='ltr'>cupiditate</span> <span class='ocrx_word' id='word_1_91' title='bbox 1107 661 1308 710; x_wconf 87' lang='lat' dir='ltr'>omnique</span> <span class='ocrx_word' id='word_1_92' title='bbox 1335 660 1583 705; x_wconf 75' lang='lat' dir='ltr'>ambitione,</span> <span class='ocrx_word' id='word_1_93' title='bbox 1614 659 1679 697; x_wconf 85' lang='lat' dir='ltr'>hic</span> 
     </span>
     <span class='ocr_line' id='line_1_11' title="bbox 100 715 1741 765; baseline -0.004 -8"><span class='ocrx_word' id='word_1_94' title='bbox 100 719 160 757; x_wconf 89' lang='lat' dir='ltr'>rei</span> <span class='ocrx_word' id='word_1_95' title='bbox 177 719 359 764; x_wconf 84' lang='lat' dir='ltr'>diuinae,</span> <span class='ocrx_word' id='word_1_96' title='bbox 374 722 424 756; x_wconf 87' lang='lat' dir='ltr'>vt</span> <span class='ocrx_word' id='word_1_97' title='bbox 439 718 569 756; x_wconf 88' lang='lat' dir='ltr'>sacris</span> <span class='ocrx_word' id='word_1_98' title='bbox 586 717 708 755; x_wconf 88' lang='lat' dir='ltr'>decet</span> <span class='ocrx_word' id='word_1_99' title='bbox 724 717 958 761; x_wconf 89' lang='lat' dir='ltr'>iniciatum,</span> <span class='ocrx_word' id='word_1_100' title='bbox 978 715 1196 765; x_wconf 89' lang='lat' dir='ltr'>operando</span> <span class='ocrx_word' id='word_1_101' title='bbox 1217 720 1260 753; x_wconf 93' lang='lat' dir='ltr'>et</span> <span class='ocrx_word' id='word_1_102' title='bbox 1277 715 1498 752; x_wconf 80' lang='lat' dir='ltr'>custodem</span> <span class='ocrx_word' id='word_1_103' title='bbox 1516 715 1680 764; x_wconf 85' lang='lat' dir='ltr'>agendo</span> <span class='ocrx_word' id='word_1_104' title='bbox 1701 727 1741 757; x_wconf 82' lang='lat'>50</span> 
     </span>
     <span class='ocr_line' id='line_1_12' title="bbox 101 770 1598 823; baseline -0.003 -11"><span class='ocrx_word' id='word_1_105' title='bbox 101 778 181 812; x_wconf 87' lang='lat' dir='ltr'>etc.</span> <span class='ocrx_word' id='word_1_106' title='bbox 242 773 317 819; x_wconf 88' lang='lat' dir='ltr'>Eo,</span> <span class='ocrx_word' id='word_1_107' title='bbox 340 775 529 823; x_wconf 88' lang='lat' dir='ltr'>inquam,</span> <span class='ocrx_word' id='word_1_108' title='bbox 552 773 767 810; x_wconf 87' lang='lat' dir='ltr'>animatus</span> <span class='ocrx_word' id='word_1_109' title='bbox 789 784 882 808; x_wconf 91' lang='lat' dir='ltr'>sum</span> <span class='ocrx_word' id='word_1_110' title='bbox 904 783 999 808; x_wconf 88' lang='lat' dir='ltr'>ecce</span> <span class='ocrx_word' id='word_1_111' title='bbox 1022 783 1150 807; x_wconf 88' lang='lat' dir='ltr'>ausus</span> <span class='ocrx_word' id='word_1_112' title='bbox 1173 770 1227 808; x_wconf 90' lang='lat' dir='ltr'>ad</span> <span class='ocrx_word' id='word_1_113' title='bbox 1249 774 1290 808; x_wconf 84' lang='lat' dir='ltr'>te</span> <span class='ocrx_word' id='word_1_114' title='bbox 1312 770 1495 807; x_wconf 88' lang='lat' dir='ltr'>scribere</span> <span class='ocrx_word' id='word_1_115' title='bbox 1518 774 1598 807; x_wconf 86' lang='lat' dir='ltr'>etc.</span> 
     </span>
    </p>

    <p class='ocr_par' dir='ltr' id='par_1_3' title="bbox 99 825 1742 1207">
     <span class='ocr_line' id='line_1_13' title="bbox 159 825 1679 877; baseline -0.004 -10"><span class='ocrx_word' id='word_1_116' title='bbox 159 828 224 866; x_wconf 91' lang='lat' dir='ltr'>Tu</span> <span class='ocrx_word' id='word_1_117' title='bbox 254 829 288 866; x_wconf 90' lang='lat' dir='ltr'>si</span> <span class='ocrx_word' id='word_1_118' title='bbox 315 832 392 866; x_wconf 89' lang='lat' dir='ltr'>tuo</span> <span class='ocrx_word' id='word_1_119' title='bbox 420 841 487 866; x_wconf 91' lang='lat' dir='ltr'>me</span> <span class='ocrx_word' id='word_1_120' title='bbox 512 839 713 877; x_wconf 90' lang='lat' dir='ltr'>responso</span> <span class='ocrx_word' id='word_1_121' title='bbox 741 825 971 875; x_wconf 88' lang='lat' dir='ltr'>aliquando</span> <span class='ocrx_word' id='word_1_122' title='bbox 996 830 1038 863; x_wconf 89' lang='lat' dir='ltr'>et</span> <span class='ocrx_word' id='word_1_123' title='bbox 1071 829 1171 863; x_wconf 89' lang='lat' dir='ltr'>tuae</span> <span class='ocrx_word' id='word_1_124' title='bbox 1202 826 1333 874; x_wconf 89' lang='lat' dir='ltr'>ipsius</span> <span class='ocrx_word' id='word_1_125' title='bbox 1364 837 1516 862; x_wconf 86' lang='lat' dir='ltr'>manus</span> <span class='ocrx_word' id='word_1_126' title='bbox 1547 837 1679 874; x_wconf 84' lang='lat' dir='ltr'>qnan-</span> 
     </span>
     <span class='ocr_line' id='line_1_14' title="bbox 102 880 1679 933; baseline -0.003 -12"><span class='ocrx_word' id='word_1_127' title='bbox 102 884 264 921; x_wconf 89' lang='lat' dir='ltr'>tumuis</span> <span class='ocrx_word' id='word_1_128' title='bbox 286 884 460 921; x_wconf 88' lang='lat' dir='ltr'>minimo</span> <span class='ocrx_word' id='word_1_129' title='bbox 485 881 681 933; x_wconf 90' lang='lat' dir='ltr'>epistolio</span> <span class='ocrx_word' id='word_1_130' title='bbox 706 881 908 931; x_wconf 89' lang='lat' dir='ltr'>dignatus</span> <span class='ocrx_word' id='word_1_131' title='bbox 934 880 1076 926; x_wconf 86' lang='lat' dir='ltr'>fueris,</span> <span class='ocrx_word' id='word_1_132' title='bbox 1099 881 1180 918; x_wconf 91' lang='lat' dir='ltr'>erit</span> <span class='ocrx_word' id='word_1_133' title='bbox 1208 880 1313 917; x_wconf 90' lang='lat' dir='ltr'>illud</span> <span class='ocrx_word' id='word_1_134' title='bbox 1339 893 1467 929; x_wconf 87' lang='lat' dir='ltr'>quam</span> <span class='ocrx_word' id='word_1_135' title='bbox 1493 881 1679 929; x_wconf 72' lang='lat' dir='ltr'>gratissi-</span> 
     </span>
     <span class='ocr_line' id='line_1_15' title="bbox 101 934 1679 985; baseline -0.003 -9"><span class='ocrx_word' id='word_1_136' title='bbox 101 951 219 976; x_wconf 91' lang='lat' dir='ltr'>mum</span> <span class='ocrx_word' id='word_1_137' title='bbox 247 942 291 975; x_wconf 89' lang='lat' dir='ltr'>et</span> <span class='ocrx_word' id='word_1_138' title='bbox 321 938 498 976; x_wconf 84' lang='lat' dir='ltr'>maximi</span> <span class='ocrx_word' id='word_1_139' title='bbox 525 937 711 975; x_wconf 90' lang='lat' dir='ltr'>muneris</span> <span class='ocrx_word' id='word_1_140' title='bbox 740 936 1002 985; x_wconf 85' lang='lat' dir='ltr'>maximique</span> <span class='ocrx_word' id='word_1_141' title='bbox 1032 935 1224 973; x_wconf 87' lang='lat' dir='ltr'>beneficii</span> <span class='ocrx_word' id='word_1_142' title='bbox 1256 935 1362 973; x_wconf 87' lang='lat' dir='ltr'>loco.</span> <span class='ocrx_word' id='word_1_143' title='bbox 1422 934 1494 972; x_wconf 78' lang='lat' dir='ltr'>Sin</span> <span class='ocrx_word' id='word_1_144' title='bbox 1526 936 1679 979; x_wconf 77' lang='lat' dir='ltr'>minus,</span> 
     </span>
     <span class='ocr_line' id='line_1_16' title="bbox 102 990 1742 1041; baseline -0.002 -10"><span class='ocrx_word' id='word_1_145' title='bbox 102 994 187 1032; x_wconf 90' lang='lat' dir='ltr'>tuis</span> <span class='ocrx_word' id='word_1_146' title='bbox 212 993 319 1031; x_wconf 92' lang='lat' dir='ltr'>illud</span> <span class='ocrx_word' id='word_1_147' title='bbox 345 993 538 1030; x_wconf 90' lang='lat' dir='ltr'>tribuens</span> <span class='ocrx_word' id='word_1_148' title='bbox 563 991 928 1041; x_wconf 86' lang='lat' dir='ltr'>occupationibus,</span> <span class='ocrx_word' id='word_1_149' title='bbox 952 990 1089 1028; x_wconf 88' lang='lat' dir='ltr'>Deum</span> <span class='ocrx_word' id='word_1_150' title='bbox 1117 990 1392 1028; x_wconf 82' lang='lat' dir='ltr'>nihilominus</span> <span class='ocrx_word' id='word_1_151' title='bbox 1421 994 1465 1027; x_wconf 89' lang='lat' dir='ltr'>et</span> <span class='ocrx_word' id='word_1_152' title='bbox 1493 1002 1679 1040; x_wconf 80' lang='lat' dir='ltr'>superos,</span> <span class='ocrx_word' id='word_1_153' title='bbox 1702 1001 1742 1031; x_wconf 83' lang='lat'>55</span> 
     </span>
     <span class='ocr_line' id='line_1_17' title="bbox 101 1044 1679 1097; baseline -0.003 -11"><span class='ocrx_word' id='word_1_154' title='bbox 101 1051 151 1086; x_wconf 87' lang='lat' dir='ltr'>vt</span> <span class='ocrx_word' id='word_1_155' title='bbox 181 1052 224 1085; x_wconf 90' lang='lat' dir='ltr'>te</span> <span class='ocrx_word' id='word_1_156' title='bbox 255 1061 384 1097; x_wconf 88' lang='lat' dir='ltr'>quam</span> <span class='ocrx_word' id='word_1_157' title='bbox 415 1048 652 1085; x_wconf 87' lang='lat' dir='ltr'>diutissime</span> <span class='ocrx_word' id='word_1_158' title='bbox 682 1049 905 1096; x_wconf 87' lang='lat' dir='ltr'>praestent</span> <span class='ocrx_word' id='word_1_159' title='bbox 937 1046 1211 1095; x_wconf 86' lang='lat' dir='ltr'>superstitem</span> <span class='ocrx_word' id='word_1_160' title='bbox 1243 1049 1375 1094; x_wconf 83' lang='lat' dir='ltr'>atque</span> <span class='ocrx_word' id='word_1_161' title='bbox 1410 1044 1679 1089; x_wconf 88' lang='lat' dir='ltr'>incolumem,</span> 
     </span>
     <span class='ocr_line' id='line_1_18' title="bbox 101 1100 1681 1152; baseline -0.002 -12"><span class='ocrx_word' id='word_1_162' title='bbox 101 1103 272 1141; x_wconf 89' lang='lat' dir='ltr'>assidua</span> <span class='ocrx_word' id='word_1_163' title='bbox 310 1115 430 1152; x_wconf 86' lang='lat' dir='ltr'>prece</span> <span class='ocrx_word' id='word_1_164' title='bbox 470 1101 728 1152; x_wconf 83' lang='lat' dir='ltr'>oppugnabo</span> <span class='ocrx_word' id='word_1_165' title='bbox 768 1104 847 1138; x_wconf 92' lang='lat' dir='ltr'>etc.</span> <span class='ocrx_word' id='word_1_166' title='bbox 909 1100 1013 1138; x_wconf 88' lang='lat' dir='ltr'>Vale</span> <span class='ocrx_word' id='word_1_167' title='bbox 1054 1101 1236 1150; x_wconf 85' lang='lat' dir='ltr'>viueque</span> <span class='ocrx_word' id='word_1_168' title='bbox 1277 1101 1363 1146; x_wconf 82' lang='lat' dir='ltr'>diu,</span> <span class='ocrx_word' id='word_1_169' title='bbox 1402 1101 1466 1137; x_wconf 80' lang='lat' dir='ltr'>vir</span> <span class='ocrx_word' id='word_1_170' title='bbox 1507 1101 1598 1137; x_wconf 79' lang='lat' dir='ltr'>vita</span> <span class='ocrx_word' id='word_1_171' title='bbox 1638 1104 1681 1137; x_wconf 91' lang='lat' dir='ltr'>et</span> 
     </span>
     <span class='ocr_line' id='line_1_19' title="bbox 99 1157 703 1207; baseline -0.002 -12"><span class='ocrx_word' id='word_1_172' title='bbox 99 1158 427 1196; x_wconf 90' lang='lat' dir='ltr'>immortalitate</span> <span class='ocrx_word' id='word_1_173' title='bbox 448 1157 703 1207; x_wconf 86' lang='lat' dir='ltr'>dignissime.</span> 
     </span>
    </p>

    <p class='ocr_par' dir='ltr' id='par_1_4' title="bbox 155 1212 895 1258">
     <span class='ocr_line' id='line_1_20' title="bbox 155 1212 895 1258; baseline -0.001 -8"><span class='ocrx_word' id='word_1_174' title='bbox 155 1212 396 1258; x_wconf 86' lang='lat' dir='ltr'>Cracouiae,</span> <span class='ocrx_word' id='word_1_175' title='bbox 418 1223 491 1250; x_wconf 83' lang='lat' dir='ltr'>xv.</span> <span class='ocrx_word' id='word_1_176' title='bbox 515 1212 616 1250; x_wconf 86' lang='lat' dir='ltr'>Maii</span> <span class='ocrx_word' id='word_1_177' title='bbox 636 1221 895 1250; x_wconf 81' lang='lat' dir='ltr'>M.D.xxx111.</span> 
     </span>
    </p>

    <p class='ocr_par' dir='ltr' id='par_1_5' title="bbox 787 1264 1744 1370">
     <span class='ocr_line' id='line_1_21' title="bbox 994 1264 1744 1311; baseline -0.007 -8"><span class='ocrx_word' id='word_1_178' title='bbox 994 1265 1177 1303; x_wconf 89' lang='lat' dir='ltr'>Iacobus</span> <span class='ocrx_word' id='word_1_179' title='bbox 1198 1264 1432 1311; x_wconf 77' lang='lat' dir='ltr'>Grofficius,</span> <span class='ocrx_word' id='word_1_180' title='bbox 1701 1269 1744 1298; x_wconf 81' lang='lat'>60</span> 
     </span>
     <span class='ocr_line' id='line_1_22' title="bbox 787 1320 1624 1370; baseline -0.001 -11"><span class='ocrx_word' id='word_1_181' title='bbox 787 1325 931 1359; x_wconf 88' lang='lat' dir='ltr'>custos</span> <span class='ocrx_word' id='word_1_182' title='bbox 952 1321 1091 1358; x_wconf 90' lang='lat' dir='ltr'>sancti</span> <span class='ocrx_word' id='word_1_183' title='bbox 1111 1320 1251 1370; x_wconf 88' lang='lat' dir='ltr'>Egidii</span> <span class='ocrx_word' id='word_1_184' title='bbox 1272 1320 1624 1369; x_wconf 81' lang='lat' dir='ltr'>Crac&lt;ouiensis&gt;.</span> 
     </span>
    </p>
   </div>
   <div class='ocr_carea' id='block_1_3' title="bbox 100 1392 1682 1488">
    <p class='ocr_par' dir='ltr' id='par_1_6' title="bbox 100 1392 1682 1488">
     <span class='ocr_line' id='line_1_23' title="bbox 155 1392 1682 1443; baseline -0.001 -11"><span class='ocrx_word' id='word_1_185' title='bbox 155 1394 531 1432; x_wconf 89' lang='lat' dir='ltr'>Praestantissimo</span> <span class='ocrx_word' id='word_1_186' title='bbox 549 1394 639 1432; x_wconf 84' lang='lat' dir='ltr'>viro</span> <span class='ocrx_word' id='word_1_187' title='bbox 661 1396 705 1431; x_wconf 91' lang='lat' dir='ltr'>et</span> <span class='ocrx_word' id='word_1_188' title='bbox 721 1393 997 1443; x_wconf 84' lang='lat' dir='ltr'>vndiquaque</span> <span class='ocrx_word' id='word_1_189' title='bbox 1019 1392 1280 1438; x_wconf 89' lang='lat' dir='ltr'>doctissimo,</span> <span class='ocrx_word' id='word_1_190' title='bbox 1298 1392 1484 1430; x_wconf 90' lang='lat' dir='ltr'>Domino</span> <span class='ocrx_word' id='word_1_191' title='bbox 1501 1392 1682 1430; x_wconf 89' lang='lat' dir='ltr'>Erasmo</span> 
     </span>
     <span class='ocr_line' id='line_1_24' title="bbox 100 1448 435 1488; baseline 0 -1"><span class='ocrx_word' id='word_1_192' title='bbox 100 1448 435 1488; x_wconf 87' lang='lat' dir='ltr'>Rhoterodamo.</span> 
     </span>
    </p>
   </div>
   <div class='ocr_carea' id='block_1_4' title="bbox 488 1577 1290 1619">
    <p class='ocr_par' dir='ltr' id='par_1_7' title="bbox 488 1577 1290 1619">
     <span class='ocr_line' id='line_1_25' title="bbox 488 1577 1290 1619; baseline 0 -1"><span class='ocrx_word' id='word_1_193' title='bbox 488 1581 618 1618; x_wconf 79' lang='lat'>2812.</span> <span class='ocrx_word' id='word_1_194' title='bbox 684 1577 751 1618; x_wconf 91' lang='lat' dir='ltr'>To</span> <span class='ocrx_word' id='word_1_195' title='bbox 775 1577 922 1618; x_wconf 79' lang='lat' dir='ltr'>MARY</span> <span class='ocrx_word' id='word_1_196' title='bbox 947 1589 1004 1618; x_wconf 82' lang='lat' dir='ltr'>OF</span> <span class='ocrx_word' id='word_1_197' title='bbox 1027 1577 1290 1619; x_wconf 83' lang='lat' dir='ltr'>HUNGARY.</span> 
     </span>
    </p>
   </div>
   <div class='ocr_carea' id='block_1_5' title="bbox 148 1668 1629 1762">
    <p class='ocr_par' dir='ltr' id='par_1_8' title="bbox 148 1668 1629 1762">
     <span class='ocr_line' id='line_1_26' title="bbox 148 1668 1596 1714; baseline -0.001 -11"><span class='ocrx_word' id='word_1_198' title='bbox 148 1669 374 1714; x_wconf 87' lang='lat' dir='ltr'>Esterhazy</span> <span class='ocrx_word' id='word_1_199' title='bbox 393 1668 475 1703; x_wconf 83' lang='lat' dir='ltr'>MS.</span> <span class='ocrx_word' id='word_1_200' title='bbox 498 1677 580 1713; x_wconf 79' lang='lat'>347.</span> <span class='ocrx_word' id='word_1_201' title='bbox 1389 1668 1596 1713; x_wconf 83' lang='lat' dir='ltr'>Freiburg.</span> 
     </span>
     <span class='ocr_line' id='line_1_27' title="bbox 149 1718 1629 1762; baseline -0.001 -9"><span class='ocrx_word' id='word_1_202' title='bbox 149 1719 232 1754; x_wconf 91' lang='lat' dir='ltr'>OE.</span> <span class='ocrx_word' id='word_1_203' title='bbox 255 1721 338 1762; x_wconf 84' lang='lat'>369.</span> <span class='ocrx_word' id='word_1_204' title='bbox 1355 1728 1369 1751; x_wconf 90' lang='lat'>1</span> <span class='ocrx_word' id='word_1_205' title='bbox 1391 1718 1501 1752; x_wconf 77' lang='lat' dir='ltr'>June</span> <span class='ocrx_word' id='word_1_206' title='bbox 1524 1728 1629 1762; x_wconf 81' lang='lat'>1533.</span> 
     </span>
    </p>
   </div>
   <div class='ocr_carea' id='block_1_6' title="bbox 98 1785 1682 2035">
    <p class='ocr_par' dir='ltr' id='par_1_9' title="bbox 98 1785 1682 1915">
     <span class='ocr_line' id='line_1_28' title="bbox 144 1785 1681 1826; baseline -0.001 -8"><span class='ocrx_word' id='word_1_207' title='bbox 144 1787 191 1825; x_wconf 92' lang='lat' dir='ltr'>[A</span> <span class='ocrx_word' id='word_1_208' title='bbox 209 1787 319 1818; x_wconf 86' lang='lat' dir='ltr'>letter</span> <span class='ocrx_word' id='word_1_209' title='bbox 336 1786 497 1822; x_wconf 83' lang='lat' dir='ltr'>written,</span> <span class='ocrx_word' id='word_1_210' title='bbox 516 1785 688 1826; x_wconf 84' lang='lat' dir='ltr'>together</span> <span class='ocrx_word' id='word_1_211' title='bbox 704 1786 794 1817; x_wconf 86' lang='lat' dir='ltr'>with</span> <span class='ocrx_word' id='word_1_212' title='bbox 812 1786 882 1826; x_wconf 86' lang='lat' dir='ltr'>Ep.</span> <span class='ocrx_word' id='word_1_213' title='bbox 903 1786 1001 1825; x_wconf 84' lang='lat'>2813,</span> <span class='ocrx_word' id='word_1_214' title='bbox 1020 1790 1059 1817; x_wconf 90' lang='lat' dir='ltr'>to</span> <span class='ocrx_word' id='word_1_215' title='bbox 1080 1785 1315 1817; x_wconf 87' lang='lat' dir='ltr'>recommend</span> <span class='ocrx_word' id='word_1_216' title='bbox 1338 1785 1447 1816; x_wconf 81' lang='lat' dir='ltr'>Peter</span> <span class='ocrx_word' id='word_1_217' title='bbox 1464 1785 1681 1823; x_wconf 84' lang='lat' dir='ltr'>Montfoert,</span> 
     </span>
     <span class='ocr_line' id='line_1_29' title="bbox 99 1830 1682 1871; baseline 0 -10"><span class='ocrx_word' id='word_1_218' title='bbox 99 1831 181 1862; x_wconf 91' lang='lat' dir='ltr'>who</span> <span class='ocrx_word' id='word_1_219' title='bbox 199 1830 273 1861; x_wconf 81' lang='lat' dir='ltr'>had</span> <span class='ocrx_word' id='word_1_220' title='bbox 290 1830 452 1870; x_wconf 87' lang='lat' dir='ltr'>brought</span> <span class='ocrx_word' id='word_1_221' title='bbox 469 1834 509 1861; x_wconf 86' lang='lat' dir='ltr'>to</span> <span class='ocrx_word' id='word_1_222' title='bbox 527 1830 703 1860; x_wconf 87' lang='lat' dir='ltr'>Erasmus</span> <span class='ocrx_word' id='word_1_223' title='bbox 724 1834 764 1860; x_wconf 85' lang='lat' dir='ltr'>at</span> <span class='ocrx_word' id='word_1_224' title='bbox 786 1830 964 1871; x_wconf 83' lang='lat' dir='ltr'>Freiburg</span> <span class='ocrx_word' id='word_1_225' title='bbox 984 1830 1048 1861; x_wconf 84' lang='lat' dir='ltr'>the</span> <span class='ocrx_word' id='word_1_226' title='bbox 1070 1830 1305 1861; x_wconf 74' lang='lat' dir='ltr'>honorarium</span> <span class='ocrx_word' id='word_1_227' title='bbox 1324 1830 1419 1860; x_wconf 87' lang='lat' dir='ltr'>from</span> <span class='ocrx_word' id='word_1_228' title='bbox 1438 1830 1502 1861; x_wconf 88' lang='lat' dir='ltr'>the</span> <span class='ocrx_word' id='word_1_229' title='bbox 1519 1832 1539 1861; x_wconf 79' lang='lat'>6</span> <span class='ocrx_word' id='word_1_230' title='bbox 1558 1830 1682 1861; x_wconf 80' lang='lat' dir='ltr'>States</span> 
     </span>
     <span class='ocr_line' id='line_1_30' title="bbox 98 1874 1209 1915; baseline -0.002 -9"><span class='ocrx_word' id='word_1_231' title='bbox 98 1875 137 1906; x_wconf 78' lang='lat' dir='ltr'>of</span> <span class='ocrx_word' id='word_1_232' title='bbox 154 1874 338 1911; x_wconf 82' lang='lat' dir='ltr'>Holland;</span> <span class='ocrx_word' id='word_1_233' title='bbox 365 1884 424 1905; x_wconf 89' lang='lat' dir='ltr'>see</span> <span class='ocrx_word' id='word_1_234' title='bbox 440 1875 511 1915; x_wconf 87' lang='lat' dir='ltr'>Ep.</span> <span class='ocrx_word' id='word_1_235' title='bbox 532 1875 617 1914; x_wconf 78' lang='lat'>2389</span> <span class='ocrx_word' id='word_1_236' title='bbox 634 1874 784 1911; x_wconf 84' lang='lat' dir='ltr'>introd.‚</span> <span class='ocrx_word' id='word_1_237' title='bbox 802 1874 848 1904; x_wconf 83' lang='lat' dir='ltr'>cf.</span> <span class='ocrx_word' id='word_1_238' title='bbox 868 1875 938 1914; x_wconf 89' lang='lat' dir='ltr'>Ep.</span> <span class='ocrx_word' id='word_1_239' title='bbox 958 1875 1054 1905; x_wconf 82' lang='lat'>2818.</span> <span class='ocrx_word' id='word_1_240' title='bbox 1077 1875 1209 1913; x_wconf 85' lang='lat'>15-25.]</span> 
     </span>
    </p>

    <p class='ocr_par' dir='ltr' id='par_1_10' title="bbox 100 1945 1680 1973">
     <span class='ocr_line' id='line_1_31' title="bbox 100 1945 1680 1973; baseline 0 -1"><span class='ocrx_word' id='word_1_241' title='bbox 100 1945 300 1973; x_wconf 82' lang='lat' dir='ltr'>ERASMVS</span> <span class='ocrx_word' id='word_1_242' title='bbox 316 1945 642 1972; x_wconf 82' lang='lat' dir='ltr'>ROTERODAMVS</span> <span class='ocrx_word' id='word_1_243' title='bbox 664 1945 988 1972; x_wconf 84' lang='lat' dir='ltr'>SERENISSIMAE</span> <span class='ocrx_word' id='word_1_244' title='bbox 1009 1945 1209 1973; x_wconf 84' lang='lat' dir='ltr'>REGINAE</span> <span class='ocrx_word' id='word_1_245' title='bbox 1227 1945 1399 1972; x_wconf 79' lang='lat' dir='ltr'><strong>MARIAE</strong></span> <span class='ocrx_word' id='word_1_246' title='bbox 1417 1945 1680 1973; x_wconf 78' lang='lat' dir='ltr'><strong>HVNGARIAE</strong></span> 
     </span>
    </p>

    <p class='ocr_par' dir='ltr' id='par_1_11' title="bbox 131 2000 1645 2035">
     <span class='ocr_line' id='line_1_32' title="bbox 131 2000 1645 2035; baseline 0.001 -8"><span class='ocrx_word' id='word_1_247' title='bbox 131 2001 186 2027; x_wconf 88' lang='lat' dir='ltr'>ET</span> <span class='ocrx_word' id='word_1_248' title='bbox 202 2001 434 2027; x_wconf 84' lang='lat' dir='ltr'><strong>BOHEMIAE</strong></span> <span class='ocrx_word' id='word_1_249' title='bbox 451 2001 632 2035; x_wconf 86' lang='lat' dir='ltr'>VIDVAE,</span> <span class='ocrx_word' id='word_1_250' title='bbox 650 2000 907 2027; x_wconf 81' lang='lat' dir='ltr'>INFERIORIS</span> <span class='ocrx_word' id='word_1_251' title='bbox 924 2001 1189 2027; x_wconf 77' lang='lat' dir='ltr'><strong>GERMANIAE</strong></span> <span class='ocrx_word' id='word_1_252' title='bbox 1206 2001 1537 2028; x_wconf 82' lang='lat' dir='ltr'>GVBERNATRICI</span> <span class='ocrx_word' id='word_1_253' title='bbox 1557 2001 1588 2027; x_wconf 82' lang='lat' dir='ltr'>S.</span> <span class='ocrx_word' id='word_1_254' title='bbox 1606 2002 1645 2028; x_wconf 84' lang='lat' dir='ltr'>D.</span> 
     </span>
    </p>
   </div>
   <div class='ocr_carea' id='block_1_7' title="bbox 97 2061 1739 2937">
    <p class='ocr_par' dir='ltr' id='par_1_12' title="bbox 98 2061 1718 2552">
     <span class='ocr_line' id='line_1_33' title="bbox 156 2061 1679 2111; baseline 0.001 -13"><span class='ocrx_word' id='word_1_255' title='bbox 156 2061 249 2099; x_wconf 85' lang='lat' dir='ltr'>PRO</span> <span class='ocrx_word' id='word_1_256' title='bbox 264 2061 468 2111; x_wconf 87' lang='lat' dir='ltr'>singulari</span> <span class='ocrx_word' id='word_1_257' title='bbox 482 2065 582 2099; x_wconf 91' lang='lat' dir='ltr'>tuae</span> <span class='ocrx_word' id='word_1_258' title='bbox 596 2062 835 2099; x_wconf 86' lang='lat' dir='ltr'>maiestatis</span> <span class='ocrx_word' id='word_1_259' title='bbox 853 2074 951 2111; x_wconf 89' lang='lat' dir='ltr'>erga</span> <span class='ocrx_word' id='word_1_260' title='bbox 965 2074 1031 2099; x_wconf 89' lang='lat' dir='ltr'>me</span> <span class='ocrx_word' id='word_1_261' title='bbox 1046 2061 1206 2107; x_wconf 84' lang='lat' dir='ltr'>fauore,</span> <span class='ocrx_word' id='word_1_262' title='bbox 1224 2062 1387 2111; x_wconf 82' lang='lat' dir='ltr'>Regina</span> <span class='ocrx_word' id='word_1_263' title='bbox 1402 2062 1679 2108; x_wconf 78' lang='lat' dir='ltr'>serenissima,</span> 
     </span>
     <span class='ocr_line' id='line_1_34' title="bbox 103 2116 1680 2167; baseline 0 -13"><span class='ocrx_word' id='word_1_264' title='bbox 103 2117 305 2166; x_wconf 87' lang='lat' dir='ltr'>quoniam</span> <span class='ocrx_word' id='word_1_265' title='bbox 336 2120 385 2154; x_wconf 85' lang='lat' dir='ltr'>vt</span> <span class='ocrx_word' id='word_1_266' title='bbox 415 2116 645 2166; x_wconf 88' lang='lat' dir='ltr'>plurimum</span> <span class='ocrx_word' id='word_1_267' title='bbox 677 2116 824 2162; x_wconf 83' lang='lat' dir='ltr'>debeo,</span> <span class='ocrx_word' id='word_1_268' title='bbox 856 2117 918 2154; x_wconf 89' lang='lat' dir='ltr'>ita</span> <span class='ocrx_word' id='word_1_269' title='bbox 947 2116 1081 2154; x_wconf 87' lang='lat' dir='ltr'>debeo</span> <span class='ocrx_word' id='word_1_270' title='bbox 1112 2117 1399 2167; x_wconf 86' lang='lat' dir='ltr'>perlubenter‚</span> <span class='ocrx_word' id='word_1_271' title='bbox 1429 2118 1553 2166; x_wconf 90' lang='lat' dir='ltr'>cupio</span> <span class='ocrx_word' id='word_1_272' title='bbox 1585 2117 1680 2167; x_wconf 87' lang='lat' dir='ltr'>plus</span> 
     </span>
     <span class='ocr_line' id='line_1_35' title="bbox 101 2166 1681 2222; baseline 0.001 -14"><span class='ocrx_word' id='word_1_273' title='bbox 101 2172 233 2209; x_wconf 88' lang='lat' dir='ltr'>eciam</span> <span class='ocrx_word' id='word_1_274' title='bbox 262 2171 426 2209; x_wconf 88' lang='lat' dir='ltr'>debere.</span> <span class='ocrx_word' id='word_1_275' title='bbox 487 2171 590 2209; x_wconf 88' lang='lat' dir='ltr'>Mihi</span> <span class='ocrx_word' id='word_1_276' title='bbox 617 2166 729 2209; x_wconf 76' lang='lat' dir='ltr'>enim</span> <span class='ocrx_word' id='word_1_277' title='bbox 758 2171 944 2221; x_wconf 88' lang='lat' dir='ltr'>impendi</span> <span class='ocrx_word' id='word_1_278' title='bbox 968 2176 1076 2222; x_wconf 87' lang='lat' dir='ltr'>puto</span> <span class='ocrx_word' id='word_1_279' title='bbox 1102 2172 1306 2221; x_wconf 88' lang='lat' dir='ltr'>quicquid</span> <span class='ocrx_word' id='word_1_280' title='bbox 1336 2173 1385 2209; x_wconf 89' lang='lat' dir='ltr'>iis</span> <span class='ocrx_word' id='word_1_281' title='bbox 1417 2172 1681 2221; x_wconf 85' lang='lat' dir='ltr'>impenditur</span> 
     </span>
     <span class='ocr_line' id='line_1_36' title="bbox 100 2226 1678 2276; baseline 0.001 -13"><span class='ocrx_word' id='word_1_282' title='bbox 100 2227 173 2276; x_wconf 93' lang='lat' dir='ltr'>qui</span> <span class='ocrx_word' id='word_1_283' title='bbox 212 2226 411 2276; x_wconf 89' lang='lat' dir='ltr'>principis</span> <span class='ocrx_word' id='word_1_284' title='bbox 451 2227 531 2264; x_wconf 87' lang='lat' dir='ltr'>mei</span> <span class='ocrx_word' id='word_1_285' title='bbox 567 2226 720 2264; x_wconf 92' lang='lat' dir='ltr'>ditioni</span> <span class='ocrx_word' id='word_1_286' title='bbox 756 2226 823 2264; x_wconf 89' lang='lat' dir='ltr'>vel</span> <span class='ocrx_word' id='word_1_287' title='bbox 858 2227 1068 2276; x_wconf 86' lang='lat' dir='ltr'>egregiam</span> <span class='ocrx_word' id='word_1_288' title='bbox 1105 2227 1293 2276; x_wconf 79' lang='lat' dir='ltr'>aliquam</span> <span class='ocrx_word' id='word_1_289' title='bbox 1335 2226 1570 2264; x_wconf 81' lang='lat' dir='ltr'>vtilitatem</span> <span class='ocrx_word' id='word_1_290' title='bbox 1612 2227 1678 2265; x_wconf 80' lang='lat' dir='ltr'>vel</span> 
     </span>
     <span class='ocr_line' id='line_1_37' title="bbox 100 2281 1718 2332; baseline 0.001 -14"><span class='ocrx_word' id='word_1_291' title='bbox 100 2285 399 2319; x_wconf 90' lang='lat' dir='ltr'>ornamentum</span> <span class='ocrx_word' id='word_1_292' title='bbox 421 2281 595 2319; x_wconf 88' lang='lat' dir='ltr'>allaturi</span> <span class='ocrx_word' id='word_1_293' title='bbox 616 2281 857 2319; x_wconf 86' lang='lat' dir='ltr'>videantur.</span> <span class='ocrx_word' id='word_1_294' title='bbox 910 2281 1100 2320; x_wconf 88' lang='lat' dir='ltr'>Tametsi</span> <span class='ocrx_word' id='word_1_295' title='bbox 1121 2283 1163 2319; x_wconf 92' lang='lat' dir='ltr'>in</span> <span class='ocrx_word' id='word_1_296' title='bbox 1186 2283 1431 2332; x_wconf 88' lang='lat' dir='ltr'>praesencia</span> <span class='ocrx_word' id='word_1_297' title='bbox 1452 2282 1556 2319; x_wconf 88' lang='lat' dir='ltr'>nihil</span> <span class='ocrx_word' id='word_1_298' title='bbox 1579 2284 1679 2320; x_wconf 86' lang='lat' dir='ltr'>noui</span> <span class='ocrx_word' id='word_1_299' title='bbox 1700 2300 1718 2330; x_wconf 82' lang='lat'><em>5</em></span> 
     </span>
     <span class='ocr_line' id='line_1_38' title="bbox 100 2335 1679 2387; baseline 0.001 -14"><span class='ocrx_word' id='word_1_300' title='bbox 100 2335 291 2374; x_wconf 87' lang='lat' dir='ltr'>beneficii</span> <span class='ocrx_word' id='word_1_301' title='bbox 318 2340 432 2386; x_wconf 89' lang='lat' dir='ltr'>peto,</span> <span class='ocrx_word' id='word_1_302' title='bbox 461 2349 537 2374; x_wconf 91' lang='lat' dir='ltr'>nec</span> <span class='ocrx_word' id='word_1_303' title='bbox 565 2336 752 2374; x_wconf 88' lang='lat' dir='ltr'>arbitror</span> <span class='ocrx_word' id='word_1_304' title='bbox 782 2336 1004 2387; x_wconf 84' lang='lat' dir='ltr'>praecibus</span> <span class='ocrx_word' id='word_1_305' title='bbox 1031 2350 1120 2375; x_wconf 88' lang='lat' dir='ltr'>esse</span> <span class='ocrx_word' id='word_1_306' title='bbox 1148 2350 1267 2387; x_wconf 88' lang='lat' dir='ltr'>opus.</span> <span class='ocrx_word' id='word_1_307' title='bbox 1329 2337 1519 2374; x_wconf 87' lang='lat' dir='ltr'>Tantum</span> <span class='ocrx_word' id='word_1_308' title='bbox 1547 2338 1679 2375; x_wconf 88' lang='lat' dir='ltr'>animi</span> 
     </span>
     <span class='ocr_line' id='line_1_39' title="bbox 99 2391 1677 2441; baseline 0.001 -13"><span class='ocrx_word' id='word_1_309' title='bbox 99 2392 181 2428; x_wconf 92' lang='lat' dir='ltr'>mei</span> <span class='ocrx_word' id='word_1_310' title='bbox 201 2391 403 2441; x_wconf 86' lang='lat' dir='ltr'>gaudium</span> <span class='ocrx_word' id='word_1_311' title='bbox 421 2392 571 2429; x_wconf 90' lang='lat' dir='ltr'>testari</span> <span class='ocrx_word' id='word_1_312' title='bbox 588 2391 705 2429; x_wconf 83' lang='lat' dir='ltr'>volui</span> <span class='ocrx_word' id='word_1_313' title='bbox 726 2392 766 2429; x_wconf 89' lang='lat' dir='ltr'>in</span> <span class='ocrx_word' id='word_1_314' title='bbox 790 2392 982 2429; x_wconf 88' lang='lat' dir='ltr'>ornando</span> <span class='ocrx_word' id='word_1_315' title='bbox 1000 2392 1129 2430; x_wconf 75' lang='lat' dir='ltr'>Petro</span> <span class='ocrx_word' id='word_1_316' title='bbox 1150 2405 1175 2430; x_wconf 90' lang='lat' dir='ltr'>a</span> <span class='ocrx_word' id='word_1_317' title='bbox 1192 2392 1404 2430; x_wconf 83' lang='lat' dir='ltr'>Montfort</span> <span class='ocrx_word' id='word_1_318' title='bbox 1422 2392 1677 2430; x_wconf 83' lang='lat' dir='ltr'>beneuolum</span> 
     </span>
     <span class='ocr_line' id='line_1_40' title="bbox 98 2444 1675 2497; baseline -0.001 -13"><span class='ocrx_word' id='word_1_319' title='bbox 98 2444 287 2484; x_wconf 86' lang='lat' dir='ltr'>Caesaris</span> <span class='ocrx_word' id='word_1_320' title='bbox 309 2446 499 2484; x_wconf 88' lang='lat' dir='ltr'>animum</span> <span class='ocrx_word' id='word_1_321' title='bbox 528 2459 623 2484; x_wconf 90' lang='lat' dir='ltr'>cum</span> <span class='ocrx_word' id='word_1_322' title='bbox 650 2451 726 2484; x_wconf 87' lang='lat' dir='ltr'>tuo</span> <span class='ocrx_word' id='word_1_323' title='bbox 751 2448 1003 2492; x_wconf 87' lang='lat' dir='ltr'>consentire,</span> <span class='ocrx_word' id='word_1_324' title='bbox 1027 2448 1100 2497; x_wconf 85' lang='lat' dir='ltr'>qui</span> <span class='ocrx_word' id='word_1_325' title='bbox 1123 2449 1323 2497; x_wconf 88' lang='lat' dir='ltr'>quoniam</span> <span class='ocrx_word' id='word_1_326' title='bbox 1353 2461 1378 2485; x_wconf 88' lang='lat' dir='ltr'>a</span> <span class='ocrx_word' id='word_1_327' title='bbox 1403 2448 1558 2485; x_wconf 84' lang='lat' dir='ltr'>iudicio</span> <span class='ocrx_word' id='word_1_328' title='bbox 1584 2461 1675 2497; x_wconf 84' lang='lat' dir='ltr'>pro-</span> 
     </span>
     <span class='ocr_line' id='line_1_41' title="bbox 100 2500 1255 2552; baseline 0.002 -14"><span class='ocrx_word' id='word_1_329' title='bbox 100 2500 312 2546; x_wconf 88' lang='lat' dir='ltr'>ficiscitur,</span> <span class='ocrx_word' id='word_1_330' title='bbox 335 2513 419 2538; x_wconf 89' lang='lat' dir='ltr'>non</span> <span class='ocrx_word' id='word_1_331' title='bbox 442 2501 594 2550; x_wconf 77' lang='lat' dir='ltr'>dubito</span> <span class='ocrx_word' id='word_1_332' title='bbox 615 2502 719 2551; x_wconf 92' lang='lat' dir='ltr'>quin</span> <span class='ocrx_word' id='word_1_333' title='bbox 741 2502 797 2539; x_wconf 89' lang='lat' dir='ltr'>sit</span> <span class='ocrx_word' id='word_1_334' title='bbox 818 2506 1052 2552; x_wconf 86' lang='lat' dir='ltr'>perpetuus</span> <span class='ocrx_word' id='word_1_335' title='bbox 1073 2502 1255 2541; x_wconf 80' lang='lat' dir='ltr'>futurus,</span> 
     </span>
    </p>

    <p class='ocr_par' dir='ltr' id='par_1_13' title="bbox 97 2555 1739 2937">
     <span class='ocr_line' id='line_1_42' title="bbox 154 2555 1739 2607; baseline 0.003 -15"><span class='ocrx_word' id='word_1_336' title='bbox 154 2555 327 2593; x_wconf 89' lang='lat' dir='ltr'>quenis</span> <span class='ocrx_word' id='word_1_337' title='bbox 348 2560 413 2593; x_wconf 88' lang='lat' dir='ltr'>est</span> <span class='ocrx_word' id='word_1_338' title='bbox 434 2555 549 2594; x_wconf 86' lang='lat' dir='ltr'>cla-ro</span> <span class='ocrx_word' id='word_1_339' title='bbox 570 2556 687 2605; x_wconf 86' lang='lat' dir='ltr'>apud</span> <span class='ocrx_word' id='word_1_340' title='bbox 708 2569 805 2595; x_wconf 90' lang='lat' dir='ltr'>suos</span> <span class='ocrx_word' id='word_1_341' title='bbox 830 2557 922 2594; x_wconf 91' lang='lat' dir='ltr'>loco</span> <span class='ocrx_word' id='word_1_342' title='bbox 947 2561 1089 2602; x_wconf 47' lang='lat' dir='ltr'>natu&amp;</span> <span class='ocrx_word' id='word_1_343' title='bbox 1112 2559 1218 2595; x_wconf 84' lang='lat' dir='ltr'>raris</span> <span class='ocrx_word' id='word_1_344' title='bbox 1244 2558 1467 2607; x_wconf 85' lang='lat' dir='ltr'>vtriusque</span> <span class='ocrx_word' id='word_1_345' title='bbox 1496 2558 1676 2595; x_wconf 80' lang='lat' dir='ltr'>hominis</span> <span class='ocrx_word' id='word_1_346' title='bbox 1701 2576 1739 2596; x_wconf 79' lang='grc' dir='ltr'>ιο</span> 
     </span>
     <span class='ocr_line' id='line_1_43' title="bbox 99 2610 1674 2662; baseline 0.001 -14"><span class='ocrx_word' id='word_1_347' title='bbox 99 2610 274 2648; x_wconf 89' lang='lat' dir='ltr'>dotibus</span> <span class='ocrx_word' id='word_1_348' title='bbox 294 2610 528 2660; x_wconf 87' lang='lat' dir='ltr'>praeditus,</span> <span class='ocrx_word' id='word_1_349' title='bbox 551 2612 617 2649; x_wconf 88' lang='lat' dir='ltr'>cui</span> <span class='ocrx_word' id='word_1_350' title='bbox 639 2611 786 2649; x_wconf 86' lang='lat' dir='ltr'>diuina</span> <span class='ocrx_word' id='word_1_351' title='bbox 808 2611 1048 2661; x_wconf 82' lang='lat' dir='ltr'>benignitas</span> <span class='ocrx_word' id='word_1_352' title='bbox 1072 2613 1112 2649; x_wconf 91' lang='lat' dir='ltr'>in</span> <span class='ocrx_word' id='word_1_353' title='bbox 1137 2613 1302 2662; x_wconf 82' lang='lat' dir='ltr'>egregio</span> <span class='ocrx_word' id='word_1_354' title='bbox 1329 2614 1515 2662; x_wconf 78' lang='lat' dir='ltr'>corporis</span> <span class='ocrx_word' id='word_1_355' title='bbox 1544 2613 1674 2649; x_wconf 82' lang='lat' dir='ltr'>‹loini-</span> 
     </span>
     <span class='ocr_line' id='line_1_44' title="bbox 98 2665 1677 2717; baseline 0.001 -15"><span class='ocrx_word' id='word_1_356' title='bbox 98 2665 194 2703; x_wconf 90' lang='lat' dir='ltr'>cilio</span> <span class='ocrx_word' id='word_1_357' title='bbox 227 2666 418 2703; x_wconf 81' lang='lat' dir='ltr'>animum</span> <span class='ocrx_word' id='word_1_358' title='bbox 455 2666 609 2704; x_wconf 90' lang='lat' dir='ltr'>indidit</span> <span class='ocrx_word' id='word_1_359' title='bbox 644 2665 766 2716; x_wconf 87' lang='lat' dir='ltr'>longe</span> <span class='ocrx_word' id='word_1_360' title='bbox 802 2668 1173 2716; x_wconf 84' lang='lat' dir='ltr'>praestantiorem.</span> <span class='ocrx_word' id='word_1_361' title='bbox 1234 2668 1345 2705; x_wconf 86' lang='lat' dir='ltr'>Nam</span> <span class='ocrx_word' id='word_1_362' title='bbox 1383 2669 1533 2717; x_wconf 81' lang='lat' dir='ltr'>ingenii</span> <span class='ocrx_word' id='word_1_363' title='bbox 1572 2668 1677 2704; x_wconf 79' lang='lat' dir='ltr'>mira</span> 
     </span>
     <span class='ocr_line' id='line_1_45' title="bbox 97 2719 1675 2772; baseline 0.001 -15"><span class='ocrx_word' id='word_1_364' title='bbox 97 2719 345 2766; x_wconf 88' lang='lat' dir='ltr'>dexteritas,</span> <span class='ocrx_word' id='word_1_365' title='bbox 374 2721 571 2767; x_wconf 87' lang='lat' dir='ltr'>eruditio,</span> <span class='ocrx_word' id='word_1_366' title='bbox 604 2721 762 2759; x_wconf 87' lang='lat' dir='ltr'>candor</span> <span class='ocrx_word' id='word_1_367' title='bbox 791 2726 836 2759; x_wconf 84' lang='lat' dir='ltr'>et</span> <span class='ocrx_word' id='word_1_368' title='bbox 867 2723 1104 2771; x_wconf 68' lang='lat' dir='ltr'>synceritas</span> <span class='ocrx_word' id='word_1_369' title='bbox 1135 2723 1328 2772; x_wconf 82' lang='lat' dir='ltr'>aliaeque</span> <span class='ocrx_word' id='word_1_370' title='bbox 1360 2723 1543 2759; x_wconf 68' lang='lat' dir='ltr'>virtutos</span> <span class='ocrx_word' id='word_1_371' title='bbox 1574 2722 1675 2759; x_wconf 84' lang='lat' dir='ltr'>mihi</span> 
     </span>
     <span class='ocr_line' id='line_1_46' title="bbox 97 2774 1675 2827; baseline 0.001 -15"><span class='ocrx_word' id='word_1_372' title='bbox 97 2774 260 2825; x_wconf 91' lang='lat' dir='ltr'>pridem</span> <span class='ocrx_word' id='word_1_373' title='bbox 296 2775 580 2825; x_wconf 88' lang='lat' dir='ltr'>complurium</span> <span class='ocrx_word' id='word_1_374' title='bbox 616 2776 780 2814; x_wconf 88' lang='lat' dir='ltr'>dierum</span> <span class='ocrx_word' id='word_1_375' title='bbox 814 2776 1048 2814; x_wconf 84' lang='lat' dir='ltr'>domestica</span> <span class='ocrx_word' id='word_1_376' title='bbox 1083 2778 1390 2815; x_wconf 82' lang='lat' dir='ltr'>consuetudine</span> <span class='ocrx_word' id='word_1_377' title='bbox 1428 2782 1675 2827; x_wconf 72' lang='lat' dir='ltr'>perspectae</span> 
     </span>
     <span class='ocr_line' id='line_1_47' title="bbox 100 2831 1735 2882; baseline 0.001 -15"><span class='ocrx_word' id='word_1_378' title='bbox 100 2833 214 2876; x_wconf 84' lang='lat' dir='ltr'>sunt,</span> <span class='ocrx_word' id='word_1_379' title='bbox 237 2834 280 2867; x_wconf 89' lang='lat' dir='ltr'>et</span> <span class='ocrx_word' id='word_1_380' title='bbox 301 2843 386 2879; x_wconf 89' lang='lat' dir='ltr'>quo</span> <span class='ocrx_word' id='word_1_381' title='bbox 407 2831 585 2880; x_wconf 89' lang='lat' dir='ltr'>quisquc</span> <span class='ocrx_word' id='word_1_382' title='bbox 608 2831 727 2868; x_wconf 89' lang='lat' dir='ltr'>illurn</span> <span class='ocrx_word' id='word_1_383' title='bbox 750 2833 925 2881; x_wconf 83' lang='lat' dir='ltr'>propius</span> <span class='ocrx_word' id='word_1_384' title='bbox 947 2833 1133 2882; x_wconf 83' lang='lat' dir='ltr'>inspexit</span> <span class='ocrx_word' id='word_1_385' title='bbox 1154 2846 1202 2870; x_wconf 91' lang='lat' dir='ltr'>ac</span> <span class='ocrx_word' id='word_1_386' title='bbox 1228 2834 1349 2870; x_wconf 87' lang='lat' dir='ltr'>nouit</span> <span class='ocrx_word' id='word_1_387' title='bbox 1376 2833 1573 2882; x_wconf 76' lang='lat' dir='ltr'>penitius.</span> <span class='ocrx_word' id='word_1_388' title='bbox 1599 2832 1674 2869; x_wconf 88' lang='lat' dir='ltr'>hoc</span> <span class='ocrx_word' id='word_1_389' title='bbox 1700 2850 1735 2878; x_wconf 78' lang='lat'>15</span> 
     </span>
     <span class='ocr_line' id='line_1_48' title="bbox 97 2886 1675 2937; baseline 0.001 -16"><span class='ocrx_word' id='word_1_390' title='bbox 97 2888 215 2922; x_wconf 88' lang='lat' dir='ltr'>amat</span> <span class='ocrx_word' id='word_1_391' title='bbox 246 2888 291 2922; x_wconf 89' lang='lat' dir='ltr'>et</span> <span class='ocrx_word' id='word_1_392' title='bbox 325 2886 506 2923; x_wconf 86' lang='lat' dir='ltr'>miratur</span> <span class='ocrx_word' id='word_1_393' title='bbox 541 2887 786 2936; x_wconf 85' lang='lat' dir='ltr'>impensius.</span> <span class='ocrx_word' id='word_1_394' title='bbox 847 2886 967 2924; x_wconf 88' lang='lat' dir='ltr'>Inter</span> <span class='ocrx_word' id='word_1_395' title='bbox 1003 2887 1163 2925; x_wconf 84' lang='lat' dir='ltr'>multas</span> <span class='ocrx_word' id='word_1_396' title='bbox 1199 2892 1343 2925; x_wconf 77' lang='lat' dir='ltr'>autem</span> <span class='ocrx_word' id='word_1_397' title='bbox 1383 2900 1480 2924; x_wconf 76' lang='lat' dir='ltr'>vere</span> <span class='ocrx_word' id='word_1_398' title='bbox 1517 2887 1675 2937; x_wconf 78' lang='lat' dir='ltr'>regales</span> 
     </span>
    </p>
   </div>
   <div class='ocr_carea' id='block_1_8' title="bbox 390 2985 1381 3028">
    <p class='ocr_par' dir='ltr' id='par_1_14' title="bbox 390 2985 1381 3028">
     <span class='ocr_line' id='line_1_49' title="bbox 390 2985 1381 3028; baseline 0 -12"><span class='ocrx_word' id='word_1_399' title='bbox 390 2985 487 3016; x_wconf 82' lang='lat'>2812.</span> <span class='ocrx_word' id='word_1_400' title='bbox 516 2995 566 3016; x_wconf 93' lang='lat'>10.</span> <span class='ocrx_word' id='word_1_401' title='bbox 594 2986 788 3027; x_wconf 85' lang='lat' dir='ltr'>vtriusquc</span> <span class='ocrx_word' id='word_1_402' title='bbox 808 2986 980 3025; x_wconf 86' lang='lat' dir='ltr'>hominis]</span> <span class='ocrx_word' id='word_1_403' title='bbox 999 2986 1053 3017; x_wconf 88' lang='lat' dir='ltr'>Cf.</span> <span class='ocrx_word' id='word_1_404' title='bbox 1074 2987 1144 3028; x_wconf 75' lang='lat' dir='ltr'>Ep.</span> <span class='ocrx_word' id='word_1_405' title='bbox 1166 2997 1260 3026; x_wconf 71' lang='lat'>2441.</span> <span class='ocrx_word' id='word_1_406' title='bbox 1285 2996 1381 3026; x_wconf 84' lang='lat' dir='ltr'>117n.</span> 
     </span>
    </p>
   </div>
  </div>
 </body>
</html>
