1966 3379
115 97 235 146 2818]
528 96 600 135 To
630 96 915 134 BONIFACE
946 95 1266 134 AMERBACH
1604 98 1682 134 245

113 202 325 240 terniones
350 201 527 250 aliquot.
588 200 766 238 Videtur
796 200 925 238 fuisse
952 204 1106 237 nactus
1137 212 1243 249 opus
1275 201 1450 249 aliquod
1479 201 1683 251 Theologi

113 256 365 300 scholastici,
399 256 519 293 cuius
560 259 858 304 argumentum
893 257 1116 303 (tractat).
1179 255 1320 292 Paruo
1356 256 1524 293 emitur.
1586 256 1681 293 Non

113 314 225 348 esset
265 311 493 359 ingratum,
532 311 565 347 si
600 311 792 348 mitteres
825 309 1038 354 Sadoleto,
1072 309 1145 346 sed
1178 309 1414 353 admonito,
1449 315 1497 346 vt
1530 324 1682 348 aurum

112 365 226 415 legat
246 378 267 402 e
288 369 482 402 stercore.
1703 370 1744 400 70

167 419 208 457 Si
231 419 518 468 Hieronymus
539 423 651 457 esset
671 419 869 457 aditurus
890 418 1106 456 nundinas
1123 418 1469 467 Argentinenses,
1489 421 1681 457 commit-

113 478 245 512 terem
288 474 348 511 illi
382 478 431 511 vt
466 475 678 524 acciperet
710 474 931 524 pecuniam
967 473 1051 510 illic
1085 486 1110 510 a
1150 474 1382 518 mensariis,
1417 486 1545 523 quam
1590 474 1681 512 Rex

110 529 300 566 donauit.

167 583 247 620 Hic
282 583 402 621 nulla
438 588 539 621 sunt
573 583 801 633 amygdala
836 583 915 620 nisi
951 583 1131 627 minuta,
1166 583 1398 620 immatura
1433 587 1477 620 et
1512 584 1681 633 putria;

110 641 280 687 gratum
303 637 444 683 fuerit,
467 639 500 675 si
522 638 811 687 Hieronymus
836 638 1029 675 mitteret
1055 637 1136 674 huc
1165 637 1332 686 aliquot
1356 637 1497 675 libras.
1559 638 1681 676 Hanc
1703 655 1743 685 75

109 692 346 742 epistolam,
370 693 403 730 si
426 693 609 738 videtur,
633 693 791 742 poteris
813 692 874 729 illi
896 692 1223 729 communicare.

165 747 279 784 Bene
324 747 431 793 vale,
477 748 609 785 amice
653 746 1008 797 incomparabilis.
1086 746 1293 796 Friburgi.
1336 747 1446 784 festo
1495 749 1682 797 corporis

109 801 321 839 dominici.
372 801 450 839 An.
477 811 593 850 1533.

908 856 1112 894 Erasmus
1136 856 1236 894 Rot.
1261 860 1362 894 tuus
1385 857 1501 894 omni
1524 857 1624 894 iure.

163 926 404 966 Clarissimo
432 927 537 976 <LL.
571 927 758 976 do>ctori
785 927 1006 964 Bonifacio
1037 926 1344 976 Amerbac<hio
1378 928 1494 976 viro>
1523 929 1680 966 incom-
1702 937 1743 967 80

107 982 300 1031 parabili,
323 987 400 1020 aut
421 983 452 1020 si
476 983 509 1020 is
531 983 667 1031 abs<it
690 982 978 1032 H>ieronymo
1001 982 1224 1020 Frobenio.
1286 982 1489 1021 Basileae.

490 1159 618 1196 2819.
683 1155 750 1195 To
773 1155 992 1195 VINCENT
1015 1154 1300 1196 CORNELIUS.

155 1241 284 1284 Epist.
306 1240 448 1274 illustr.
470 1244 510 1274 et
529 1240 623 1273 clar.
644 1240 718 1274 vir.
743 1242 848 1283 1617,
868 1251 906 1284 p.
930 1241 1012 1273 288.
1374 1240 1581 1283 Freiburg.

155 1291 238 1323 LB.
263 1300 367 1331 1251.
1331 1300 1373 1322 12
1393 1289 1501 1322 June
1526 1299 1631 1332 1533.

150 1356 237 1394 [For
254 1357 317 1387 the
336 1357 453 1396 Epist.
473 1357 604 1387 illustr.
623 1362 652 1387 et
670 1357 753 1387 clar.
772 1357 836 1387 vir.
857 1367 916 1387 sec
934 1357 1004 1397 Ep.
1025 1365 1120 1395 2295,
1141 1357 1275 1387 introd.

150 1401 227 1430 The
260 1411 391 1441 person
424 1401 621 1431 addressed
653 1401 737 1431 here
769 1401 843 1431 and
873 1401 908 1431 in
937 1401 1006 1441 Ep.
1034 1410 1118 1440 2923
1148 1401 1177 1430 is
1203 1401 1361 1431 Vincent
1388 1400 1617 1431 Cornelissen
1645 1402 1682 1431 of

106 1444 257 1484 Myerop
278 1446 522 1484 (1480-1550);
549 1445 663 1475 called
683 1446 689 1458 ‘
704 1445 767 1475 the
784 1449 887 1484 great
909 1445 1067 1475 Vincent
1081 1445 1101 1474 '.
1152 1445 1208 1474 He
1229 1444 1380 1475 entered
1402 1445 1465 1475 the
1487 1445 1624 1475 service
1645 1446 1682 1475 of

106 1488 234 1518 Prince
254 1488 402 1519 Charles
425 1489 459 1518 in
486 1497 586 1526 1505;
614 1489 804 1528 becoming
826 1492 833 1502 ⁶
848 1488 1176 1519 Reckenmeester'
1199 1489 1234 1518 in
1257 1497 1350 1526 1515,
1374 1488 1472 1519 First
1494 1488 1680 1519 ‘Recken-

105 1533 282 1563 moester’
303 1533 339 1563 in
360 1533 453 1570 1518,
472 1533 669 1563 Treasurer
685 1532 841 1563 General
858 1533 895 1563 of
919 1533 983 1563 the
1001 1532 1250 1563 Netherlands
1268 1533 1342 1562 and
1361 1533 1455 1563 Lord
1474 1532 1511 1562 of
1529 1532 1682 1563 Cabbau

106 1577 141 1606 in
174 1579 257 1615 1526
286 1577 345 1613 (he
373 1587 447 1606 was
475 1576 674 1607 suceeeded
704 1577 740 1606 in
770 1577 834 1607 the
863 1576 964 1607 office
993 1577 1030 1607 of
1059 1577 1258 1607 Treasurer
1283 1576 1439 1607 General
1466 1577 1515 1616 by
1542 1576 1682 1616 Viglius

105 1620 323 1650 Zuichemus
344 1620 380 1650 in
402 1622 510 1658 1550).
559 1620 626 1651 His
648 1621 882 1651 sels-written
905 1620 1061 1661 epitaph
1079 1621 1139 1661 (he
1157 1631 1231 1650 was
1249 1620 1378 1651 buried
1397 1621 1432 1650 in
1452 1621 1633 1657 Brussels)
1653 1621 1682 1651 is

106 1664 253 1703 printed
272 1664 307 1694 in
326 1664 497 1703 Hoynck,
517 1664 545 1694 I.
566 1665 586 1700 i,
607 1674 641 1704 p.
664 1667 736 1695 160.
785 1665 861 1695 The
888 1665 938 1695 De
958 1665 1149 1704 reipublice
1171 1674 1258 1695 cura
1277 1669 1306 1694 et
1329 1669 1417 1695 sorte
1441 1665 1478 1694 of
1500 1664 1621 1704 Philip
1644 1665 1682 1695 of

105 1707 253 1747 Leyden
279 1708 455 1747 (Le-ydem,
484 1708 535 1738 Io.
562 1708 768 1743 Severinus,
798 1710 894 1747 1516)
921 1709 987 1739 has
1011 1719 1032 1739 a
1059 1709 1251 1749 prefatory
1276 1708 1388 1739 letter
1414 1708 1613 1739 addressed
1642 1713 1681 1739 to

104 1751 321 1782 Vincentius
337 1752 493 1782 Cornelii
511 1752 560 1792 by
577 1752 733 1783 Iodocus
750 1752 919 1791 Franco]

160 1810 198 1848 S.
223 1812 267 1849 P.
310 1811 518 1849 Ornatiss.
546 1813 713 1850 iuuenis
736 1813 887 1850 Petrus
910 1812 1192 1850 Montfortius
1210 1813 1398 1863 repperit
1420 1825 1486 1850 me
1513 1813 1679 1850 semiui-

105 1879 207 1903 uum
238 1866 345 1903 adeo
376 1870 424 1904 vt
455 1879 530 1904 nec
566 1866 734 1904 litteras
765 1867 913 1917 legere,
946 1880 1021 1905 nec
1052 1867 1237 1917 colloqui
1268 1880 1449 1917 possem.
1511 1866 1682 1905 Obtulit

104 1920 207 1958 mihi
239 1934 395 1958 munus
427 1921 685 1959 Hollandiae
714 1922 1002 1968 honorarium,
1032 1922 1106 1960 sed
1135 1935 1266 1972 quum
1297 1922 1557 1972 significaret
1586 1935 1679 1960 eam

104 1977 325 2025 pecuniam
348 1989 437 2014 esse
459 1977 501 2013 in
524 1977 721 2014 manibus
750 1977 917 2015 Erasmi
945 1977 1099 2022 Scheti,
1128 1977 1245 2015 nolui
1274 1977 1328 2014 ab
1357 1979 1448 2027 ipso
1477 1978 1678 2026 accipere.

106 2030 209 2067 Post
231 2031 303 2067 vbi
325 2031 407 2068 iam
432 2031 702 2080 aliquantum
733 2036 947 2070 recreatus
976 2032 1168 2081 legissem
1196 2032 1422 2081 epistolam
1452 2031 1607 2077 Schcti,
1632 2046 1681 2070 ea
1701 2047 1718 2076 5

103 2097 190 2122 non
211 2085 447 2123 declarauit
469 2086 548 2123 sibi
570 2087 793 2136 pecuniam
816 2100 906 2124 esse
929 2087 1153 2125 redditam.
1208 2087 1295 2124 Nec
1318 2100 1410 2124 eam
1435 2088 1605 2136 scripsit
1626 2088 1680 2125 ad

106 2152 184 2185 me,
209 2140 280 2177 sed
308 2141 359 2177 ad
385 2141 561 2178 Petrum
584 2141 899 2180 Mont'fortium.
960 2143 1156 2192 Epistola
1181 2142 1396 2179 Aduocati
1422 2141 1679 2179 Hollandiae

105 2207 188 2232 non
218 2196 422 2245 exprimit
453 2208 676 2241 summam,
709 2209 838 2246 quam
870 2197 1126 2235 Hollandiae
1157 2198 1307 2235 »Status
1338 2197 1489 2234 donari
1526 2197 1677 2234 voluit.

102 2248 183 2287 Sed
205 2249 387 2299 epistola
408 2249 551 2288 Scheti
574 2252 768 2289 nominat
790 2252 997 2290 ducentos
1023 2252 1218 2290 florenos.
1281 2252 1373 2289 Hoc
1396 2265 1553 2289 munus
1576 2252 1679 2289 1111111

103 2308 194 2342 tam
215 2308 385 2354 gratum
408 2309 484 2349 est,
507 2318 554 2342 ac
577 2306 610 2342 si
631 2310 773 2343 essent
801 2307 915 2344 mille
944 2307 1103 2345 floreni.
1165 2307 1280 2344 Nihil
1309 2308 1421 2344 enim
1451 2308 1677 2356 promerui.
1704 2322 1740 2342 10

102 2358 183 2396 Sed
223 2359 278 2396 ad
319 2372 384 2397 me
425 2361 707 2410 perscriptum
749 2361 832 2399 fuit
867 2362 917 2399 dc
953 2363 1156 2399 trecentis
1198 2362 1390 2399 florenis:
1442 2367 1486 2399 et
1528 2362 1680 2399 Petrus

103 2413 384 2451 Montfortius
414 2414 578 2452 fatetur
607 2428 700 2453 eam
729 2429 941 2454 summam
971 2417 1013 2454 in
1042 2421 1258 2454 conuentu
1291 2418 1517 2454 ciuitatum
1550 2417 1679 2453 fuisse

102 2481 360 2506 concessam.
421 2469 600 2507 Addidit
622 2483 664 2507 se
692 2476 917 2520 praesente
944 2472 1176 2509 Dominum
1206 2472 1256 2509 de
1287 2472 1536 2509 Ascendelft
1561 2484 1676 2508 man-

101 2522 224 2561 dasse
247 2522 473 2561 Guilielmo
495 2523 660 2569 Goesio,
684 2525 940 2564 Hollandiae
963 2526 1200 2568 Aduocato,
1224 2530 1273 2563 vt
1292 2527 1457 2564 iuberet
1475 2526 1675 2563 &choium

102 2578 204 2615 mihi
236 2591 460 2616 munerare
490 2579 699 2617 ducentos
729 2584 772 2617 ct
803 2592 866 2630 40.
900 2581 1094 2619 florenos.
1156 2581 1281 2619 Nunc
1314 2586 1492 2618 ventum
1527 2586 1591 2618 est
1623 2581 1676 2617 ad
1702 2594 1738 2624 15

100 2632 319 2670 ducentos
381 2633 549 2679 Munus,
573 2638 621 2671 vt
643 2635 743 2680 (lixi,
767 2648 844 2684 pro
865 2636 1128 2686 amplissimo
1151 2636 1298 2674 habco.
1360 2636 1418 2673 Te
1437 2640 1580 2673 tamen
1601 2636 1677 2673 hoc

145 2732 241 2762 2819.
272 2742 343 2762 1—2.
369 2733 606 2771 seniiuiuuin]
652 2734 705 2763 Cf.
754 2735 850 2775 Epp.
920 2736 1026 2770 Gocs,
1049 2737 1142 2769 who.
1168 2747 1208 2766 us
1233 2736 1414 2766 advocate
1439 2735 1476 2765 of
1503 2735 1676 2767 llollnnd.

99 2776 195 2814 2813.
218 2781 334 2815 10·17,
355 2778 449 2806 2818.
475 2786 565 2816 1-14.
923 2780 951 2809 is
976 2780 1189 2810 mentioned
1216 2780 1250 2809 in
1278 2780 1341 2810 the
1375 2780 1536 2809 er'cnns
1560 2784 1589 2808 ct
1622 2779 1675 2808 de·-

143 2829 173 2857 5.
199 2820 410 2859 epistolmn]
430 2820 505 2850 Not
522 2825 665 2852 extant.
921 2834 1045 2862 penses
1070 2825 1108 2853 (Ic
1130 2824 1407 2862 Cl1‹1rle.s·.qumt.
1429 2831 1579 2860 1-520150
1604 2824 1678 2857 (sec

148 2872 197 2901 13.
225 2863 453 2901 Ascendelft]
480 2865 544 2894 See
566 2865 632 2905 Ep.
655 2867 749 2905 2645.
769 2876 849 2905 4111.
922 2867 1066 2901 Hennc.
1092 2869 1138 2901 iv,
1165 2879 1199 2907 p.
1224 2868 1310 2905 113).
1363 2868 1402 2896 111
1431 2867 1496 2905 ΕΡ.
1524 2868 1618 2899 2⁸00-
1645 2878 1674 2905 4.

148 2916 198 2946 14.
223 2907 419 2937 Guilielmo
447 2908 592 2945 Goesio]
618 2909 695 2939 The
721 2920 853 2949 person
922 2912 1098 2942 Erasmus
1116 2912 1202 2942 calls
1222 2912 1295 2941 111111
1312 2911 1497 2941 Arnoldus
1510 2910 1675 2940 Goesius.

101 2950 278 2981 intended
303 2951 331 2981 is
357 2962 403 2982 no
428 2951 548 2983 doubt
573 2954 662 2983 Aert
686 2953 765 2984 Van
790 2953 855 2984 der
