1966 3379
136 109 258 156 2712]
556 105 716 144 FROM
746 104 927 143 ENNIO
958 103 1278 142 FILONARDI
1652 105 1699 142 91

136 211 571 256 commemoraumim,
599 210 825 248 incidimus
856 210 898 246 in
930 221 1166 247 sermonem
1197 221 1337 246 rerum
1369 207 1702 252 Claronensium‚

136 271 185 304 vt
206 267 464 304 auctoritate
487 278 563 303 sua
591 270 634 302 et
663 277 835 302 suorum
864 264 938 301 illa
963 263 1202 313 respublica
1229 263 1284 300 ad
1312 264 1540 300 sanitatem
1572 263 1703 300 redire
1727 275 1765 295 10

136 325 277 370 queat.
339 320 387 357 In
425 332 509 369 quo
543 324 633 357 tam
669 324 819 357 sancto
855 331 980 368 opere
1011 319 1044 355 si
1076 318 1127 355 R.
1152 318 1201 355 D.
1227 318 1273 355 V.
1311 318 1449 367 ipsum
1485 318 1705 355 adhortari

136 375 394 424 dignabitur,
425 375 504 411 scit
533 387 639 424 opus
668 375 757 411 Deo
784 378 1007 423 acceptum
1036 377 1079 410 et
1107 385 1273 410 summo
1301 372 1490 421 pontifici
1519 373 1703 421 gratissi-

137 442 254 467 mum
277 442 319 466 se
340 429 565 466 facturam.
618 429 668 466 In
690 429 862 478 reliquis
883 432 1081 477 expectet
1101 440 1126 464 a
1147 439 1213 464 me
1236 427 1354 464 breui
1371 426 1473 475 quid
1489 427 1704 463 senserim.

138 485 307 522 Interea
337 497 404 521 me
435 483 496 520 illi
523 496 575 521 ex
605 483 729 521 corde
757 483 888 521 offero
916 488 959 520 et
987 482 1251 527 commendo,
1284 486 1333 519 vt
1363 481 1603 518 felicissime
1634 480 1706 518 diu

136 540 269 576 viuat.
1730 546 1768 575 15

192 593 407 631 Lucernae
425 592 611 630 secundo
632 591 894 642 Septembris
916 602 1155 629 M.D.XXXII.

666 648 712 685 V.
738 648 788 684 R.
813 647 863 684 D.
887 646 999 684 filius
1022 647 1068 684 E.
1093 646 1329 696 Episcopus
1351 645 1650 693 Verulan<us>.

192 719 564 757 Excellentissimo
599 723 642 756 et
678 718 931 756 Reuerendo
965 717 1150 755 Domino
1185 717 1366 755 Erasmo
1402 716 1708 762 Roterodamo,

137 779 345 823 tanquam
370 774 510 811 Fratri
533 773 812 811 obseruando.

565 905 693 941 2713.
760 901 827 941 To
850 901 1012 941 PETER
1034 900 1280 941 Tomczm.

188 993 364 1032 Poznan‚
386 992 619 1036 Raczynski
638 991 720 1025 MS.
743 1001 826 1034 310,
848 991 874 1025 f.
896 992 916 1025 8
931 994 994 1035 (α).
1355 991 1561 1035 Freiburg.

187 1043 350 1076 Cracow
369 1041 451 1074 MS.
473 1041 554 1075 CN.
576 1042 634 1085 48.
656 1051 702 1084 49
721 1044 785 1083 (β).
1254 1051 1272 1074 2
1294 1040 1532 1085 September
1555 1050 1660 1083 1532.

189 1091 417 1135 Leningrad
437 1090 519 1124 MS.
542 1091 632 1123 Lat.
655 1091 698 1123 F.
724 1100 790 1134 145
806 1091 858 1124 K.
880 1094 943 1133 (γ).

184 1158 287 1196 [This
307 1159 417 1188 letter
437 1158 466 1188 is
487 1157 685 1198 preserved
705 1158 742 1187 in
762 1158 866 1188 three
888 1166 948 1188 MS.
972 1158 1107 1198 copies,
1129 1157 1167 1187 of
1187 1158 1305 1188 which
1326 1158 1409 1188 that
1429 1158 1465 1188 in
1483 1158 1547 1188 the
1564 1157 1712 1188 Poznan

140 1203 213 1234 Ms.
233 1203 306 1239 (see
323 1202 394 1242 Ep.
414 1210 498 1241 2533
516 1202 667 1237 introd.)
686 1212 802 1232 seems
820 1206 859 1232 to
878 1202 921 1232 be
935 1202 998 1232 the
1012 1206 1109 1232 most
1123 1206 1274 1232 correct.
1322 1202 1399 1232 The
1413 1201 1620 1241 Leningrad
1639 1200 1712 1231 MS.

139 1257 192 1277 we
210 1247 304 1277 have
322 1250 388 1276 not
405 1256 490 1276 seen
508 1245 581 1276 and
600 1246 663 1275 the
681 1246 829 1276 variant
847 1246 882 1276 in
901 1246 963 1276 the
984 1245 1064 1276 title
1078 1245 1251 1276 recorded
1267 1246 1361 1276 from
1376 1246 1403 1276 it
1421 1256 1495 1276 was
1512 1245 1712 1275 communi-

139 1291 246 1321 cated
264 1294 303 1320 to
320 1300 362 1320 us
381 1290 429 1330 by
444 1290 505 1320 Dr.
524 1290 597 1320 Jan
617 1289 758 1328 Fijalek
773 1290 845 1326 (see
864 1290 933 1330 Ep.
954 1299 1038 1327 2520
1055 1289 1220 1326 introd.).
1254 1290 1330 1319 The
1348 1289 1459 1320 letter
1475 1299 1549 1319 was
1566 1288 1715 1329 printed

139 1335 189 1374 by
200 1334 237 1364 C.
254 1334 487 1364 Miaekowski
501 1334 538 1363 in
550 1334 612 1364 the
627 1333 838 1364 Paderborn
853 1333 1033 1364 Jahrbuch
1042 1334 1072 1373 s.
1086 1334 1316 1373 Plzilosophie
1329 1344 1389 1368 xv,
1408 1343 1502 1370 1901,
1518 1343 1580 1373 pp.
1595 1341 1713 1371 320—1.

139 1378 216 1408 The
234 1378 320 1408 date
338 1378 366 1408 is
383 1377 583 1408 confirmed
602 1378 649 1417 by
668 1377 854 1407 Erasmus'
872 1378 1075 1417 complaint
1092 1378 1129 1408 of
1143 1378 1207 1408 the
1220 1377 1428 1408 difficulties
1441 1376 1575 1408 caused
1591 1377 1638 1416 by
1651 1376 1715 1406 the

139 1422 307 1465 building
323 1422 537 1461 operations
554 1422 590 1451 in
608 1421 663 1451 his
682 1421 815 1457 house;
841 1422 887 1452 cf.
907 1421 1003 1462 Epp.
1024 1424 1120 1461 2640,
1143 1423 1237 1462 2644,
1258 1421 1370 1461 2704]

164 1503 364 1530 ERASMVS
386 1502 745 1530 ROTHERODAMVS
767 1503 907 1529 PETRO
929 1503 1127 1538 TOMICKI,
1152 1503 1361 1530 EPISCOPO
1385 1501 1692 1536 CRACOVIENSI,

508 1557 647 1584 REGNI
670 1557 892 1584 POLONIAE
914 1557 1340 1585 VICECANCELLARIO.

196 1618 403 1657 SALVTEM
426 1618 668 1668 plurimam.
730 1618 881 1656 Habeo
909 1619 1105 1668 gratiam,
1130 1623 1178 1656 vt
1206 1618 1351 1664 debeo,
1380 1619 1611 1668 plurimam
1640 1630 1716 1668 pro

142 1675 224 1712 isto
265 1675 306 1711 in
342 1686 409 1711 me
448 1674 604 1718 animo,
641 1674 705 1710 vir
740 1673 984 1719 clarissime,
1021 1687 1147 1723 quem
1185 1679 1433 1711 constanter
1469 1674 1638 1711 obtines
1673 1674 1717 1710 in

141 1729 394 1773 Erasmum3
436 1728 477 1765 id
514 1728 628 1777 quod
664 1729 869 1777 proximis
904 1730 1035 1766 etiam
1071 1729 1228 1766 litteris
1264 1729 1506 1773 declarasti,
1542 1728 1718 1766 tametsi

141 1784 245 1821 mihi
276 1784 359 1820 iam
391 1783 489 1820 olim
521 1787 564 1820 et
594 1784 683 1820 sine
714 1783 870 1820 litteris
900 1784 978 1821 hoc
1010 1782 1382 1833 persuasissimum
1414 1789 1490 1821 est.
1543 1783 1717 1821 Vtinam

143 1839 246 1876 mihi
268 1839 323 1876 sit
345 1837 507 1887 aliquid
535 1838 758 1887 domique
780 1838 946 1876 valeam
975 1851 1061 1876 non
1090 1852 1232 1877 amore
1262 1844 1434 1876 tantum
1464 1842 1617 1876 mutuo
1645 1837 1718 1875 sed
1737 1849 1755 1879 5

143 1894 278 1931 officio
299 1905 468 1942 quoque
490 1892 755 1942 respondere.

198 1947 326 1986 Cesar
347 1960 443 1985 cum
466 1946 719 1985 Germaniae
741 1949 1002 1998 principibus
1024 1949 1205 1987 authore
1228 1948 1435 1987 Pontifice
1458 1948 1625 1986 orditur
1652 1947 1718 1985 hic

143 2003 289 2047 telam,
331 2003 546 2052 quomodo
586 2002 813 2040 finiendam
858 2004 1009 2041 nescio.
1075 2004 1383 2054 Expeditiones
1424 2003 1492 2041 ille
1534 2003 1719 2041 cruciate

144 2058 390 2107 frequenter
411 2057 534 2094 nobis
556 2057 664 2095 male
687 2062 927 2104 cesserunt;
960 2063 1004 2096 et
1026 2059 1059 2096 si
1081 2059 1159 2096 hoc
1184 2059 1343 2096 bellum
1370 2059 1601 2108 suscipitur
1622 2070 1718 2095 cum

144 2117 240 2150 tota
261 2113 422 2150 ditione
444 2112 680 2150 Turcarum
703 2126 780 2162 pro
802 2114 1000 2151 vniuerso
1022 2115 1192 2151 nomine
1213 2113 1468 2158 Christiano,
1492 2112 1719 2163 oportebat
1743 2125 1781 2145 10

145 2168 336 2205 omnium
358 2166 697 2205 Christianorum
715 2181 860 2217 regum
878 2181 1086 2206 consensu
1108 2170 1284 2218 suscipi:
1308 2169 1423 2218 quod
1445 2168 1609 2206 factum
1631 2179 1720 2204 esse

145 2227 314 2272 negant.
376 2222 447 2260 Sin
484 2234 561 2271 pro
597 2222 762 2260 Helena
797 2223 1045 2273 Hungarica
1080 2228 1146 2261 est
1176 2224 1279 2261 haec
1315 2223 1579 2273 digladiatio,
1611 2235 1722 2272 quur

146 2277 355 2314 admiscet
377 2290 466 2314 sese
490 2277 721 2314 Pontifex?
753 2279 825 2326 qui
853 2278 960 2315 duos
989 2278 1152 2329 legatos
1181 2279 1314 2316 habet
1341 2278 1457 2328 apud
1485 2277 1720 2318 Caesarem,

147 2331 445 2369 Hieronimum
481 2331 759 2378 Aleandrum,
800 2333 1166 2383 archiepiscopum
1209 2333 1545 2378 Brundusinum,
1582 2333 1721 2369 virum

147 2386 317 2432 fortem,
346 2391 390 2424 et
418 2386 679 2424 cardinalem
709 2387 922 2436 quendam
953 2388 1004 2425 de
1034 2388 1219 2434 Medicis,
1250 2392 1449 2438 nepotem
1479 2387 1721 2429 Clementis,
1746 2399 1783 2427 15

148 2442 343 2479 iuuenem
368 2441 617 2486 formosum,
644 2442 869 2480 robustum
891 2447 933 2480 et
955 2444 1208 2480 animosum.
1269 2443 1408 2489 Quum
1437 2443 1622 2480 alciones
1651 2454 1721 2490 ap-

148 2501 312 2545 parent,
337 2501 533 2546 speratur
559 2497 876 2546 tranquillitas3
910 2510 1041 2547 quum
1071 2498 1178 2536 tales
1206 2511 1307 2535 aues
1335 2498 1579 2548 prouolant,
1609 2495 1723 2534 aliud

193 2590 287 2620 2713.
314 2599 387 2620 ΤῙΤ.
415 2598 538 2620 PETRO
559 2615 564 2620 .
587 2615 591 2620 .
614 2615 619 2620 .
640 2599 998 2622 VICECANCELLARIO
1015 2591 1079 2631 βγ;
1107 2603 1174 2623 om.
1194 2605 1224 2622 α.
1417 2602 1445 2622 2.
1472 2591 1721 2622 clarissimea:

148 2634 359 2664 charissime
374 2633 406 2673 β.
589 2644 618 2673 3.
645 2635 745 2675 quod
764 2647 804 2665 a:
831 2646 896 2667 om,
915 2635 947 2674 β.
1129 2638 1160 2667 8.
1187 2636 1387 2667 finiendam
1403 2635 1444 2675 β;
1471 2635 1673 2666 finiendum
1693 2647 1723 2663 a.

149 2687 179 2714 9.
206 2682 294 2708 eta:
321 2681 377 2708 est
393 2677 424 2716 β.
704 2688 753 2709 12.
781 2680 869 2709 haec
888 2692 927 2709 a:
954 2690 1020 2711 om.
1039 2679 1408 2719 13-14-
1438 2679 1664 2710 Aleandrum
1683 2689 1723 2707 a:

150 2721 375 2751 Alcandrum
391 2721 423 2761 β.
593 2732 643 2762 17.
669 2733 785 2763 quum
802 2724 1037 2763 scripsimus:
1063 2734 1176 2764 quain
1194 2737 1213 2754 α
1228 2737 1234 2754 2
1260 2735 1343 2754 cum
1360 2723 1391 2763 β.

195 2831 289 2861 2713.
320 2840 369 2869 15.
396 2831 633 2870 cardinalem]
664 2833 829 2873 Ippolito
858 2833 903 2863 de
973 2834 1183 2864 Fordinand
1201 2839 1239 2865 at
1259 2834 1440 2864 Ratisbon
1460 2842 1495 2862 12
1517 2833 1608 2870 Aug.
1631 2840 1724 2869 1533.

150 2874 293 2911 Medici,
328 2884 486 2914 1512-35,
513 2876 577 2906 the
602 2877 749 2907 natural
775 2887 840 2907 son
866 2878 904 2907 of
974 2878 1042 2908 His
1062 2878 1175 2908 death
1202 2879 1229 2908 is
1254 2877 1413 2908 referred
1440 2882 1478 2907 to
1505 2877 1539 2906 in
1568 2875 1640 2905 EF..
1667 2884 1726 2913 2—'3

150 2918 275 2948 Julian
309 2919 353 2948 dc
386 2919 527 2953 Medici,
561 2920 708 2950 created
741 2921 903 2951 cardinal
973 2922 1045 2952 and
1066 2922 1180 2952 Lond.
1198 2923 1311 2952 xxvii.
1328 2930 1367 2959 52
1384 2934 1389 2951 ι
1407 2921 1479 2951 LB.
1503 2921 1594 2953 1280.

156 2971 248 3000 1529.
298 2963 354 2992 He
380 2963 503 3002 joined
532 2964 595 2994 the
625 2964 804 3005 Emperor
831 2966 904 2995 and
