1966 3379
133 123 252 171 2792]
629 119 700 158 To
730 119 1011 158 NICHOLAs
1042 119 1193 157 oLAH
1612 122 1686 159 199

133 225 354 262 litterario.
414 224 464 261 D.
489 224 729 273 Margareta
750 236 793 260 re
814 224 856 260 in
879 223 1055 260 concilio
1076 227 1293 261 transacta
1316 237 1389 273 per
1411 225 1575 262 litteras
1602 226 1684 273 egit

134 279 292 328 gratias
323 278 437 327 quod
469 291 493 315 a
525 277 714 315 Caesaris
746 277 908 314 familia
941 290 1025 314 non
1060 278 1319 319 recederem2
1357 284 1569 315 caeterum
1603 292 1686 327 quo

133 334 271 370 minus
301 336 412 369 esset
439 332 580 369 soluta
605 333 762 381 pensio,
788 344 925 368 meam
953 331 1191 368 absentiam
1222 332 1349 369 fuisse
1381 334 1420 369 in
1450 346 1620 369 caussa:
1654 335 1686 369 si
1710 348 1746 376 15

132 387 266 424 redire
283 386 447 431 vellem,
466 398 549 423 non
571 386 706 423 solum
729 386 983 435 pensionem,
1002 386 1074 423 sed
1095 385 1216 434 longe
1234 387 1393 423 maiora
1416 387 1504 424 fore
1522 392 1683 435 parata.

133 440 250 486 Quur
279 441 439 478 abirem
468 441 694 490 praecipua
724 452 874 477 caussa
903 440 986 477 fuit
1017 440 1129 488 quod
1160 440 1284 477 isthic
1316 441 1487 489 quidam
1521 441 1687 478 Caesari

133 499 430 544 persuaserant
458 500 506 532 vt
536 495 638 531 mihi
667 495 886 543 negocium
919 493 1181 531 Luteranum
1212 494 1490 543 delegaretur.
1550 495 1687 532 Huius

133 549 294 587 consilii
315 549 470 586 author
491 553 582 586 erat
604 548 785 585 Ioannes
807 547 1000 597 Glapion.
1061 547 1178 586 Sensi
1199 548 1240 585 id
1262 549 1363 585 mihi
1385 551 1520 586 amico
1547 551 1687 586 animo

132 603 243 649 fieri;
275 603 347 640 sed
371 604 570 652 quoniam
599 603 787 640 habebar
813 607 1047 651 suspectus,
1071 603 1168 640 licet
1195 602 1429 648 falsissime,
1457 603 1687 640 studebant
1708 619 1748 639 20

132 670 198 695 me
219 659 261 695 in
283 658 324 694 id
345 658 529 695 muneris
550 658 753 695 coniicere
770 661 818 693 vt
840 661 916 694 aut
937 656 1173 694 carnificem
1196 670 1361 706 agerem
1383 659 1425 694 in
1447 670 1517 694 eos
1534 658 1687 706 quibus

132 714 196 758 (vt
212 711 441 761 putabant)
460 712 565 749 bene
579 711 785 755 volebam,
803 715 880 748 aut
896 712 1101 761 meipsum
1118 711 1301 761 prodens
1319 711 1505 749 hererem
1522 711 1688 749 illorum

130 766 303 804 retibus.

186 820 418 858 Multorum
449 833 515 857 me
545 821 748 869 poenitet,
777 819 889 856 illius
916 819 1059 857 abitus
1086 833 1305 869 nunquam
1334 821 1542 869 penituit;
1574 825 1629 864 et,
1656 821 1689 857 si

131 887 214 912 non
239 875 455 912 incidisset
482 875 655 924 pietatis
680 874 912 919 dissidium,
936 874 1019 911 illic
1048 879 1115 911 sat
1143 875 1361 912 commode
1389 874 1566 912 videbar
1594 887 1686 911 con·
1709 891 1748 920 25

131 942 345 966 senescere
380 941 512 978 posse.
572 928 663 966 Hoc
699 928 902 978 oppidum
935 928 1134 978 frigidum
1169 933 1245 974 est,
1279 929 1442 966 coelum
1476 929 1687 978 pestilens,

132 983 282 1033 vulgus
304 983 452 1029 ἄξενον,
474 996 548 1021 nec
570 987 635 1020 est
656 995 741 1032 quo
761 983 954 1032 expatier
974 984 1053 1019 nisi
1075 985 1277 1020 continuo
1299 984 1539 1020 rumoribus
1561 984 1688 1020 variis

131 1042 401 1087 perstrepant
428 1039 581 1075 omnia.
642 1037 699 1074 Et
726 1042 870 1074 tamen
898 1037 1154 1074 conduceret
1182 1038 1431 1083 valetudini,
1454 1039 1488 1074 si
1517 1038 1689 1086 quando

131 1096 342 1130 mutarem
375 1092 526 1129 locum.
587 1090 959 1141 Oecolampadiani
995 1104 1079 1129 non
1114 1092 1346 1141 vulgariter
1386 1105 1451 1129 me.
1491 1092 1686 1136 oderunt,

131 1146 258 1195 idque
279 1146 458 1184 facimus
480 1151 643 1183 mutuo.
703 1146 892 1183 Besontii
913 1159 1043 1195 graue
1064 1146 1283 1183 dissidium
1306 1151 1372 1183 est
1394 1148 1504 1183 inter
1528 1147 1687 1183 clerum
1709 1163 1749 1192 30

130 1205 173 1237 et
208 1200 424 1238 Senatum.
484 1200 666 1238 Senatus
705 1201 875 1245 inuitat,
911 1200 1047 1237 clerus
1082 1200 1226 1238 horret
1260 1201 1497 1238 aduentum
1533 1213 1686 1238 meum.

132 1255 264 1292 Isthic
292 1259 393 1293 sunt
423 1256 589 1304 ingenia
618 1256 800 1292 mitiora.
860 1254 947 1292 Nec
978 1267 1157 1303 vsquam
1188 1268 1315 1292 senex
1344 1255 1562 1293 honestius
1591 1260 1690 1304 agat

132 1322 259 1358 quam
299 1310 341 1346 in
376 1311 527 1359 patria.
588 1309 706 1347 Inter
746 1308 996 1346 Germaniae
1037 1310 1245 1359 principes
1285 1323 1435 1359 parum
1476 1311 1688 1347 conuenit.

131 1363 287 1402 Vereor
307 1377 358 1401 ne
379 1364 553 1401 absente
574 1363 750 1401 Caesare
771 1364 1015 1401 cooriantur
1036 1364 1101 1400 hic
1123 1364 1349 1409 tumultus,
1371 1364 1557 1413 gliscunt
1578 1365 1688 1401 enim

130 1418 316 1456 exordia.
375 1418 471 1456 Non
494 1423 583 1456 tam
607 1431 699 1456 sum
721 1418 926 1456 sollicitus
948 1418 998 1455 de
1020 1419 1220 1467 pensione
1237 1431 1364 1468 quam
1387 1419 1438 1456 de
1461 1418 1690 1456 honorifico
1710 1435 1750 1470 35

131 1472 259 1510 titulo
277 1473 371 1510 hinc
389 1473 654 1522 remigrandi.
697 1472 812 1510 Nihil
830 1472 893 1509 his
912 1472 1177 1522 Euangelicis
1194 1473 1412 1522 loquacius
1430 1478 1506 1511 aut
1523 1474 1688 1510 vanius.

131 1527 327 1564 Arbitror
347 1531 492 1564 autem
514 1527 730 1564 monachis
757 1540 805 1564 ac
834 1527 1041 1576 theologis
1069 1528 1173 1564 satis
1201 1528 1283 1564 iam
1312 1527 1576 1565 declaratum
1601 1540 1691 1564 esse

130 1593 258 1630 quam
280 1581 383 1618 mihi
404 1594 487 1619 non
509 1582 736 1619 conueniat
756 1594 851 1618 cum
874 1586 1085 1619 sectarum
1106 1582 1341 1628 autoribus,
1364 1595 1387 1619 a
1409 1582 1563 1631 quibus
1588 1582 1691 1620 mihi

131 1636 196 1673 hic
217 1648 300 1673 non
322 1636 530 1674 mediocre
547 1636 779 1686 periculum
801 1640 878 1673 est.
924 1635 1021 1673 Non
1038 1637 1149 1673 enim
1172 1637 1373 1674 desinunt
1389 1637 1539 1681 moliri,
1556 1649 1690 1685 neque

131 1691 357 1740 quicquam
379 1695 444 1728 est
466 1691 543 1728 hoc
566 1691 783 1728 hominum
805 1703 952 1740 genere
974 1691 1106 1739 magis
1127 1691 1296 1729 vindex.
1710 1708 1752 1738 40

185 1744 336 1783 Liuino
369 1745 474 1782 bene
505 1746 641 1795 cupio,
673 1745 745 1782 sed
766 1745 888 1782 doleo
918 1745 1037 1782 illum
1071 1749 1159 1782 tam
1193 1746 1315 1783 laeua
1348 1758 1436 1783 esse
1469 1750 1611 1783 mente
1644 1750 1691 1782 vt

131 1800 258 1837 toties
279 1799 468 1837 oblatam
491 1801 753 1837 occasionem
774 1812 937 1849 semper
953 1801 1130 1837 amittat
1146 1813 1167 1837 e
1184 1800 1391 1837 manibus.
1443 1800 1548 1837 Erat
1564 1804 1692 1837 natus

131 1854 185 1891 ad
216 1853 395 1899 litteras,
426 1858 469 1891 et
499 1858 758 1891 conuenerat
788 1858 837 1891 vt
868 1854 1046 1891 Louanii
1081 1854 1203 1891 daret
1236 1867 1409 1904 operam
1445 1855 1689 1892 medicinae.

132 1908 254 1945 Lusit
281 1908 376 1953 illic,
406 1920 504 1945 mox
534 1908 732 1946 Luteciae
763 1908 863 1945 fecit
891 1908 1013 1946 idem.
1074 1909 1264 1946 Tandem
1293 1909 1476 1946 venditis
1504 1909 1620 1946 libris
1649 1913 1692 1946 et

131 1963 394 2012 consumptis
425 1963 622 2000 omnibus
654 1963 814 2000 institit
842 1963 1094 2007 mendicare,
1124 1976 1282 2001 venans
1310 1964 1406 2000 hinc
1438 1968 1567 2012 atque
1596 1963 1691 2000 hinc
1711 1980 1751 2010 45

130 2029 318 2054 munera.
378 2017 464 2055 Nec
487 2018 529 2054 in
551 2030 600 2054 ea
621 2030 663 2054 re
685 2017 825 2055 foelix.
887 2017 1105 2066 Augustae
1127 2019 1231 2055 satis
1259 2019 1402 2055 arrisit
1430 2018 1540 2055 aula.
1599 2017 1690 2055 Col-

130 2071 230 2121 legit
261 2071 415 2109 bonam
446 2072 682 2121 pecuniam,
711 2072 905 2121 prodegit
933 2073 1186 2109 vniuersam.
1248 2072 1393 2109 Monui
1422 2078 1470 2110 vt
1497 2072 1692 2121 exemplo

130 2124 327 2176 Scepperi
349 2130 573 2164 venaretar
594 2139 768 2163 vxorem
793 2126 897 2163 bene
920 2126 1128 2164 dotat-am.
1189 2127 1324 2164 Duxit
1346 2127 1518 2164 nudam.
1571 2127 1688 2164 Nun-

130 2192 257 2229 quam
276 2181 362 2218 vlla
383 2181 424 2218 in
444 2193 487 2218 re
508 2182 652 2230 paruit
672 2181 904 2218 amicorum
926 2181 1120 2225 consiliis,
1138 2186 1181 2218 ct
1203 2182 1280 2231 ipsi
1298 2194 1412 2219 more
1434 2182 1556 2219 laeua
1573 2194 1691 2218 mens

130 2239 206 2272 est.
252 2235 376 2272 Nunc
398 2235 512 2284 quod
534 2236 648 2272 vitae
669 2248 800 2284 genus
822 2240 998 2284 spectet,
1016 2237 1167 2273 nescio.
1218 2236 1371 2285 Accepi
1393 2236 1559 2273 litteras
1581 2240 1690 2280 tuas,
1712 2252 1752 2281 50

130 2289 284 2338 quibus
306 2289 570 2339 significabas
591 2289 642 2327 de
664 2294 822 2327 temere
844 2290 1017 2338 in[n]ito
1038 2291 1311 2328 matrimonio
1329 2305 1335 2333 ;
1362 2303 1509 2328 verum
1532 2291 1572 2327 id
1595 2303 1690 2339 pru-

130 2343 233 2381 dens
254 2344 518 2381 dissimulaui
539 2345 663 2381 certis
685 2343 736 2381 de
758 2345 929 2382 caussis.
989 2344 1141 2394 Accepi
1164 2349 1206 2382 et
1228 2345 1339 2382 Dani
1362 2346 1547 2389 naenias,
1566 2357 1691 2393 quem

131 2399 313 2447 optarim
340 2411 430 2435 esse
461 2399 703 2448 episcopum
735 2400 777 2435 in
809 2411 885 2436 sua
920 2398 1069 2436 Dania.
1130 2399 1328 2436 Fortasse
1366 2412 1431 2436 ine
1467 2412 1551 2436 nou
1587 2399 1689 2443 odit,

131 2452 202 2489 sed
224 2452 319 2502 plus
340 2457 464 2490 nocet
489 2453 793 2502 intempestiua
821 2453 1119 2491 beneuolentia
1140 2466 1267 2502 quain
1296 2454 1455 2491 faceret
1484 2454 1688 2490 inimicus.

131 2505 239 2551 Quid
270 2507 464 2544 inutilius
491 2520 618 2556 quam
648 2508 863 2557 in[c]eptis
891 2508 1108 2545 versiculis
1138 2508 1321 2545 lacerare
1352 2508 1621 2557 Scaligerum,
1648 2511 1687 2543 et
1711 2522 1750 2551 55

131 2573 223 2598 eam
246 2574 414 2598 mouere
436 2561 703 2599 Camarinam
726 2575 854 2610 quam
876 2563 1012 2599 sacius
1033 2567 1125 2599 erat
1149 2575 1230 2599 non
1255 2566 1453 2610 tangere?

185 2615 300 2652 Haec
323 2616 460 2653 scribo
482 2616 664 2661 liberius,
688 2618 786 2665 quia
808 2629 881 2666 per
903 2616 1109 2654 famulum
1140 2617 1241 2653 mihi
1270 2617 1556 2653 fidelissimum
1587 2615 1689 2652 nihil

449 2691 499 2721 14.
525 2682 605 2711 OE:
632 2682 836 2712 recedoram
854 2682 951 2713 „MSQ
1057 2693 1107 2721 50.
1133 2686 1278 2722 spectat
1296 2682 1376 2712 MS.

177 2756 227 2785 13.
253 2747 473 2787 Margareta]
496 2747 552 2777 No
574 2747 682 2778 letter
703 2748 794 2778 from
813 2748 876 2777 lwr
988 2757 1040 2786 52.
1068 2748 1176 2785 Dani]
1196 2748 1259 2777 See
1279 2748 1345 2787 lep.
1366 2756 1450 2785 ¹2570
1469 2747 1600 2777 introd.

131 2793 170 2820 to
188 2791 361 2820 Erasmus
379 2791 443 2820 has
460 2791 643 2821 survivod.
987 2801 1039 2830 57.
1082 2791 1273 2829 famulum]
1321 2791 1493 2827 Quirinus
1540 2790 1689 2827 Hamus,

178 2843 226 2871 19.
251 2833 423 2873 Glapion]
441 2834 587 2864 charles
604 2835 658 2864 v's
678 2835 872 2868 confossor.
943 2835 1035 2868 who,
1051 2845 1097 2865 no
1110 2835 1239 2868 doubt,
1254 2834 1390 2864 carried
1405 2835 1478 2864 this
1496 2834 1603 2863 letter
1617 2833 1689 2862 and

131 2886 189 2907 see
207 2877 275 2917 Ep.
299 2886 377 2916 1275
396 2878 529 2908 introd.
945 2879 1039 2918 Epp.
1058 2884 1197 2917 2703—0.
1211 2880 1293 2916 :708
1321 2879 1413 2907 2800.
1448 2878 1564 2906 'rh-»w
1582 2877 1609 2906 is
1627 2877 1689 2906 tlw

177 2929 228 2958 30.
255 2921 432 2958 Besontii]
451 2921 515 2951 Sco
532 2921 601 2960 Ep.
621 2930 715 2960 2750.
737 2931 813 2951 2011.
942 2932 1041 2951 sam<-
1066 2922 1205 2951 tributo
1226 2926 1265 2951 to
1287 2922 1340 2950 his
1367 2921 1504 2959 fidolity
1531 2922 1563 2949 ἰιι
1593 2920 1687 2959 Epp.

176 2973 226 3001 50.
253 2964 409 3002 litteras]
428 2965 496 3005 Ep.
516 2970 610 3003 2093.
946 2974 1038 3004 „vs-oo.
1063 2974 1111 3002 15.
1133 2968 1226 2994 2800.
1245 2975 1297 3001 9¹-
