1966 3379
182 1213 220 1242 25
242 1198 375 1237 firmo.

245 159 269 196 6
677 159 936 198 LETTERS
967 160 1038 199 OF
1068 160 1336 200 ERASMUS

1698 165 1819 211 [1532

244 264 435 313 perlatus
457 268 519 301 est
539 264 592 302 ad
610 277 685 301 nos
704 265 848 313 ingens
867 265 972 303 liber
989 278 1113 314 quem
1135 266 1203 303 ille
1223 267 1261 303 111
1281 271 1335 311 te,
1355 270 1403 304 vt
1421 266 1605 312 videtur,
1624 267 1821 305 Lutetiae

245 319 415 356 interim
447 320 687 368 scripserat,
715 325 759 357 et
787 320 915 369 paulo
945 325 1041 370 post
1070 322 1319 358 renuntiata
1340 321 1421 358 fuit
1445 334 1580 367 mors3
1613 323 1713 371 quin
1737 323 1821 359 imo

187 388 226 409 10
244 386 318 410 nec
356 373 449 411 illas
486 375 598 423 ipsas
629 375 846 424 epistolas,
882 376 993 412 tanti
1031 376 1140 413 inter
1174 388 1250 413 nos
1285 376 1467 413 incendii
1503 390 1687 422 causam,
1720 381 1820 414 ante

244 428 388 465 videre
411 428 512 466 mihi
535 429 655 467 licuit
676 443 804 479 quam
835 443 929 467 cum
960 444 1113 479 magno
1143 432 1224 468 isto
1246 430 1461 468 volumine
1481 445 1661 469 excusae
1682 432 1819 481 prodi-

243 487 339 521 rent
356 484 397 520 in
412 484 644 533 publicum.

698 485 800 523 Vide
818 486 947 534 igitur
968 498 1096 534 quam
1119 486 1175 523 sit
1196 486 1423 523 verisimile
1445 486 1557 535 quod
1579 486 1634 524 ad
1655 487 1821 535 aliquot

243 539 401 575 amicos
436 539 487 576 de
524 552 590 576 me
626 540 879 577 nominatim
917 542 1135 590 scripsisti,
1172 545 1216 578 et
1252 541 1399 578 multis
1434 542 1473 578 in
1510 541 1611 578 locis
1645 545 1819 579 tuorum

244 592 449 631 librorum
483 593 770 643 αἰνιγματικῶς
801 596 953 640 innuis,
986 600 1205 633 auctorem
1240 609 1305 633 1110
1335 600 1379 633 et
1415 596 1655 633 adiutorem
1692 596 1819 634 fuisse

186 662 223 691 15
243 648 422 686 Alberto
443 662 590 686 eorum
620 663 729 699 quae
759 651 799 687 in
829 654 871 688 te
900 651 1127 700 scripserit.

1189 650 1282 688 Iam
1304 663 1405 688 vero
1427 652 1549 688 istius
1573 651 1669 688 Iulii
1692 650 1818 688 Scali-

241 704 329 751 gcri
360 703 472 749 ficto,
506 709 554 741 vt
586 709 704 754 put0‚
737 706 907 743 nomine
937 706 1101 743 editum
1134 704 1336 751 libellum,
1368 706 1482 754 quod
1516 719 1644 743 ouum
1678 719 1817 743 meum

242 759 481 808 suspicaris,
505 760 565 797 ita
588 760 689 797 mihi
715 760 951 798 benefaciat
975 761 1090 798 Deus
1117 764 1166 798 vt
1195 773 1245 798 ne
1274 762 1484 798 nominari
1507 761 1679 810 quidem
1701 761 1817 798 audi-

242 826 357 850 eram
382 815 629 864 priusquam
661 815 713 852 de
740 828 789 852 ea
818 828 861 853 re
889 815 942 853 ad
973 828 1038 853 me
1067 816 1295 853 scriberes:
1338 817 1458 865 quasi
1489 829 1590 853 vero
1618 821 1706 853 tam
1740 817 1818 853 sim

242 869 407 905 ociosus
427 873 471 906 et
496 870 733 908 foecundus
756 875 801 907 vt
827 871 998 920 possim,
1020 875 1097 908 aut
1120 875 1209 908 tam
1237 872 1410 908 insanus
1435 876 1481 908 vt
1504 871 1643 915 velim,
1668 884 1820 921 magno

182 937 223 958 20
244 923 501 961 valetudinis
523 925 763 962 discrimine
785 929 827 962 et
851 926 907 963 rei
929 925 1152 963 familiaris
1174 927 1352 972 iactura,
1371 939 1452 963 oua
1469 926 1659 975 quotidie
1676 926 1821 975 aliqua

241 978 335 1016 aliis
371 979 437 1016 vel
470 990 617 1029 parere
648 980 713 1017 vel
747 981 961 1023 incubare,
994 981 1107 1017 vnde
1142 981 1340 1018 vniuersa
1378 981 1470 1018 laus
1507 981 1602 1018 falsi
1637 981 1820 1018 nominis

241 1034 490 1071 auctoribus
522 1035 691 1072 cederet
718 1040 759 1072 et
788 1035 934 1072 odium
965 1037 1006 1072 in
1037 1049 1102 1072 mc
1129 1041 1266 1081 tuum,
1293 1041 1334 1073 ct
1361 1033 1568 1085 quidquid
1598 1036 1699 1073 mihi
1724 1035 1819 1072 inde

241 1089 499 1127 incommodi
523 1091 779 1139 proueniret,
804 1090 905 1127 mihi
931 1094 1138 1140 perpetuo
1159 1095 1441 1140 permaneret.

297 1144 413 1182 Haec
436 1158 544 1194 quae.
567 1145 705 1183 scribo
728 1146 947 1182 verissima
969 1158 1057 1182 esse
1075 1145 1141 1182 vel
1164 1147 1431 1183 sanctissimo
1454 1146 1726 1183 iureiurando
1747 1145 1817 1183 ad-

437 1200 558 1245 Quod
591 1201 624 1237 si
656 1204 704 1237 tu
730 1213 858 1249 negas
888 1201 949 1238 ita
977 1214 1066 1237 esse
1094 1206 1137 1238 ct
1162 1201 1203 1237 in
1236 1214 1285 1238 ea
1315 1214 1400 1250 qua
1431 1201 1637 1238 hactenus
1664 1201 1820 1238 videris

240 1253 368 1291 fuisse
397 1256 630 1304 suspitione
656 1268 916 1305 perseueras,
943 1255 998 1305 μὴ
1025 1255 1189 1304 ὤραισιν
1215 1255 1341 1292 ἵκοιτο
1368 1255 1482 1305 ἡμῶν
1511 1255 1532 1293 ὁ
1563 1255 1817 1304 ψευδόμενος.

240 1308 313 1346 ‚Sin
335 1309 483 1355 credis,
506 1314 555 1347 vt
576 1310 670 1347 dico
695 1310 810 1359 quod
839 1312 993 1348 merito
1023 1311 1110 1348 iure
1133 1310 1270 1348 facere
1293 1315 1413 1360 potes
1433 1315 1475 1348 et
1499 1311 1638 1355 debes,
1662 1311 1721 1348 ita
1745 1324 1819 1360 pro

240 1369 460 1414 comperto
489 1365 648 1402 habeas
678 1378 744 1402 me
766 1366 869 1402 nihil
893 1365 1075 1403 antehac
1102 1366 1142 1402 in
1165 1371 1206 1403 te
1230 1366 1329 1403 mali
1352 1366 1549 1403 molitum
1572 1371 1648 1403 aut
1671 1367 1712 1402 in
1742 1366 1819 1403 hac

240 1418 452 1468 legatione
473 1419 575 1469 μηδὲ
596 1419 686 1457 κατ’
709 1421 803 1468 ὄναρ
825 1422 1031 1470 cogitasse
1052 1435 1057 1458 :
1091 1421 1299 1470 quidquid
1329 1421 1383 1458 ad
1410 1425 1452 1458 te
1481 1421 1547 1458 vel
1574 1421 1820 1470 scripserint

180 1487 222 1517 30
243 1474 307 1511 vel
331 1474 556 1512 retulerint
581 1489 713 1524 quum
741 1475 813 1513 alii
839 1480 933 1513 tum
962 1489 1073 1513 vnus
1101 1477 1173 1524 qui
1202 1480 1250 1513 vt
1271 1480 1362 1513 erat
1385 1477 1573 1513 omnium
1598 1476 1819 1525 pessimus,

241 1530 301 1566 ita
327 1530 506 1579 pessime
535 1531 725 1568 omnium
755 1531 881 1580 periit
909 1532 951 1568 in
980 1531 1097 1568 vrbis
1126 1531 1377 1580 direptione,
1406 1535 1449 1568 et
1477 1543 1609 1580 quum
1639 1530 1820 1568 aliorum

240 1597 415 1622 suorum
437 1585 674 1623 facinorum
705 1590 799 1623 tum
827 1586 895 1624 vel
925 1586 1049 1623 huius
1075 1587 1260 1623 maxime
1282 1599 1440 1635 poenas
1462 1585 1581 1623 dedit
1602 1585 1717 1634 quod
1745 1598 1821 1623 nos

239 1652 406 1690 semper
427 1641 595 1678 studuit
616 1641 845 1679 inimicare.

896 1641 1038 1690 Atque
1061 1645 1109 1678 vt
1131 1642 1261 1678 animi
1284 1642 1325 1678 in
1348 1646 1390 1678 te
1412 1641 1494 1678 mei
1516 1642 1820 1690 synceritatem

240 1707 481 1744 cognoscas,
505 1695 640 1733 Breue
662 1696 767 1733 illud
790 1696 844 1734 ad
862 1700 904 1734 te
921 1696 1098 1733 Adriani
1116 1696 1335 1734 Pontificis
1352 1696 1467 1745 quod
1484 1709 1660 1733 aureum
1679 1708 1820 1739 vocas,

180 1763 220 1793 35
241 1762 326 1799 quo
348 1754 572 1800 tantopere
597 1751 804 1800 gloriaris,
834 1751 950 1800 quod
978 1755 1131 1789 contra
1159 1751 1425 1788 aduersarios
1452 1751 1579 1788 toties
1605 1751 1764 1796 objicis,
1788 1751 1821 1787 si

241 1805 388 1850 nescis,
418 1818 513 1843 mea
543 1805 713 1843 foetura
743 1806 839 1851 fuit,
866 1806 993 1855 idque
1018 1819 1067 1843 eo
1095 1810 1288 1856 tempore
1317 1819 1401 1855 quo
1424 1810 1513 1843 tam
1543 1805 1653 1843 male
1675 1805 1725 1842 de
1755 1818 1821 1842 me

241 1861 392 1897 mereri
421 1873 506 1898 non
537 1861 756 1907 cessabas;
787 1865 996 1910 extatque
1031 1862 1270 1898 etiamnum
1307 1861 1422 1913 apud
1456 1874 1520 1898 me
1556 1860 1820 1910 arehetypon

242 1915 380 1952 multo
402 1915 581 1953 laudum
603 1920 777 1954 tuarum
800 1916 967 1966 plenius
989 1920 1032 1953 et
1053 1915 1308 1965 locupletius
1329 1928 1459 1965 quam
1489 1915 1543 1953 ad
1573 1920 1615 1953 te
1645 1916 1820 1952 missum

239 1969 382 2015 fuerit,
410 1975 454 2008 et
480 1983 592 2008 nunc
620 1975 796 2009 tantum
824 1971 947 2009 abest
976 1975 1024 2008 vt
1046 1971 1190 2008 hostili
1212 1972 1253 2008 111
1275 1974 1317 2008 te
1339 1972 1418 2008 sim
1440 1972 1595 2016 animo,
1618 1970 1820 2020 quemad-

283 2068 314 2095 9.
342 2059 454 2099 paulo
486 2063 569 2100 post
592 2084 598 2090 .
620 2084 626 2090 .
648 2084 654 2090 .
674 2060 785 2098 mors]
820 2060 996 2090 Albertus

240 2102 338 2133 Pius'
373 2103 471 2133 book
502 2104 690 2144 appeared
728 2115 775 2134 on
811 2114 831 2140 9
869 2104 994 2134 March

244 2156 337 2185 1531;
357 2147 402 2177 he
419 2147 503 2177 died
521 2152 601 2178 ante
623 2157 662 2178 10
677 2148 763 2179 Jan.
786 2157 879 2187 1531.

287 2200 337 2221 10.
364 2191 555 2231 epistolas]
581 2192 659 2222 The
683 2192 996 2232 correspondence

241 2235 407 2265 between
420 2235 506 2266 Pius
517 2236 591 2266 and
606 2236 793 2271 Erasmus,
806 2236 996 2276 reprinted

239 2284 280 2309 at
298 2279 362 2309 the
380 2279 580 2320 beginning
597 2280 634 2310 of
653 2280 750 2311 Pius'
771 2280 879 2310 book.

289 2332 404 2362 13—14.
431 2325 674 2354 nominatim.
697 2349 703 2354 .
725 2322 996 2363 ,αιἰἰγματικῶς]

242 2367 425 2397 Aleander
453 2368 526 2398 had
556 2379 603 2398 no
631 2368 750 2398 doubt
779 2378 864 2398 seen
897 2368 995 2408 Epp.

244 2420 338 2450 1719·
360 2421 480 2451 34-44·
508 2413 602 2452 1987-
626 2421 724 2451 5-10‚
753 2421 848 2451 2077-
875 2415 995 2451 46-53,

242 2464 338 2494 2329,
376 2457 500 2493 105-6:
527 2456 572 2486 cf.
608 2456 705 2497 Epp.
746 2465 840 2496 1479.
878 2465 996 2495 130—1,

242 2499 338 2535 2198.
373 2501 470 2538 26—7,
504 2509 600 2539 2371.
634 2503 733 2540 34-6,
767 2509 864 2539 2375.
898 2501 995 2539 78—9,

242 2551 337 2581 2379.
371 2552 510 2582 114—15.
548 2545 645 2574 2682.
682 2553 802 2584 44-54.
852 2544 896 2574 In
932 2544 996 2574 the

242 2587 440 2626 Responsio
458 2587 647 2624 Erasmus,
665 2588 881 2627 addressing
898 2588 997 2623 Pius,

242 2631 376 2670 speaks
393 2631 430 2661 of
450 2632 514 2662 the
537 2630 830 2671 διπλωματοφόρος
850 2632 996 2668 (Alean-

241 2674 319 2711 der)
352 2685 392 2704 as
426 2678 577 2715 ‘magna
609 2686 695 2716 pars
726 2676 871 2706 animae
898 2680 997 2711 tuae,

241 2728 375 2758 magna
400 2729 486 2759 pars
508 2720 617 2750 huius
636 2719 881 2750 calamitatis’
908 2720 996 2756 (LB.

242 2763 478 2799 ix.1118.ffl);
505 2764 551 2793 cf.
565 2764 637 2794 LB.
652 2765 700 2794 ix.
719 2772 898 2801 109913-D3
924 2763 998 2794 and

241 2807 277 2836 in
292 2806 356 2836 the
369 2807 546 2846 Apoloffla
558 2808 661 2838 there
674 2808 703 2838 is
719 2818 740 2838 a
757 2807 997 2848 particularly

241 2850 418 2880 offensive
460 2851 645 2882 reference
683 2855 724 2882 to
762 2852 826 2882 the
867 2851 997 2882 ‘homo

242 2894 426 2929 Iudaicus,
451 2905 524 2935 quo
548 2905 632 2925 curn
654 2905 785 2935 genere
805 2905 997 2935 nunquam

241 2939 331 2968 mihi
363 2939 456 2969 bene
481 2940 690 2975 conuenit‘,
720 2940 802 2970 who
833 2939 997 2980 inspired

241 2982 340 3013 Pius,

289 3027 338 3057 18.
365 3027 470 3067 quasi
499 3037 585 3058 vero
616 3052 623 3058 .
656 3052 662 3058 .
694 3052 700 3058 .
729 3037 779 3058 21.
806 3028 994 3065 incubare]

1066 2059 1250 2090 Aleander
1265 2070 1346 2090 uses
1358 2059 1491 2090 almost
1506 2060 1570 2089 the
1582 2070 1681 2089 same
1696 2059 1821 2098 langu—

1064 2114 1130 2141 age
1143 2104 1177 2133 in
1192 2104 1246 2133 his
1259 2104 1368 2134 letter
1380 2108 1418 2134 to
1431 2104 1551 2143 Sanga
1563 2104 1636 2139 (sec
1649 2103 1822 2139 introd.):

1066 2152 1073 2161 ⁶
1084 2148 1185 2178 Veda
1197 2147 1239 2178 V.
1253 2148 1286 2178 S.
1300 2152 1442 2188 quanto
1454 2158 1519 2177 son
1534 2147 1690 2177 fecundo
1703 2147 1822 2177 ocioso

1065 2196 1103 2222 et
1129 2202 1240 2232 pazzo
1266 2192 1331 2221 che
1357 2192 1447 2222 hora
1475 2202 1540 2232 per
1564 2191 1588 2221 il
1614 2191 1751 2231 Segnor
1775 2191 1822 2221 da

1065 2236 1185 2276 Carpi.
1199 2236 1288 2266 hora
1303 2246 1368 2276 per
1385 2246 1434 2266 un
1453 2246 1525 2265 non
1544 2246 1582 2265 so
1600 2235 1657 2265 chi
1676 2236 1708 2265 io
1726 2245 1820 2265 com-

1067 2281 1154 2320 poni
1187 2280 1280 2315 libri,
1314 2281 1379 2310 che
1407 2290 1429 2310 a
1453 2290 1542 2319 gran
1577 2289 1673 2319 pena
1704 2279 1821 2309 scrivo

1066 2324 1197 2354 lettere
1232 2323 1379 2364 volgare
1415 2334 1488 2354 non
1528 2323 1594 2353 che
1632 2323 1762 2363 pei-der
1799 2323 1821 2352 il

1065 2372 1193 2408 tempo
1215 2367 1249 2398 la
1274 2369 1353 2398 vita
1375 2372 1412 2398 et
1434 2367 1467 2397 la
1489 2367 1602 2407 gloria
1627 2377 1692 2407 per
1715 2366 1799 2396 altri
1814 2366 1821 2378 ’

1066 2412 1181 2449 (111071.
1204 2412 1279 2442 ῐάε.
1299 2412 1413 2445 lxxiv.
1433 2422 1467 2451 p.
1487 2412 1556 2448 qo).

1113 2458 1164 2486 26.
1189 2455 1235 2494 μὴ
1252 2454 1399 2495 ὧραισιν]
1416 2456 1481 2486 See
1496 2455 1607 2485 Arist.
1626 2455 1707 2494 Lys.
1726 2463 1819 2494 1037.

1110 2509 1163 2536 29.
1190 2500 1388 2539 legatione]
1406 2499 1471 2529 See
1489 2499 1558 2539 Ep.
1578 2501 1675 2537 2565.
1694 2509 1751 2538 4¹1-

1110 2553 1163 2583 30.
1190 2544 1300 2581 vnus]
1322 2543 1387 2573 We
1406 2554 1468 2574 are
1490 2548 1557 2573 not
1579 2543 1662 2573 able
1680 2548 1718 2573 to
1736 2552 1818 2572 con-

1065 2587 1206 2627 jecture
1248 2588 1330 2618 who
1374 2588 1404 2617 is
1446 2592 1583 2617 meant.
1653 2586 1740 2616 Two
1783 2586 1820 2616 of

1067 2631 1255 2662 Erasmus'
1274 2631 1412 2661 friends
1426 2631 1508 2662 who
1522 2630 1691 2671 perished
1707 2630 1741 2660 in
1757 2630 1820 2660 the

1067 2675 1161 2706 Saek
1181 2676 1218 2705 of
1243 2675 1361 2705 Rome
1384 2685 1477 2705 were
1502 2675 1723 2705 Bombasius
1746 2674 1819 2704 and

1067 2720 1328 2753 Sauromanus,
1362 2719 1428 2749 but
1463 2719 1491 2749 it
1524 2719 1553 2748 is
1590 2718 1744 2748 difficult
1781 2722 1820 2748 to

1068 2763 1207 2794 believe
1239 2763 1325 2793 that
1357 2763 1476 2793 either
1506 2763 1544 2793 of
1576 2763 1680 2793 these
1710 2763 1738 2791 is
1766 2762 1818 2791 in-

1064 2807 1214 2838 tended.

1112 2861 1164 2891 34.
1190 2851 1324 2888 Breue]
1338 2851 1407 2891 Ep.
1423 2860 1517 2890 1324,
1533 2850 1570 2881 of
1584 2850 1701 2880 which
1715 2850 1819 2880 there

1067 2896 1095 2926 is
1120 2906 1142 2926 a
1165 2895 1266 2925 draft
1289 2899 1329 2925 at
1354 2895 1417 2925 the
1440 2894 1596 2924 Vatican
1621 2893 1708 2929 (Ms.
1736 2893 1817 2923 Lat.

1060 2940 1179 2978 3917),
1210 2939 1299 2969 with
1331 2939 1554 2969 corrections
1586 2938 1635 2977 by
1666 2948 1687 2968 a
1719 2937 1818 2968 hand

1065 2983 1183 3013 which
1200 2983 1397 3013 resembles
1414 2982 1641 3013 Aleander's.
