<?xml version="1.0" encoding="UTF-8"?>
<!DOCTYPE html PUBLIC "-//W3C//DTD XHTML 1.0 Transitional//EN"
    "http://www.w3.org/TR/xhtml1/DTD/xhtml1-transitional.dtd">
<html xmlns="http://www.w3.org/1999/xhtml" xml:lang="en" lang="en">
 <head>
  <title>
</title>
<meta http-equiv="Content-Type" content="text/html;charset=utf-8" />
  <meta name='ocr-system' content='tesseract 3.04.00' />
  <meta name='ocr-capabilities' content='ocr_page ocr_carea ocr_par ocr_line ocrx_word'/>
</head>
<body>
  <div class='ocr_page' id='page_1' title='image "./opusepistolarum10eras_0110.png"; bbox 0 0 1966 3379; ppageno 0'>
   <div class='ocr_carea' id='block_1_1' title="bbox 148 139 1785 505">
    <p class='ocr_par' dir='ltr' id='par_1_1' title="bbox 148 139 1785 505">
     <span class='ocr_line' id='line_1_1' title="bbox 208 139 1782 191; baseline 0.002 -13"><span class='ocrx_word' id='word_1_1' title='bbox 208 143 259 179; x_wconf 83' lang='lat'>78</span> <span class='ocrx_word' id='word_1_2' title='bbox 639 139 897 179; x_wconf 85' lang='lat' dir='ltr'>LETTERS</span> <span class='ocrx_word' id='word_1_3' title='bbox 929 140 999 179; x_wconf 83' lang='lat' dir='ltr'>OF</span> <span class='ocrx_word' id='word_1_4' title='bbox 1030 139 1298 180; x_wconf 80' lang='lat' dir='ltr'>ERASMUS</span> <span class='ocrx_word' id='word_1_5' title='bbox 1661 145 1782 191; x_wconf 83' lang='lat'>[1532</span> 
     </span>
     <span class='ocr_line' id='line_1_2' title="bbox 148 246 1785 297; baseline 0.001 -12"><span class='ocrx_word' id='word_1_6' title='bbox 148 265 189 294; x_wconf 85' lang='lat'>50</span> <span class='ocrx_word' id='word_1_7' title='bbox 210 251 328 285; x_wconf 88' lang='lat' dir='ltr'>totus</span> <span class='ocrx_word' id='word_1_8' title='bbox 357 247 497 284; x_wconf 83' lang='lat' dir='ltr'>factus</span> <span class='ocrx_word' id='word_1_9' title='bbox 523 248 578 284; x_wconf 85' lang='lat' dir='ltr'>sit</span> <span class='ocrx_word' id='word_1_10' title='bbox 603 247 831 284; x_wconf 83' lang='lat' dir='ltr'>attonitus.</span> <span class='ocrx_word' id='word_1_11' title='bbox 894 246 1044 284; x_wconf 78' lang='lat' dir='ltr'>Frater</span> <span class='ocrx_word' id='word_1_12' title='bbox 1069 248 1212 284; x_wconf 86' lang='lat' dir='ltr'>mariti</span> <span class='ocrx_word' id='word_1_13' title='bbox 1242 247 1423 284; x_wconf 86' lang='lat' dir='ltr'>Iacobus</span> <span class='ocrx_word' id='word_1_14' title='bbox 1451 246 1785 297; x_wconf 84' lang='lat' dir='ltr'>Bomgartnerus</span> 
     </span>
     <span class='ocr_line' id='line_1_3' title="bbox 209 302 1305 352; baseline 0.001 -14"><span class='ocrx_word' id='word_1_15' title='bbox 209 315 309 352; x_wconf 86' lang='lat' dir='ltr'>prae</span> <span class='ocrx_word' id='word_1_16' title='bbox 332 302 475 339; x_wconf 84' lang='lat' dir='ltr'>dolore</span> <span class='ocrx_word' id='word_1_17' title='bbox 497 302 574 339; x_wconf 84' lang='lat' dir='ltr'>sibi</span> <span class='ocrx_word' id='word_1_18' title='bbox 597 302 769 343; x_wconf 77' lang='lat' dir='ltr'>excidit,</span> <span class='ocrx_word' id='word_1_19' title='bbox 793 305 841 338; x_wconf 86' lang='lat' dir='ltr'>vt</span> <span class='ocrx_word' id='word_1_20' title='bbox 865 302 946 339; x_wconf 86' lang='lat' dir='ltr'>iam</span> <span class='ocrx_word' id='word_1_21' title='bbox 970 303 1024 339; x_wconf 84' lang='lat' dir='ltr'>sit</span> <span class='ocrx_word' id='word_1_22' title='bbox 1046 302 1087 338; x_wconf 89' lang='lat' dir='ltr'>in</span> <span class='ocrx_word' id='word_1_23' title='bbox 1111 302 1305 339; x_wconf 82' lang='lat' dir='ltr'>vinculis,</span> 
     </span>
     <span class='ocr_line' id='line_1_4' title="bbox 268 357 1784 406; baseline 0.002 -13"><span class='ocrx_word' id='word_1_24' title='bbox 268 357 523 406; x_wconf 74' lang='lat' dir='ltr'>Exemplum</span> <span class='ocrx_word' id='word_1_25' title='bbox 547 358 745 406; x_wconf 87' lang='lat' dir='ltr'>quamuis</span> <span class='ocrx_word' id='word_1_26' title='bbox 768 357 943 406; x_wconf 88' lang='lat' dir='ltr'>impium</span> <span class='ocrx_word' id='word_1_27' title='bbox 966 369 1051 394; x_wconf 90' lang='lat' dir='ltr'>non</span> <span class='ocrx_word' id='word_1_28' title='bbox 1072 357 1223 394; x_wconf 88' lang='lat' dir='ltr'>inutile</span> <span class='ocrx_word' id='word_1_29' title='bbox 1250 357 1377 395; x_wconf 86' lang='lat' dir='ltr'>fuerit</span> <span class='ocrx_word' id='word_1_30' title='bbox 1404 357 1456 395; x_wconf 80' lang='lat' dir='ltr'>ad</span> <span class='ocrx_word' id='word_1_31' title='bbox 1483 358 1784 396; x_wconf 86' lang='lat' dir='ltr'>deterrendum</span> 
     </span>
     <span class='ocr_line' id='line_1_5' title="bbox 209 411 1785 464; baseline 0.002 -15"><span class='ocrx_word' id='word_1_32' title='bbox 209 412 263 449; x_wconf 91' lang='lat' dir='ltr'>ab</span> <span class='ocrx_word' id='word_1_33' title='bbox 298 412 523 457; x_wconf 86' lang='lat' dir='ltr'>adulterio,</span> <span class='ocrx_word' id='word_1_34' title='bbox 556 411 671 461; x_wconf 90' lang='lat' dir='ltr'>quod</span> <span class='ocrx_word' id='word_1_35' title='bbox 702 413 786 449; x_wconf 89' lang='lat' dir='ltr'>iam</span> <span class='ocrx_word' id='word_1_36' title='bbox 818 413 929 449; x_wconf 88' lang='lat' dir='ltr'>inter</span> <span class='ocrx_word' id='word_1_37' title='bbox 966 412 1246 462; x_wconf 81' lang='lat' dir='ltr'>Euangelicos</span> <span class='ocrx_word' id='word_1_38' title='bbox 1283 425 1452 462; x_wconf 84' lang='lat' dir='ltr'>quoque</span> <span class='ocrx_word' id='word_1_39' title='bbox 1489 418 1661 464; x_wconf 76' lang='lat' dir='ltr'>ceperat</span> <span class='ocrx_word' id='word_1_40' title='bbox 1696 427 1785 452; x_wconf 89' lang='lat' dir='ltr'>esse</span> 
     </span>
     <span class='ocr_line' id='line_1_6' title="bbox 208 480 335 505; baseline 0 -1"><span class='ocrx_word' id='word_1_41' title='bbox 208 480 335 505; x_wconf 83' lang='lat' dir='ltr'>iocus.</span> 
     </span>
    </p>
   </div>
   <div class='ocr_carea' id='block_1_2' title="bbox 532 653 1462 695">
    <p class='ocr_par' dir='ltr' id='par_1_2' title="bbox 532 653 1462 695">
     <span class='ocr_line' id='line_1_7' title="bbox 532 653 1462 695; baseline 0.001 -1"><span class='ocrx_word' id='word_1_42' title='bbox 532 655 738 695; x_wconf 69' lang='lat'>2⁶⁰⁸2699.</span> <span class='ocrx_word' id='word_1_43' title='bbox 806 654 942 695; x_wconf 78' lang='lat' dir='ltr'><strong>FROM</strong></span> <span class='ocrx_word' id='word_1_44' title='bbox 968 653 1264 695; x_wconf 61' lang='lat' dir='ltr'>STAmSLArs</span> <span class='ocrx_word' id='word_1_45' title='bbox 1288 655 1462 695; x_wconf 70' lang='lat' dir='ltr'>Tcazo.</span> 
     </span>
    </p>
   </div>
   <div class='ocr_carea' id='block_1_3' title="bbox 258 745 1142 839">
    <p class='ocr_par' dir='ltr' id='par_1_3' title="bbox 258 745 1142 839">
     <span class='ocr_line' id='line_1_8' title="bbox 259 745 684 789; baseline 0.002 -11"><span class='ocrx_word' id='word_1_46' title='bbox 259 746 319 779; x_wconf 92' lang='lat' dir='ltr'>De</span> <span class='ocrx_word' id='word_1_47' title='bbox 338 745 523 779; x_wconf 84' lang='lat' dir='ltr'>Puritate</span> <span class='ocrx_word' id='word_1_48' title='bbox 541 757 578 789; x_wconf 90' lang='lat' dir='ltr'>p.</span> <span class='ocrx_word' id='word_1_49' title='bbox 607 755 684 786; x_wconf 82' lang='lat'>105.</span> 
     </span>
     <span class='ocr_line' id='line_1_9' title="bbox 258 795 1142 839; baseline 0 -11"><span class='ocrx_word' id='word_1_50' title='bbox 258 795 307 828; x_wconf 93' lang='lat' dir='ltr'>N.</span> <span class='ocrx_word' id='word_1_51' title='bbox 330 806 366 839; x_wconf 89' lang='lat' dir='ltr'>p.</span> <span class='ocrx_word' id='word_1_52' title='bbox 393 804 507 836; x_wconf 84' lang='lat'>1105:</span> <span class='ocrx_word' id='word_1_53' title='bbox 538 795 664 828; x_wconf 84' lang='lat' dir='ltr'>Lond.</span> <span class='ocrx_word' id='word_1_54' title='bbox 686 795 808 828; x_wconf 85' lang='lat' dir='ltr'>xxvii.</span> <span class='ocrx_word' id='word_1_55' title='bbox 831 803 899 838; x_wconf 85' lang='lat'>37:</span> <span class='ocrx_word' id='word_1_56' title='bbox 930 795 1013 829; x_wconf 84' lang='lat' dir='ltr'>Lss.</span> <span class='ocrx_word' id='word_1_57' title='bbox 1038 805 1142 835; x_wconf 73' lang='lat'>1220.</span> 
     </span>
    </p>
   </div>
   <div class='ocr_carea' id='block_1_4' title="bbox 1406 747 1735 840">
    <p class='ocr_par' dir='ltr' id='par_1_4' title="bbox 1406 747 1735 840">
     <span class='ocr_line' id='line_1_10' title="bbox 1493 747 1687 781; baseline 0.005 -1"><span class='ocrx_word' id='word_1_58' title='bbox 1493 747 1687 781; x_wconf 88' lang='lat' dir='ltr'>Kremsir.</span> 
     </span>
     <span class='ocr_line' id='line_1_11' title="bbox 1406 797 1735 840; baseline 0.009 -12"><span class='ocrx_word' id='word_1_59' title='bbox 1406 797 1427 828; x_wconf 83' lang='lat'>8</span> <span class='ocrx_word' id='word_1_60' title='bbox 1449 797 1608 837; x_wconf 79' lang='lat' dir='ltr'>August</span> <span class='ocrx_word' id='word_1_61' title='bbox 1632 807 1735 840; x_wconf 81' lang='lat'>1532.</span> 
     </span>
    </p>
   </div>
   <div class='ocr_carea' id='block_1_5' title="bbox 209 862 1786 1060">
    <p class='ocr_par' dir='ltr' id='par_1_5' title="bbox 209 862 1786 1060">
     <span class='ocr_line' id='line_1_12' title="bbox 254 862 1786 903; baseline 0.003 -11"><span class='ocrx_word' id='word_1_62' title='bbox 254 862 298 900; x_wconf 83' lang='lat' dir='ltr'>[A</span> <span class='ocrx_word' id='word_1_63' title='bbox 318 862 429 893; x_wconf 70' lang='lat' dir='ltr'>letter</span> <span class='ocrx_word' id='word_1_64' title='bbox 445 862 483 893; x_wconf 85' lang='lat' dir='ltr'>of</span> <span class='ocrx_word' id='word_1_65' title='bbox 501 863 639 893; x_wconf 83' lang='lat' dir='ltr'>thanks</span> <span class='ocrx_word' id='word_1_66' title='bbox 657 862 713 893; x_wconf 88' lang='lat' dir='ltr'>for</span> <span class='ocrx_word' id='word_1_67' title='bbox 730 863 793 893; x_wconf 82' lang='lat' dir='ltr'>the</span> <span class='ocrx_word' id='word_1_68' title='bbox 811 862 1021 894; x_wconf 70' lang='lat' dir='ltr'>dedication</span> <span class='ocrx_word' id='word_1_69' title='bbox 1038 862 1076 893; x_wconf 88' lang='lat' dir='ltr'>of</span> <span class='ocrx_word' id='word_1_70' title='bbox 1096 863 1289 894; x_wconf 65' lang='lat' dir='ltr'>Enarratio</span> <span class='ocrx_word' id='word_1_71' title='bbox 1305 864 1442 902; x_wconf 69' lang='lat' dir='ltr'>psalmi</span> <span class='ocrx_word' id='word_1_72' title='bbox 1457 864 1632 903; x_wconf 73' lang='lat' dir='ltr'>triyese&#39;me&#39;</span> <span class='ocrx_word' id='word_1_73' title='bbox 1649 865 1786 901; x_wconf 75' lang='lat' dir='ltr'>octauz&#39;3</span> 
     </span>
     <span class='ocr_line' id='line_1_13' title="bbox 209 906 488 947; baseline 0 -11"><span class='ocrx_word' id='word_1_74' title='bbox 209 917 268 936; x_wconf 83' lang='lat' dir='ltr'>sce</span> <span class='ocrx_word' id='word_1_75' title='bbox 286 906 355 947; x_wconf 89' lang='lat' dir='ltr'>Ep.</span> <span class='ocrx_word' id='word_1_76' title='bbox 375 907 488 946; x_wconf 65' lang='lat'>2008]</span> 
     </span>
     <span class='ocr_line' id='line_1_14' title="bbox 355 977 1648 1006; baseline 0.002 -3"><span class='ocrx_word' id='word_1_77' title='bbox 355 977 617 1004; x_wconf 79' lang='lat' dir='ltr'>STANISLAVS</span> <span class='ocrx_word' id='word_1_78' title='bbox 639 977 778 1004; x_wconf 76' lang='lat' dir='ltr'><strong>TVRZO</strong></span> <span class='ocrx_word' id='word_1_79' title='bbox 800 977 1034 1004; x_wconf 80' lang='lat' dir='ltr'>EPISCOPVS</span> <span class='ocrx_word' id='word_1_80' title='bbox 1056 978 1332 1005; x_wconf 70' lang='lat' dir='ltr'>OLMVCENSIS</span> <span class='ocrx_word' id='word_1_81' title='bbox 1356 979 1449 1006; x_wconf 74' lang='lat' dir='ltr'>DES.</span> <span class='ocrx_word' id='word_1_82' title='bbox 1475 979 1648 1006; x_wconf 77' lang='lat' dir='ltr'><strong>ERASMO</strong></span> 
     </span>
     <span class='ocr_line' id='line_1_15' title="bbox 827 1033 1166 1060; baseline 0.003 -1"><span class='ocrx_word' id='word_1_83' title='bbox 827 1033 1045 1060; x_wconf 84' lang='lat' dir='ltr'>ROTEROD.</span> <span class='ocrx_word' id='word_1_84' title='bbox 1070 1034 1102 1060; x_wconf 90' lang='lat' dir='ltr'>S.</span> <span class='ocrx_word' id='word_1_85' title='bbox 1128 1034 1166 1060; x_wconf 84' lang='lat' dir='ltr'>D.</span> 
     </span>
    </p>
   </div>
   <div class='ocr_carea' id='block_1_6' title="bbox 155 1092 1790 2632">
    <p class='ocr_par' dir='ltr' id='par_1_6' title="bbox 211 1092 1786 1310">
     <span class='ocr_line' id='line_1_16' title="bbox 267 1092 1786 1145; baseline 0.003 -15"><span class='ocrx_word' id='word_1_86' title='bbox 267 1092 392 1138; x_wconf 78' lang='lat' dir='ltr'>QVOD</span> <span class='ocrx_word' id='word_1_87' title='bbox 407 1093 657 1143; x_wconf 82' lang='lat' dir='ltr'>iampridem</span> <span class='ocrx_word' id='word_1_88' title='bbox 677 1093 854 1130; x_wconf 83' lang='lat' dir='ltr'>Vrsinus</span> <span class='ocrx_word' id='word_1_89' title='bbox 872 1093 1016 1131; x_wconf 87' lang='lat' dir='ltr'>Velius</span> <span class='ocrx_word' id='word_1_90' title='bbox 1031 1094 1330 1144; x_wconf 73' lang='lat' dir='ltr'>pollicebatur,</span> <span class='ocrx_word' id='word_1_91' title='bbox 1349 1099 1479 1144; x_wconf 86' lang='lat' dir='ltr'>atque</span> <span class='ocrx_word' id='word_1_92' title='bbox 1498 1108 1574 1133; x_wconf 87' lang='lat' dir='ltr'>nos</span> <span class='ocrx_word' id='word_1_93' title='bbox 1590 1096 1669 1145; x_wconf 92' lang='lat' dir='ltr'>ipsi</span> <span class='ocrx_word' id='word_1_94' title='bbox 1685 1109 1786 1145; x_wconf 89' lang='lat' dir='ltr'>quo-</span> 
     </span>
     <span class='ocr_line' id='line_1_17' title="bbox 212 1148 1786 1200; baseline 0.002 -15"><span class='ocrx_word' id='word_1_95' title='bbox 212 1161 293 1197; x_wconf 91' lang='lat' dir='ltr'>que</span> <span class='ocrx_word' id='word_1_96' title='bbox 315 1148 559 1186; x_wconf 84' lang='lat' dir='ltr'>auidissime</span> <span class='ocrx_word' id='word_1_97' title='bbox 584 1149 934 1198; x_wconf 47' lang='lat' dir='ltr'>expectabamus</span> <span class='ocrx_word' id='word_1_98' title='bbox 962 1150 1019 1186; x_wconf 90' lang='lat' dir='ltr'>mi</span> <span class='ocrx_word' id='word_1_99' title='bbox 1036 1150 1304 1199; x_wconf 72' lang='lat' dir='ltr'>integerrime</span> <span class='ocrx_word' id='word_1_100' title='bbox 1326 1155 1457 1200; x_wconf 90' lang='lat' dir='ltr'>atque</span> <span class='ocrx_word' id='word_1_101' title='bbox 1486 1151 1786 1188; x_wconf 77' lang='lat' dir='ltr'>candidissime</span> 
     </span>
     <span class='ocr_line' id='line_1_18' title="bbox 212 1203 1786 1255; baseline 0.003 -15"><span class='ocrx_word' id='word_1_102' title='bbox 212 1204 401 1248; x_wconf 85' lang='lat' dir='ltr'>Erasme,</span> <span class='ocrx_word' id='word_1_103' title='bbox 432 1203 626 1241; x_wconf 72' lang='lat' dir='ltr'>videmus</span> <span class='ocrx_word' id='word_1_104' title='bbox 655 1204 829 1241; x_wconf 86' lang='lat' dir='ltr'>tandem</span> <span class='ocrx_word' id='word_1_105' title='bbox 859 1204 935 1241; x_wconf 85' lang='lat' dir='ltr'>abs</span> <span class='ocrx_word' id='word_1_106' title='bbox 964 1208 1006 1242; x_wconf 87' lang='lat' dir='ltr'>te</span> <span class='ocrx_word' id='word_1_107' title='bbox 1035 1204 1252 1242; x_wconf 87' lang='lat' dir='ltr'>cumulate</span> <span class='ocrx_word' id='word_1_108' title='bbox 1282 1210 1652 1255; x_wconf 86' lang='lat' dir='ltr'>repraesentatum</span> <span class='ocrx_word' id='word_1_109' title='bbox 1684 1219 1786 1245; x_wconf 83' lang='lat' dir='ltr'>esse.</span> 
     </span>
     <span class='ocr_line' id='line_1_19' title="bbox 211 1258 1785 1310; baseline 0.003 -15"><span class='ocrx_word' id='word_1_110' title='bbox 211 1259 464 1308; x_wconf 75' lang='lat' dir='ltr'>Accepimus</span> <span class='ocrx_word' id='word_1_111' title='bbox 485 1260 597 1296; x_wconf 86' lang='lat' dir='ltr'>enim</span> <span class='ocrx_word' id='word_1_112' title='bbox 620 1258 766 1296; x_wconf 75' lang='lat' dir='ltr'>literas</span> <span class='ocrx_word' id='word_1_113' title='bbox 788 1263 886 1296; x_wconf 83' lang='lat' dir='ltr'>tuas</span> <span class='ocrx_word' id='word_1_114' title='bbox 912 1259 1199 1305; x_wconf 85' lang='lat' dir='ltr'>suauissimas,</span> <span class='ocrx_word' id='word_1_115' title='bbox 1224 1273 1392 1310; x_wconf 83' lang='lat' dir='ltr'>vnaque</span> <span class='ocrx_word' id='word_1_116' title='bbox 1420 1261 1637 1298; x_wconf 84' lang='lat' dir='ltr'>Psalmum</span> <span class='ocrx_word' id='word_1_117' title='bbox 1665 1262 1785 1299; x_wconf 88' lang='lat' dir='ltr'>trice-</span> 
     </span>
    </p>

    <p class='ocr_par' dir='ltr' id='par_1_7' title="bbox 174 1314 1787 1586">
     <span class='ocr_line' id='line_1_20' title="bbox 174 1314 1786 1365; baseline 0.002 -14"><span class='ocrx_word' id='word_1_118' title='bbox 174 1322 192 1352; x_wconf 82' lang='lat'><strong>5</strong></span> <span class='ocrx_word' id='word_1_119' title='bbox 213 1314 366 1350; x_wconf 85' lang='lat' dir='ltr'>simum</span> <span class='ocrx_word' id='word_1_120' title='bbox 396 1318 613 1359; x_wconf 87' lang='lat' dir='ltr'>octauum,</span> <span class='ocrx_word' id='word_1_121' title='bbox 642 1327 667 1351; x_wconf 90' lang='lat' dir='ltr'>a</span> <span class='ocrx_word' id='word_1_122' title='bbox 696 1314 863 1352; x_wconf 86' lang='lat' dir='ltr'>Dauide</span> <span class='ocrx_word' id='word_1_123' title='bbox 893 1315 1046 1364; x_wconf 88' lang='lat' dir='ltr'>spiritu</span> <span class='ocrx_word' id='word_1_124' title='bbox 1080 1328 1177 1352; x_wconf 84' lang='lat' dir='ltr'>vere</span> <span class='ocrx_word' id='word_1_125' title='bbox 1210 1316 1462 1365; x_wconf 85' lang='lat' dir='ltr'>prophetico</span> <span class='ocrx_word' id='word_1_126' title='bbox 1493 1316 1786 1362; x_wconf 85' lang='lat' dir='ltr'>decantatum,</span> 
     </span>
     <span class='ocr_line' id='line_1_21' title="bbox 212 1368 1787 1420; baseline 0.003 -15"><span class='ocrx_word' id='word_1_127' title='bbox 212 1373 372 1418; x_wconf 86' lang='lat' dir='ltr'>tuaque</span> <span class='ocrx_word' id='word_1_128' title='bbox 406 1368 600 1415; x_wconf 78' lang='lat' dir='ltr'>diligenti</span> <span class='ocrx_word' id='word_1_129' title='bbox 633 1369 930 1407; x_wconf 74' lang='lat' dir='ltr'>lucubratione</span> <span class='ocrx_word' id='word_1_130' title='bbox 962 1370 1023 1407; x_wconf 83' lang='lat' dir='ltr'>ita</span> <span class='ocrx_word' id='word_1_131' title='bbox 1058 1369 1239 1408; x_wconf 80' lang='lat' dir='ltr'>feliciter</span> <span class='ocrx_word' id='word_1_132' title='bbox 1271 1375 1562 1420; x_wconf 85' lang='lat' dir='ltr'>temperatum</span> <span class='ocrx_word' id='word_1_133' title='bbox 1597 1376 1645 1409; x_wconf 79' lang='lat' dir='ltr'>vt</span> <span class='ocrx_word' id='word_1_134' title='bbox 1682 1371 1787 1409; x_wconf 90' lang='lat' dir='ltr'>nihil</span> 
     </span>
     <span class='ocr_line' id='line_1_22' title="bbox 212 1424 1787 1476; baseline 0.003 -16"><span class='ocrx_word' id='word_1_135' title='bbox 212 1436 383 1474; x_wconf 84' lang='lat' dir='ltr'>prorsus</span> <span class='ocrx_word' id='word_1_136' title='bbox 405 1424 556 1461; x_wconf 86' lang='lat' dir='ltr'>cordae</span> <span class='ocrx_word' id='word_1_137' title='bbox 579 1424 643 1461; x_wconf 87' lang='lat' dir='ltr'>hic</span> <span class='ocrx_word' id='word_1_138' title='bbox 666 1437 690 1461; x_wconf 86' lang='lat' dir='ltr'>a</span> <span class='ocrx_word' id='word_1_139' title='bbox 712 1424 879 1462; x_wconf 87' lang='lat' dir='ltr'>cithara</span> <span class='ocrx_word' id='word_1_140' title='bbox 901 1424 1159 1471; x_wconf 81' lang='lat' dir='ltr'>discordent,</span> <span class='ocrx_word' id='word_1_141' title='bbox 1184 1427 1345 1463; x_wconf 87' lang='lat' dir='ltr'>nomini</span> <span class='ocrx_word' id='word_1_142' title='bbox 1369 1430 1516 1464; x_wconf 87' lang='lat' dir='ltr'>nostro</span> <span class='ocrx_word' id='word_1_143' title='bbox 1538 1439 1614 1476; x_wconf 90' lang='lat' dir='ltr'>pro</span> <span class='ocrx_word' id='word_1_144' title='bbox 1643 1430 1719 1464; x_wconf 86' lang='lat' dir='ltr'>tua</span> <span class='ocrx_word' id='word_1_145' title='bbox 1745 1428 1787 1464; x_wconf 91' lang='lat' dir='ltr'>in</span> 
     </span>
     <span class='ocr_line' id='line_1_23' title="bbox 212 1478 1787 1531; baseline 0.002 -15"><span class='ocrx_word' id='word_1_146' title='bbox 212 1492 288 1516; x_wconf 88' lang='lat' dir='ltr'>nos</span> <span class='ocrx_word' id='word_1_147' title='bbox 315 1478 558 1517; x_wconf 83' lang='lat' dir='ltr'>Christiana</span> <span class='ocrx_word' id='word_1_148' title='bbox 588 1479 886 1517; x_wconf 87' lang='lat' dir='ltr'>beneuolentia</span> <span class='ocrx_word' id='word_1_149' title='bbox 915 1480 1172 1518; x_wconf 87' lang='lat' dir='ltr'>dedicatum.</span> <span class='ocrx_word' id='word_1_150' title='bbox 1217 1480 1416 1519; x_wconf 80' lang='lat' dir='ltr'>Studium</span> <span class='ocrx_word' id='word_1_151' title='bbox 1448 1481 1527 1519; x_wconf 89' lang='lat' dir='ltr'>hoc</span> <span class='ocrx_word' id='word_1_152' title='bbox 1560 1486 1658 1519; x_wconf 89' lang='lat' dir='ltr'>tuae</span> <span class='ocrx_word' id='word_1_153' title='bbox 1689 1495 1787 1531; x_wconf 88' lang='lat' dir='ltr'>erga</span> 
     </span>
     <span class='ocr_line' id='line_1_24' title="bbox 213 1533 1786 1586; baseline 0.002 -15"><span class='ocrx_word' id='word_1_154' title='bbox 213 1546 289 1571; x_wconf 84' lang='lat' dir='ltr'>nos</span> <span class='ocrx_word' id='word_1_155' title='bbox 311 1533 527 1572; x_wconf 80' lang='lat' dir='ltr'>fraternae</span> <span class='ocrx_word' id='word_1_156' title='bbox 548 1534 786 1580; x_wconf 75' lang='lat' dir='ltr'>charitatis,</span> <span class='ocrx_word' id='word_1_157' title='bbox 805 1536 889 1572; x_wconf 92' lang='lat' dir='ltr'>imo</span> <span class='ocrx_word' id='word_1_158' title='bbox 912 1536 1052 1573; x_wconf 85' lang='lat' dir='ltr'>verius</span> <span class='ocrx_word' id='word_1_159' title='bbox 1074 1536 1219 1585; x_wconf 87' lang='lat' dir='ltr'>ingens</span> <span class='ocrx_word' id='word_1_160' title='bbox 1241 1541 1284 1574; x_wconf 83' lang='lat' dir='ltr'>et</span> <span class='ocrx_word' id='word_1_161' title='bbox 1306 1549 1526 1586; x_wconf 86' lang='lat' dir='ltr'>nunquam</span> <span class='ocrx_word' id='word_1_162' title='bbox 1549 1538 1786 1575; x_wconf 86' lang='lat' dir='ltr'>intermori-</span> 
     </span>
    </p>

    <p class='ocr_par' dir='ltr' id='par_1_8' title="bbox 155 1589 1788 1862">
     <span class='ocr_line' id='line_1_25' title="bbox 155 1589 1788 1642; baseline 0.003 -17"><span class='ocrx_word' id='word_1_163' title='bbox 155 1598 194 1619; x_wconf 89' lang='lat'>10</span> <span class='ocrx_word' id='word_1_164' title='bbox 213 1593 360 1626; x_wconf 88' lang='lat' dir='ltr'>turum</span> <span class='ocrx_word' id='word_1_165' title='bbox 376 1589 640 1635; x_wconf 84' lang='lat' dir='ltr'>beneficium,</span> <span class='ocrx_word' id='word_1_166' title='bbox 657 1594 774 1627; x_wconf 90' lang='lat' dir='ltr'>certo</span> <span class='ocrx_word' id='word_1_167' title='bbox 788 1591 894 1628; x_wconf 88' lang='lat' dir='ltr'>scias</span> <span class='ocrx_word' id='word_1_168' title='bbox 911 1590 1033 1628; x_wconf 90' lang='lat' dir='ltr'>nobis</span> <span class='ocrx_word' id='word_1_169' title='bbox 1047 1604 1137 1628; x_wconf 84' lang='lat' dir='ltr'>esse</span> <span class='ocrx_word' id='word_1_170' title='bbox 1151 1592 1462 1641; x_wconf 84' lang='lat' dir='ltr'>gratissimum:</span> <span class='ocrx_word' id='word_1_171' title='bbox 1482 1605 1566 1642; x_wconf 87' lang='lat' dir='ltr'>quo</span> <span class='ocrx_word' id='word_1_172' title='bbox 1584 1593 1625 1629; x_wconf 92' lang='lat' dir='ltr'>in</span> <span class='ocrx_word' id='word_1_173' title='bbox 1640 1593 1788 1642; x_wconf 89' lang='lat' dir='ltr'>primis</span> 
     </span>
     <span class='ocr_line' id='line_1_26' title="bbox 214 1644 1785 1696; baseline 0.003 -15"><span class='ocrx_word' id='word_1_174' title='bbox 214 1648 289 1681; x_wconf 88' lang='lat' dir='ltr'>tuo</span> <span class='ocrx_word' id='word_1_175' title='bbox 312 1644 442 1689; x_wconf 86' lang='lat' dir='ltr'>Velio,</span> <span class='ocrx_word' id='word_1_176' title='bbox 465 1645 516 1682; x_wconf 89' lang='lat' dir='ltr'>de</span> <span class='ocrx_word' id='word_1_177' title='bbox 538 1649 579 1682; x_wconf 92' lang='lat' dir='ltr'>te</span> <span class='ocrx_word' id='word_1_178' title='bbox 601 1646 762 1694; x_wconf 90' lang='lat' dir='ltr'>optime</span> <span class='ocrx_word' id='word_1_179' title='bbox 784 1646 950 1689; x_wconf 83' lang='lat' dir='ltr'>meritO,</span> <span class='ocrx_word' id='word_1_180' title='bbox 972 1646 1216 1695; x_wconf 85' lang='lat' dir='ltr'>gratificari,</span> <span class='ocrx_word' id='word_1_181' title='bbox 1238 1660 1399 1696; x_wconf 81' lang='lat' dir='ltr'>nosque</span> <span class='ocrx_word' id='word_1_182' title='bbox 1426 1652 1647 1696; x_wconf 87' lang='lat' dir='ltr'>praeterea</span> <span class='ocrx_word' id='word_1_183' title='bbox 1674 1648 1785 1685; x_wconf 89' lang='lat' dir='ltr'>miri-</span> 
     </span>
     <span class='ocr_line' id='line_1_27' title="bbox 213 1699 1786 1750; baseline 0.003 -14"><span class='ocrx_word' id='word_1_184' title='bbox 213 1699 289 1736; x_wconf 89' lang='lat' dir='ltr'>fice</span> <span class='ocrx_word' id='word_1_185' title='bbox 320 1699 559 1737; x_wconf 82' lang='lat' dir='ltr'>exhilarare</span> <span class='ocrx_word' id='word_1_186' title='bbox 591 1700 788 1741; x_wconf 83' lang='lat' dir='ltr'>voluisti:</span> <span class='ocrx_word' id='word_1_187' title='bbox 823 1704 1007 1750; x_wconf 83' lang='lat' dir='ltr'>vtroque</span> <span class='ocrx_word' id='word_1_188' title='bbox 1038 1701 1168 1750; x_wconf 87' lang='lat' dir='ltr'>igitur</span> <span class='ocrx_word' id='word_1_189' title='bbox 1200 1703 1382 1743; x_wconf 77' lang='lat' dir='ltr'>nomine,</span> <span class='ocrx_word' id='word_1_190' title='bbox 1414 1702 1555 1740; x_wconf 78' lang='lat' dir='ltr'>Vrsini</span> <span class='ocrx_word' id='word_1_191' title='bbox 1588 1703 1786 1741; x_wconf 84' lang='lat' dir='ltr'>videlicet</span> 
     </span>
     <span class='ocr_line' id='line_1_28' title="bbox 214 1756 1787 1807; baseline 0.003 -16"><span class='ocrx_word' id='word_1_192' title='bbox 214 1759 257 1792; x_wconf 87' lang='lat' dir='ltr'>et</span> <span class='ocrx_word' id='word_1_193' title='bbox 279 1759 437 1797; x_wconf 73' lang='lat' dir='ltr'>nostro,</span> <span class='ocrx_word' id='word_1_194' title='bbox 461 1759 562 1792; x_wconf 89' lang='lat' dir='ltr'>tuae</span> <span class='ocrx_word' id='word_1_195' title='bbox 584 1756 825 1805; x_wconf 79' lang='lat' dir='ltr'>integritati</span> <span class='ocrx_word' id='word_1_196' title='bbox 847 1769 1023 1806; x_wconf 86' lang='lat' dir='ltr'>magnas</span> <span class='ocrx_word' id='word_1_197' title='bbox 1045 1757 1209 1806; x_wconf 83' lang='lat' dir='ltr'>agimus</span> <span class='ocrx_word' id='word_1_198' title='bbox 1230 1758 1402 1806; x_wconf 82' lang='lat' dir='ltr'>gratias.</span> <span class='ocrx_word' id='word_1_199' title='bbox 1446 1758 1588 1807; x_wconf 86' lang='lat' dir='ltr'>Atque</span> <span class='ocrx_word' id='word_1_200' title='bbox 1610 1771 1687 1807; x_wconf 91' lang='lat' dir='ltr'>pro</span> <span class='ocrx_word' id='word_1_201' title='bbox 1710 1758 1787 1795; x_wconf 89' lang='lat' dir='ltr'>hac</span> 
     </span>
     <span class='ocr_line' id='line_1_29' title="bbox 215 1810 1787 1862; baseline 0.003 -16"><span class='ocrx_word' id='word_1_202' title='bbox 215 1814 291 1847; x_wconf 88' lang='lat' dir='ltr'>tua</span> <span class='ocrx_word' id='word_1_203' title='bbox 321 1810 459 1847; x_wconf 88' lang='lat' dir='ltr'>amica</span> <span class='ocrx_word' id='word_1_204' title='bbox 490 1811 729 1855; x_wconf 85' lang='lat' dir='ltr'>voluntate,</span> <span class='ocrx_word' id='word_1_205' title='bbox 761 1824 922 1861; x_wconf 83' lang='lat' dir='ltr'>proque</span> <span class='ocrx_word' id='word_1_206' title='bbox 953 1815 1101 1849; x_wconf 88' lang='lat' dir='ltr'>nostra</span> <span class='ocrx_word' id='word_1_207' title='bbox 1132 1813 1264 1850; x_wconf 79' lang='lat' dir='ltr'>veteri</span> <span class='ocrx_word' id='word_1_208' title='bbox 1295 1826 1392 1862; x_wconf 86' lang='lat' dir='ltr'>erga</span> <span class='ocrx_word' id='word_1_209' title='bbox 1429 1816 1470 1850; x_wconf 88' lang='lat' dir='ltr'>te</span> <span class='ocrx_word' id='word_1_210' title='bbox 1501 1813 1787 1858; x_wconf 85' lang='lat' dir='ltr'>obseruantia,</span> 
     </span>
    </p>

    <p class='ocr_par' dir='ltr' id='par_1_9' title="bbox 157 1866 1789 2138">
     <span class='ocr_line' id='line_1_30' title="bbox 157 1866 1786 1918; baseline 0.002 -16"><span class='ocrx_word' id='word_1_211' title='bbox 157 1873 194 1902; x_wconf 81' lang='grc' dir='ltr'>Ι5</span> <span class='ocrx_word' id='word_1_212' title='bbox 215 1869 421 1902; x_wconf 83' lang='lat' dir='ltr'>craterem</span> <span class='ocrx_word' id='word_1_213' title='bbox 448 1866 708 1909; x_wconf 86' lang='lat' dir='ltr'>ina-uratum,</span> <span class='ocrx_word' id='word_1_214' title='bbox 730 1866 984 1916; x_wconf 73' lang='grc' dir='ltr'>μνημόσυνον</span> <span class='ocrx_word' id='word_1_215' title='bbox 1010 1871 1053 1904; x_wconf 89' lang='lat' dir='ltr'>et</span> <span class='ocrx_word' id='word_1_216' title='bbox 1082 1867 1234 1917; x_wconf 77' lang='lat' dir='ltr'>pignus</span> <span class='ocrx_word' id='word_1_217' title='bbox 1262 1872 1435 1905; x_wconf 88' lang='lat' dir='ltr'>nostrae</span> <span class='ocrx_word' id='word_1_218' title='bbox 1463 1881 1562 1917; x_wconf 86' lang='lat' dir='ltr'>erga</span> <span class='ocrx_word' id='word_1_219' title='bbox 1591 1873 1632 1906; x_wconf 85' lang='lat' dir='ltr'>te.</span> <span class='ocrx_word' id='word_1_220' title='bbox 1659 1869 1786 1918; x_wconf 88' lang='lat' dir='ltr'>grati-</span> 
     </span>
     <span class='ocr_line' id='line_1_31' title="bbox 215 1920 1789 1973; baseline 0.003 -17"><span class='ocrx_word' id='word_1_221' title='bbox 215 1920 376 1957; x_wconf 87' lang='lat' dir='ltr'>tudinis</span> <span class='ocrx_word' id='word_1_222' title='bbox 398 1921 680 1958; x_wconf 87' lang='lat' dir='ltr'>certissimum</span> <span class='ocrx_word' id='word_1_223' title='bbox 707 1935 731 1958; x_wconf 83' lang='lat' dir='ltr'>a</span> <span class='ocrx_word' id='word_1_224' title='bbox 759 1921 882 1959; x_wconf 84' lang='lat' dir='ltr'>nobis</span> <span class='ocrx_word' id='word_1_225' title='bbox 905 1922 1090 1959; x_wconf 80' lang='lat' dir='ltr'>vicissim</span> <span class='ocrx_word' id='word_1_226' title='bbox 1116 1935 1253 1971; x_wconf 86' lang='lat' dir='ltr'>aequo</span> <span class='ocrx_word' id='word_1_227' title='bbox 1278 1924 1421 1960; x_wconf 86' lang='lat' dir='ltr'>animo</span> <span class='ocrx_word' id='word_1_228' title='bbox 1449 1924 1641 1973; x_wconf 83' lang='lat' dir='ltr'>accipies.</span> <span class='ocrx_word' id='word_1_229' title='bbox 1701 1923 1789 1961; x_wconf 83' lang='lat' dir='ltr'>Nos</span> 
     </span>
     <span class='ocr_line' id='line_1_32' title="bbox 216 1976 1789 2028; baseline 0.003 -17"><span class='ocrx_word' id='word_1_230' title='bbox 216 1976 377 2012; x_wconf 85' lang='lat' dir='ltr'>interea</span> <span class='ocrx_word' id='word_1_231' title='bbox 412 1980 533 2013; x_wconf 84' lang='lat' dir='ltr'>tuam</span> <span class='ocrx_word' id='word_1_232' title='bbox 569 1976 780 2014; x_wconf 87' lang='lat' dir='ltr'>citharam</span> <span class='ocrx_word' id='word_1_233' title='bbox 817 1978 858 2014; x_wconf 89' lang='lat' dir='ltr'>in</span> <span class='ocrx_word' id='word_1_234' title='bbox 893 1977 1070 2014; x_wconf 86' lang='lat' dir='ltr'>summis</span> <span class='ocrx_word' id='word_1_235' title='bbox 1103 1977 1356 2015; x_wconf 78' lang='lat' dir='ltr'>habebimus</span> <span class='ocrx_word' id='word_1_236' title='bbox 1389 1978 1563 2023; x_wconf 80' lang='lat' dir='ltr'>deliciis,</span> <span class='ocrx_word' id='word_1_237' title='bbox 1598 1983 1645 2015; x_wconf 71' lang='lat' dir='ltr'>vt</span> <span class='ocrx_word' id='word_1_238' title='bbox 1679 1991 1789 2028; x_wconf 89' lang='lat' dir='ltr'>quae</span> 
     </span>
     <span class='ocr_line' id='line_1_33' title="bbox 216 2030 1788 2083; baseline 0.002 -16"><span class='ocrx_word' id='word_1_239' title='bbox 216 2030 442 2067; x_wconf 86' lang='lat' dir='ltr'>coelestem</span> <span class='ocrx_word' id='word_1_240' title='bbox 470 2031 592 2068; x_wconf 89' lang='lat' dir='ltr'>nobis</span> <span class='ocrx_word' id='word_1_241' title='bbox 620 2035 661 2069; x_wconf 92' lang='lat' dir='ltr'>et</span> <span class='ocrx_word' id='word_1_242' title='bbox 691 2031 818 2081; x_wconf 87' lang='lat' dir='ltr'>plane</span> <span class='ocrx_word' id='word_1_243' title='bbox 847 2032 1037 2069; x_wconf 86' lang='lat' dir='ltr'>diuinam</span> <span class='ocrx_word' id='word_1_244' title='bbox 1067 2037 1235 2070; x_wconf 85' lang='lat' dir='ltr'>resonet</span> <span class='ocrx_word' id='word_1_245' title='bbox 1263 2034 1511 2078; x_wconf 83' lang='lat' dir='ltr'>armoniam,</span> <span class='ocrx_word' id='word_1_246' title='bbox 1536 2035 1788 2083; x_wconf 73' lang='lat' dir='ltr'>vtinamque</span> 
     </span>
     <span class='ocr_line' id='line_1_34' title="bbox 217 2085 1785 2138; baseline 0.003 -16"><span class='ocrx_word' id='word_1_247' title='bbox 217 2097 301 2122; x_wconf 89' lang='lat' dir='ltr'>non</span> <span class='ocrx_word' id='word_1_248' title='bbox 323 2085 498 2123; x_wconf 86' lang='lat' dir='ltr'>auribus</span> <span class='ocrx_word' id='word_1_249' title='bbox 516 2086 655 2131; x_wconf 86' lang='lat' dir='ltr'>modo,</span> <span class='ocrx_word' id='word_1_250' title='bbox 675 2088 957 2124; x_wconf 86' lang='lat' dir='ltr'>verumetiam</span> <span class='ocrx_word' id='word_1_251' title='bbox 981 2090 1076 2125; x_wconf 91' lang='lat' dir='ltr'>toto</span> <span class='ocrx_word' id='word_1_252' title='bbox 1093 2101 1267 2137; x_wconf 88' lang='lat' dir='ltr'>corpore</span> <span class='ocrx_word' id='word_1_253' title='bbox 1285 2092 1327 2126; x_wconf 90' lang='lat' dir='ltr'>et</span> <span class='ocrx_word' id='word_1_254' title='bbox 1350 2090 1492 2126; x_wconf 90' lang='lat' dir='ltr'>animo</span> <span class='ocrx_word' id='word_1_255' title='bbox 1511 2089 1629 2138; x_wconf 86' lang='lat' dir='ltr'>sequi</span> <span class='ocrx_word' id='word_1_256' title='bbox 1647 2088 1785 2126; x_wconf 84' lang='lat' dir='ltr'>valea-</span> 
     </span>
    </p>

    <p class='ocr_par' dir='ltr' id='par_1_10' title="bbox 157 2140 1789 2413">
     <span class='ocr_line' id='line_1_35' title="bbox 157 2140 1788 2193; baseline 0.003 -17"><span class='ocrx_word' id='word_1_257' title='bbox 157 2149 196 2170; x_wconf 81' lang='lat'>20</span> <span class='ocrx_word' id='word_1_258' title='bbox 216 2153 310 2177; x_wconf 88' lang='lat' dir='ltr'>mus</span> <span class='ocrx_word' id='word_1_259' title='bbox 332 2153 416 2189; x_wconf 88' lang='lat' dir='ltr'>quo</span> <span class='ocrx_word' id='word_1_260' title='bbox 438 2140 510 2178; x_wconf 86' lang='lat' dir='ltr'>illa</span> <span class='ocrx_word' id='word_1_261' title='bbox 532 2154 608 2178; x_wconf 88' lang='lat' dir='ltr'>nos</span> <span class='ocrx_word' id='word_1_262' title='bbox 629 2142 784 2179; x_wconf 88' lang='lat' dir='ltr'>nititur</span> <span class='ocrx_word' id='word_1_263' title='bbox 805 2142 1065 2192; x_wconf 83' lang='lat' dir='ltr'>pertrahere.</span> <span class='ocrx_word' id='word_1_264' title='bbox 1126 2142 1234 2180; x_wconf 72' lang='lat' dir='ltr'>Sunt</span> <span class='ocrx_word' id='word_1_265' title='bbox 1256 2143 1427 2192; x_wconf 90' lang='lat' dir='ltr'>quidem</span> <span class='ocrx_word' id='word_1_266' title='bbox 1452 2156 1536 2181; x_wconf 86' lang='lat' dir='ltr'>non</span> <span class='ocrx_word' id='word_1_267' title='bbox 1565 2144 1687 2193; x_wconf 87' lang='lat' dir='ltr'>pauci</span> <span class='ocrx_word' id='word_1_268' title='bbox 1711 2143 1788 2181; x_wconf 89' lang='lat' dir='ltr'>hoc</span> 
     </span>
     <span class='ocr_line' id='line_1_36' title="bbox 216 2196 1789 2247; baseline 0.003 -15"><span class='ocrx_word' id='word_1_269' title='bbox 216 2199 363 2232; x_wconf 89' lang='lat' dir='ltr'>nostro</span> <span class='ocrx_word' id='word_1_270' title='bbox 379 2196 521 2234; x_wconf 86' lang='lat' dir='ltr'>seculo</span> <span class='ocrx_word' id='word_1_271' title='bbox 538 2197 609 2245; x_wconf 89' lang='lat' dir='ltr'>qui</span> <span class='ocrx_word' id='word_1_272' title='bbox 627 2197 731 2234; x_wconf 81' lang='lat' dir='ltr'>scite</span> <span class='ocrx_word' id='word_1_273' title='bbox 748 2201 791 2234; x_wconf 87' lang='lat' dir='ltr'>et</span> <span class='ocrx_word' id='word_1_274' title='bbox 807 2197 1024 2247; x_wconf 84' lang='lat' dir='ltr'>eleganter</span> <span class='ocrx_word' id='word_1_275' title='bbox 1039 2197 1223 2247; x_wconf 90' lang='lat' dir='ltr'>plurima</span> <span class='ocrx_word' id='word_1_276' title='bbox 1245 2198 1445 2236; x_wconf 87' lang='lat' dir='ltr'>scribant.</span> <span class='ocrx_word' id='word_1_277' title='bbox 1490 2199 1626 2236; x_wconf 81' lang='lat' dir='ltr'>Nemo</span> <span class='ocrx_word' id='word_1_278' title='bbox 1643 2204 1789 2236; x_wconf 89' lang='lat' dir='ltr'>tamen</span> 
     </span>
     <span class='ocr_line' id='line_1_37' title="bbox 215 2250 1787 2303; baseline 0.003 -16"><span class='ocrx_word' id='word_1_279' title='bbox 215 2254 280 2287; x_wconf 84' lang='lat' dir='ltr'>est</span> <span class='ocrx_word' id='word_1_280' title='bbox 302 2250 430 2296; x_wconf 85' lang='lat' dir='ltr'>(absit</span> <span class='ocrx_word' id='word_1_281' title='bbox 453 2251 584 2288; x_wconf 82' lang='lat' dir='ltr'>verbo</span> <span class='ocrx_word' id='word_1_282' title='bbox 612 2252 791 2299; x_wconf 86' lang='lat' dir='ltr'>inuidia)</span> <span class='ocrx_word' id='word_1_283' title='bbox 815 2253 887 2301; x_wconf 90' lang='lat' dir='ltr'>qui</span> <span class='ocrx_word' id='word_1_284' title='bbox 915 2253 957 2289; x_wconf 93' lang='lat' dir='ltr'>id</span> <span class='ocrx_word' id='word_1_285' title='bbox 985 2253 1117 2290; x_wconf 84' lang='lat' dir='ltr'>faciat</span> <span class='ocrx_word' id='word_1_286' title='bbox 1147 2253 1325 2291; x_wconf 87' lang='lat' dir='ltr'>Erasmo</span> <span class='ocrx_word' id='word_1_287' title='bbox 1353 2255 1583 2303; x_wconf 67' lang='lat' dir='ltr'>syncerffls,</span> <span class='ocrx_word' id='word_1_288' title='bbox 1607 2254 1787 2299; x_wconf 87' lang='lat' dir='ltr'>doctius,</span> 
     </span>
     <span class='ocr_line' id='line_1_38' title="bbox 216 2304 1788 2356; baseline 0.003 -14"><span class='ocrx_word' id='word_1_289' title='bbox 216 2304 393 2349; x_wconf 83' lang='lat' dir='ltr'>fidelius,</span> <span class='ocrx_word' id='word_1_290' title='bbox 426 2305 592 2344; x_wconf 86' lang='lat' dir='ltr'>facilius</span> <span class='ocrx_word' id='word_1_291' title='bbox 626 2311 757 2356; x_wconf 88' lang='lat' dir='ltr'>atque</span> <span class='ocrx_word' id='word_1_292' title='bbox 793 2307 968 2345; x_wconf 87' lang='lat' dir='ltr'>felicius.</span> <span class='ocrx_word' id='word_1_293' title='bbox 1029 2308 1092 2345; x_wconf 87' lang='lat' dir='ltr'>Eo</span> <span class='ocrx_word' id='word_1_294' title='bbox 1127 2308 1175 2345; x_wconf 86' lang='lat' dir='ltr'>fit</span> <span class='ocrx_word' id='word_1_295' title='bbox 1210 2312 1259 2345; x_wconf 75' lang='lat' dir='ltr'>vt</span> <span class='ocrx_word' id='word_1_296' title='bbox 1296 2309 1381 2346; x_wconf 88' lang='lat' dir='ltr'>tuis</span> <span class='ocrx_word' id='word_1_297' title='bbox 1418 2308 1788 2346; x_wconf 85' lang='lat' dir='ltr'>lucubrationibus</span> 
     </span>
     <span class='ocr_line' id='line_1_39' title="bbox 216 2360 1789 2413; baseline 0.003 -17"><span class='ocrx_word' id='word_1_298' title='bbox 216 2360 320 2397; x_wconf 90' lang='lat' dir='ltr'>nihil</span> <span class='ocrx_word' id='word_1_299' title='bbox 342 2360 464 2398; x_wconf 86' lang='lat' dir='ltr'>nobis</span> <span class='ocrx_word' id='word_1_300' title='bbox 486 2361 622 2399; x_wconf 89' lang='lat' dir='ltr'>soleat</span> <span class='ocrx_word' id='word_1_301' title='bbox 643 2375 732 2399; x_wconf 85' lang='lat' dir='ltr'>esse</span> <span class='ocrx_word' id='word_1_302' title='bbox 755 2362 1065 2408; x_wconf 86' lang='lat' dir='ltr'>oblectabilius,</span> <span class='ocrx_word' id='word_1_303' title='bbox 1083 2367 1131 2400; x_wconf 74' lang='lat' dir='ltr'>vt</span> <span class='ocrx_word' id='word_1_304' title='bbox 1152 2376 1371 2412; x_wconf 86' lang='lat' dir='ltr'>nunquam</span> <span class='ocrx_word' id='word_1_305' title='bbox 1395 2363 1527 2401; x_wconf 88' lang='lat' dir='ltr'>libelli</span> <span class='ocrx_word' id='word_1_306' title='bbox 1544 2365 1607 2401; x_wconf 88' lang='lat' dir='ltr'>tui</span> <span class='ocrx_word' id='word_1_307' title='bbox 1629 2368 1789 2413; x_wconf 88' lang='lat' dir='ltr'>tuaque</span> 
     </span>
    </p>

    <p class='ocr_par' dir='ltr' id='par_1_11' title="bbox 156 2414 1790 2632">
     <span class='ocr_line' id='line_1_40' title="bbox 156 2414 1789 2468; baseline 0.002 -15"><span class='ocrx_word' id='word_1_308' title='bbox 156 2423 196 2453; x_wconf 86' lang='lat'>25</span> <span class='ocrx_word' id='word_1_309' title='bbox 217 2414 437 2453; x_wconf 80' lang='lat' dir='ltr'>volumina</span> <span class='ocrx_word' id='word_1_310' title='bbox 458 2429 479 2453; x_wconf 93' lang='lat' dir='ltr'>e</span> <span class='ocrx_word' id='word_1_311' title='bbox 502 2417 698 2454; x_wconf 87' lang='lat' dir='ltr'>manibus</span> <span class='ocrx_word' id='word_1_312' title='bbox 720 2418 875 2455; x_wconf 85' lang='lat' dir='ltr'>nostris</span> <span class='ocrx_word' id='word_1_313' title='bbox 895 2418 1110 2460; x_wconf 82' lang='lat' dir='ltr'>excidant,</span> <span class='ocrx_word' id='word_1_314' title='bbox 1134 2423 1183 2455; x_wconf 88' lang='lat' dir='ltr'>vt</span> <span class='ocrx_word' id='word_1_315' title='bbox 1204 2419 1386 2468; x_wconf 84' lang='lat' dir='ltr'>denique</span> <span class='ocrx_word' id='word_1_316' title='bbox 1416 2418 1521 2456; x_wconf 88' lang='lat' dir='ltr'>nihil</span> <span class='ocrx_word' id='word_1_317' title='bbox 1546 2419 1663 2456; x_wconf 88' lang='lat' dir='ltr'>aliud</span> <span class='ocrx_word' id='word_1_318' title='bbox 1692 2432 1789 2456; x_wconf 90' lang='lat' dir='ltr'>cum</span> 
     </span>
     <span class='ocr_line' id='line_1_41' title="bbox 216 2470 1790 2522; baseline 0.003 -15"><span class='ocrx_word' id='word_1_319' title='bbox 216 2474 305 2507; x_wconf 90' lang='lat' dir='ltr'>tam</span> <span class='ocrx_word' id='word_1_320' title='bbox 338 2470 517 2508; x_wconf 84' lang='lat' dir='ltr'>salutari</span> <span class='ocrx_word' id='word_1_321' title='bbox 548 2471 691 2509; x_wconf 83' lang='lat' dir='ltr'>fructu</span> <span class='ocrx_word' id='word_1_322' title='bbox 725 2472 1004 2522; x_wconf 71' lang='lat' dir='ltr'>perlegamus</span> <span class='ocrx_word' id='word_1_323' title='bbox 1065 2473 1127 2510; x_wconf 91' lang='lat' dir='ltr'>De</span> <span class='ocrx_word' id='word_1_324' title='bbox 1158 2478 1304 2511; x_wconf 84' lang='lat' dir='ltr'>nostro</span> <span class='ocrx_word' id='word_1_325' title='bbox 1337 2478 1483 2511; x_wconf 88' lang='lat' dir='ltr'>autem</span> <span class='ocrx_word' id='word_1_326' title='bbox 1515 2487 1613 2521; x_wconf 79' lang='lat' dir='ltr'>erga</span> <span class='ocrx_word' id='word_1_327' title='bbox 1644 2478 1698 2519; x_wconf 85' lang='lat' dir='ltr'>te,</span> <span class='ocrx_word' id='word_1_328' title='bbox 1732 2474 1790 2511; x_wconf 91' lang='lat' dir='ltr'>mi</span> 
     </span>
     <span class='ocr_line' id='line_1_42' title="bbox 217 2524 1788 2578; baseline 0.003 -16"><span class='ocrx_word' id='word_1_329' title='bbox 217 2524 482 2563; x_wconf 87' lang='lat' dir='ltr'>obseruande</span> <span class='ocrx_word' id='word_1_330' title='bbox 500 2527 688 2572; x_wconf 86' lang='lat' dir='ltr'>Erasme,</span> <span class='ocrx_word' id='word_1_331' title='bbox 711 2540 867 2573; x_wconf 90' lang='lat' dir='ltr'>amore,</span> <span class='ocrx_word' id='word_1_332' title='bbox 892 2527 972 2565; x_wconf 89' lang='lat' dir='ltr'>fide</span> <span class='ocrx_word' id='word_1_333' title='bbox 993 2532 1037 2565; x_wconf 91' lang='lat' dir='ltr'>et</span> <span class='ocrx_word' id='word_1_334' title='bbox 1058 2529 1317 2578; x_wconf 75' lang='lat' dir='ltr'>integritate,</span> <span class='ocrx_word' id='word_1_335' title='bbox 1341 2529 1537 2577; x_wconf 87' lang='lat' dir='ltr'>quamuis</span> <span class='ocrx_word' id='word_1_336' title='bbox 1559 2529 1684 2578; x_wconf 89' lang='lat' dir='ltr'>longo</span> <span class='ocrx_word' id='word_1_337' title='bbox 1707 2532 1788 2566; x_wconf 89' lang='lat' dir='ltr'>ter-</span> 
     </span>
     <span class='ocr_line' id='line_1_43' title="bbox 217 2581 1790 2632; baseline 0.003 -16"><span class='ocrx_word' id='word_1_338' title='bbox 217 2592 361 2618; x_wconf 82' lang='lat' dir='ltr'>rarum</span> <span class='ocrx_word' id='word_1_339' title='bbox 390 2582 533 2630; x_wconf 85' lang='lat' dir='ltr'>spacio</span> <span class='ocrx_word' id='word_1_340' title='bbox 561 2581 865 2631; x_wconf 85' lang='lat' dir='ltr'>disiungamur,</span> <span class='ocrx_word' id='word_1_341' title='bbox 889 2582 992 2620; x_wconf 87' lang='lat' dir='ltr'>nihil</span> <span class='ocrx_word' id='word_1_342' title='bbox 1020 2587 1085 2621; x_wconf 89' lang='lat' dir='ltr'>est</span> <span class='ocrx_word' id='word_1_343' title='bbox 1107 2583 1220 2632; x_wconf 90' lang='lat' dir='ltr'>quod</span> <span class='ocrx_word' id='word_1_344' title='bbox 1249 2583 1515 2629; x_wconf 77' lang='lat' dir='ltr'>subdubiteS,</span> <span class='ocrx_word' id='word_1_345' title='bbox 1539 2584 1659 2622; x_wconf 86' lang='lat' dir='ltr'>salua</span> <span class='ocrx_word' id='word_1_346' title='bbox 1687 2588 1790 2621; x_wconf 81' lang='lat' dir='ltr'>sunt</span> 
     </span>
    </p>
   </div>
   <div class='ocr_carea' id='block_1_7' title="bbox 319 2653 1684 2695">
    <p class='ocr_par' dir='ltr' id='par_1_12' title="bbox 319 2653 1684 2695">
     <span class='ocr_line' id='line_1_44' title="bbox 319 2653 1684 2695; baseline 0.003 -13"><span class='ocrx_word' id='word_1_347' title='bbox 319 2653 414 2683; x_wconf 80' lang='lat'>2698.</span> <span class='ocrx_word' id='word_1_348' title='bbox 441 2663 493 2692; x_wconf 78' lang='lat'>52.</span> <span class='ocrx_word' id='word_1_349' title='bbox 519 2655 690 2694; x_wconf 84' lang='lat' dir='ltr'>quamuis</span> <span class='ocrx_word' id='word_1_350' title='bbox 707 2667 770 2693; x_wconf 73' lang='grc' dir='ltr'>αγτ</span> <span class='ocrx_word' id='word_1_351' title='bbox 796 2656 1040 2695; x_wconf 80' lang='lat' dir='ltr'>quantumuis</span> <span class='ocrx_word' id='word_1_352' title='bbox 1055 2654 1087 2695; x_wconf 88' lang='grc' dir='ltr'>β.</span> <span class='ocrx_word' id='word_1_353' title='bbox 1235 2656 1331 2685; x_wconf 79' lang='grc'>2699.</span> <span class='ocrx_word' id='word_1_354' title='bbox 1357 2665 1430 2686; x_wconf 85' lang='lat' dir='ltr'>TIT.</span> <span class='ocrx_word' id='word_1_355' title='bbox 1450 2665 1533 2686; x_wconf 83' lang='lat' dir='ltr'>DES.</span> <span class='ocrx_word' id='word_1_356' title='bbox 1552 2667 1618 2687; x_wconf 85' lang='lat' dir='ltr'>om.</span> <span class='ocrx_word' id='word_1_357' title='bbox 1638 2656 1684 2686; x_wconf 79' lang='lat' dir='ltr'>N.</span> 
     </span>
    </p>
   </div>
   <div class='ocr_carea' id='block_1_8' title="bbox 219 2714 314 2717">
    <p class='ocr_par' dir='ltr' id='par_1_13' title="bbox 219 2714 314 2717">
     <span class='ocr_line' id='line_1_45' title="bbox 219 2714 314 2717; baseline 0 0"><span class='ocrx_word' id='word_1_358' title='bbox 219 2714 314 2717; x_wconf 95' lang='lat' dir='ltr'> </span> 
     </span>
    </p>
   </div>
   <div class='ocr_carea' id='block_1_9' title="bbox 320 2715 454 2717">
    <p class='ocr_par' dir='ltr' id='par_1_14' title="bbox 320 2715 454 2717">
     <span class='ocr_line' id='line_1_46' title="bbox 320 2715 454 2717; baseline 0 0"><span class='ocrx_word' id='word_1_359' title='bbox 320 2715 454 2717; x_wconf 95' lang='lat' dir='ltr'> </span> 
     </span>
    </p>
   </div>
   <div class='ocr_carea' id='block_1_10' title="bbox 216 2740 969 3046">
    <p class='ocr_par' dir='ltr' id='par_1_15' title="bbox 260 2740 966 2783">
     <span class='ocr_line' id='line_1_47' title="bbox 260 2740 966 2783; baseline 0.004 -13"><span class='ocrx_word' id='word_1_360' title='bbox 260 2740 356 2770; x_wconf 72' lang='lat'>2699.</span> <span class='ocrx_word' id='word_1_361' title='bbox 387 2750 436 2771; x_wconf 87' lang='lat'>11.</span> <span class='ocrx_word' id='word_1_362' title='bbox 464 2741 579 2779; x_wconf 77' lang='lat' dir='ltr'>Velio]</span> <span class='ocrx_word' id='word_1_363' title='bbox 599 2742 664 2773; x_wconf 78' lang='lat' dir='ltr'>See</span> <span class='ocrx_word' id='word_1_364' title='bbox 682 2743 751 2783; x_wconf 82' lang='lat' dir='ltr'>Ep.</span> <span class='ocrx_word' id='word_1_365' title='bbox 772 2752 868 2782; x_wconf 73' lang='lat'>2517.</span> <span class='ocrx_word' id='word_1_366' title='bbox 888 2752 966 2782; x_wconf 79' lang='lat' dir='ltr'>35n.</span> 
     </span>
    </p>

    <p class='ocr_par' dir='ltr' id='par_1_16' title="bbox 216 2786 969 3046">
     <span class='ocr_line' id='line_1_48' title="bbox 264 2786 969 2827; baseline 0.006 -13"><span class='ocrx_word' id='word_1_367' title='bbox 264 2794 313 2823; x_wconf 84' lang='lat'>15.</span> <span class='ocrx_word' id='word_1_368' title='bbox 339 2786 532 2823; x_wconf 83' lang='lat' dir='ltr'>craterem]</span> <span class='ocrx_word' id='word_1_369' title='bbox 575 2787 652 2816; x_wconf 82' lang='lat' dir='ltr'>The</span> <span class='ocrx_word' id='word_1_370' title='bbox 694 2787 892 2827; x_wconf 78' lang='lat' dir='ltr'>inventory</span> <span class='ocrx_word' id='word_1_371' title='bbox 931 2787 969 2817; x_wconf 84' lang='lat' dir='ltr'>of</span> 
     </span>
     <span class='ocr_line' id='line_1_49' title="bbox 217 2828 967 2861; baseline 0.004 -3"><span class='ocrx_word' id='word_1_372' title='bbox 217 2828 405 2858; x_wconf 81' lang='lat' dir='ltr'>Erasmus&#39;</span> <span class='ocrx_word' id='word_1_373' title='bbox 461 2829 663 2860; x_wconf 73' lang='lat' dir='ltr'>houseliold</span> <span class='ocrx_word' id='word_1_374' title='bbox 718 2831 810 2861; x_wconf 81' lang='lat' dir='ltr'>stuff</span> <span class='ocrx_word' id='word_1_375' title='bbox 860 2831 967 2861; x_wconf 84' lang='lat' dir='ltr'>made</span> 
     </span>
     <span class='ocr_line' id='line_1_50' title="bbox 220 2872 968 2915; baseline 0.004 -13"><span class='ocrx_word' id='word_1_376' title='bbox 220 2881 259 2902; x_wconf 87' lang='lat'>10</span> <span class='ocrx_word' id='word_1_377' title='bbox 284 2872 388 2912; x_wconf 89' lang='lat' dir='ltr'>April</span> <span class='ocrx_word' id='word_1_378' title='bbox 420 2882 500 2912; x_wconf 78' lang='lat'>1534</span> <span class='ocrx_word' id='word_1_379' title='bbox 530 2875 715 2904; x_wconf 83' lang='lat' dir='ltr'>mentions</span> <span class='ocrx_word' id='word_1_380' title='bbox 743 2885 877 2915; x_wconf 85' lang='lat' dir='ltr'>among</span> <span class='ocrx_word' id='word_1_381' title='bbox 905 2876 968 2905; x_wconf 84' lang='lat' dir='ltr'>the</span> 
     </span>
     <span class='ocr_line' id='line_1_51' title="bbox 217 2916 967 2958; baseline 0.004 -12"><span class='ocrx_word' id='word_1_382' title='bbox 217 2916 299 2955; x_wconf 87' lang='lat' dir='ltr'>gold</span> <span class='ocrx_word' id='word_1_383' title='bbox 338 2926 449 2956; x_wconf 87' lang='lat' dir='ltr'>cups:</span> <span class='ocrx_word' id='word_1_384' title='bbox 499 2917 629 2947; x_wconf 72' lang='lat' dir='ltr'>‘Aliud</span> <span class='ocrx_word' id='word_1_385' title='bbox 670 2929 843 2958; x_wconf 82' lang='lat' dir='ltr'>magnum</span> <span class='ocrx_word' id='word_1_386' title='bbox 884 2929 967 2949; x_wconf 84' lang='lat' dir='ltr'>cum</span> 
     </span>
     <span class='ocr_line' id='line_1_52' title="bbox 216 2960 966 3003; baseline 0.005 -14"><span class='ocrx_word' id='word_1_387' title='bbox 216 2960 399 2999; x_wconf 86' lang='lat' dir='ltr'>operculo,</span> <span class='ocrx_word' id='word_1_388' title='bbox 428 2971 564 2991; x_wconf 85' lang='lat' dir='ltr'>munus</span> <span class='ocrx_word' id='word_1_389' title='bbox 591 2962 767 2993; x_wconf 84' lang='lat' dir='ltr'>Turzonis</span> <span class='ocrx_word' id='word_1_390' title='bbox 793 2963 966 3003; x_wconf 83' lang='lat' dir='ltr'>Episcopi</span> 
     </span>
     <span class='ocr_line' id='line_1_53' title="bbox 217 3003 966 3046; baseline 0.004 -12"><span class='ocrx_word' id='word_1_391' title='bbox 217 3003 446 3035; x_wconf 85' lang='lat' dir='ltr'>Olmucensis</span> <span class='ocrx_word' id='word_1_392' title='bbox 459 3005 479 3035; x_wconf 87' lang='lat'>&#39;.</span> <span class='ocrx_word' id='word_1_393' title='bbox 517 3005 550 3035; x_wconf 79' lang='lat' dir='ltr'>It</span> <span class='ocrx_word' id='word_1_394' title='bbox 564 3015 721 3045; x_wconf 78' lang='lat' dir='ltr'>appears</span> <span class='ocrx_word' id='word_1_395' title='bbox 733 3007 838 3046; x_wconf 79' lang='lat' dir='ltr'>again</span> <span class='ocrx_word' id='word_1_396' title='bbox 852 3008 887 3037; x_wconf 90' lang='lat' dir='ltr'>in</span> <span class='ocrx_word' id='word_1_397' title='bbox 904 3008 966 3037; x_wconf 87' lang='lat' dir='ltr'>the</span> 
     </span>
    </p>
   </div>
   <div class='ocr_carea' id='block_1_11' title="bbox 1036 2744 1791 2958">
    <p class='ocr_par' dir='ltr' id='par_1_17' title="bbox 1036 2744 1791 2958">
     <span class='ocr_line' id='line_1_54' title="bbox 1037 2744 1790 2785; baseline 0.003 -12"><span class='ocrx_word' id='word_1_398' title='bbox 1037 2744 1235 2783; x_wconf 76' lang='lat' dir='ltr'>inventory</span> <span class='ocrx_word' id='word_1_399' title='bbox 1259 2744 1373 2774; x_wconf 83' lang='lat' dir='ltr'>taken</span> <span class='ocrx_word' id='word_1_400' title='bbox 1403 2754 1439 2774; x_wconf 82' lang='lat'>22</span> <span class='ocrx_word' id='word_1_401' title='bbox 1465 2744 1555 2785; x_wconf 80' lang='lat' dir='ltr'>July</span> <span class='ocrx_word' id='word_1_402' title='bbox 1583 2747 1666 2783; x_wconf 75' lang='lat'>1536</span> <span class='ocrx_word' id='word_1_403' title='bbox 1693 2745 1790 2776; x_wconf 77' lang='lat' dir='ltr'>after</span> 
     </span>
     <span class='ocr_line' id='line_1_55' title="bbox 1038 2788 1789 2828; baseline 0.003 -11"><span class='ocrx_word' id='word_1_404' title='bbox 1038 2788 1224 2818; x_wconf 79' lang='lat' dir='ltr'>Erasmus&#39;</span> <span class='ocrx_word' id='word_1_405' title='bbox 1239 2788 1352 2818; x_wconf 82' lang='lat' dir='ltr'>death</span> <span class='ocrx_word' id='word_1_406' title='bbox 1367 2800 1372 2818; x_wconf 88' lang='lat'>:</span> <span class='ocrx_word' id='word_1_407' title='bbox 1402 2792 1408 2800; x_wconf 77' lang='lat'><strong>¹</strong></span> <span class='ocrx_word' id='word_1_408' title='bbox 1423 2788 1519 2819; x_wconf 85' lang='lat' dir='ltr'>Item</span> <span class='ocrx_word' id='word_1_409' title='bbox 1533 2789 1590 2819; x_wconf 90' lang='lat' dir='ltr'>ein</span> <span class='ocrx_word' id='word_1_410' title='bbox 1605 2789 1789 2828; x_wconf 83' lang='lat' dir='ltr'>vergulter</span> 
     </span>
     <span class='ocr_line' id='line_1_56' title="bbox 1037 2832 1790 2863; baseline 0.003 -2"><span class='ocrx_word' id='word_1_411' title='bbox 1037 2832 1156 2862; x_wconf 82' lang='lat' dir='ltr'>Stouff</span> <span class='ocrx_word' id='word_1_412' title='bbox 1195 2842 1280 2862; x_wconf 84' lang='lat' dir='ltr'>vom</span> <span class='ocrx_word' id='word_1_413' title='bbox 1323 2832 1486 2862; x_wconf 74' lang='lat' dir='ltr'>Bischoff</span> <span class='ocrx_word' id='word_1_414' title='bbox 1528 2843 1600 2863; x_wconf 80' lang='lat' dir='ltr'>von</span> <span class='ocrx_word' id='word_1_415' title='bbox 1641 2833 1790 2863; x_wconf 87' lang='lat' dir='ltr'>Olmutz</span> 
     </span>
     <span class='ocr_line' id='line_1_57' title="bbox 1036 2876 1791 2915; baseline 0.003 -10"><span class='ocrx_word' id='word_1_416' title='bbox 1036 2876 1151 2915; x_wconf 82' lang='lat' dir='ltr'>geben</span> <span class='ocrx_word' id='word_1_417' title='bbox 1168 2876 1188 2905; x_wconf 91' lang='lat'>’.</span> <span class='ocrx_word' id='word_1_418' title='bbox 1230 2876 1347 2905; x_wconf 82' lang='lat' dir='ltr'>When</span> <span class='ocrx_word' id='word_1_419' title='bbox 1400 2876 1575 2907; x_wconf 74' lang='lat' dir='ltr'>Erasmus</span> <span class='ocrx_word' id='word_1_420' title='bbox 1625 2877 1709 2907; x_wconf 87' lang='lat' dir='ltr'>died</span> <span class='ocrx_word' id='word_1_421' title='bbox 1761 2877 1791 2907; x_wconf 91' lang='lat' dir='ltr'>it</span> 
     </span>
     <span class='ocr_line' id='line_1_58' title="bbox 1037 2920 1790 2958; baseline 0.003 -9"><span class='ocrx_word' id='word_1_422' title='bbox 1037 2920 1168 2958; x_wconf 82' lang='lat' dir='ltr'>passed</span> <span class='ocrx_word' id='word_1_423' title='bbox 1192 2924 1231 2949; x_wconf 81' lang='lat' dir='ltr'>to</span> <span class='ocrx_word' id='word_1_424' title='bbox 1255 2920 1431 2950; x_wconf 81' lang='lat' dir='ltr'>Boniface</span> <span class='ocrx_word' id='word_1_425' title='bbox 1457 2921 1674 2951; x_wconf 83' lang='lat' dir='ltr'>Amerbach.</span> <span class='ocrx_word' id='word_1_426' title='bbox 1725 2920 1790 2951; x_wconf 86' lang='lat' dir='ltr'>See</span> 
     </span>
    </p>
   </div>
   <div class='ocr_carea' id='block_1_12' title="bbox 1036 2963 1390 3005">
    <p class='ocr_par' dir='ltr' id='par_1_18' title="bbox 1036 2963 1390 3005">
     <span class='ocr_line' id='line_1_59' title="bbox 1036 2963 1390 3005; baseline 0.003 -12"><span class='ocrx_word' id='word_1_427' title='bbox 1036 2963 1163 3003; x_wconf 83' lang='lat' dir='ltr'>Major,</span> <span class='ocrx_word' id='word_1_428' title='bbox 1183 2974 1246 3005; x_wconf 89' lang='lat' dir='ltr'>pp.</span> <span class='ocrx_word' id='word_1_429' title='bbox 1265 2973 1318 3004; x_wconf 88' lang='lat'>41.</span> <span class='ocrx_word' id='word_1_430' title='bbox 1338 2974 1390 3003; x_wconf 83' lang='lat'>53.</span> 
     </span>
    </p>
   </div>
  </div>
 </body>
</html>
