<?xml version="1.0" encoding="UTF-8"?>
<!DOCTYPE html PUBLIC "-//W3C//DTD XHTML 1.0 Transitional//EN"
    "http://www.w3.org/TR/xhtml1/DTD/xhtml1-transitional.dtd">
<html xmlns="http://www.w3.org/1999/xhtml" xml:lang="en" lang="en">
 <head>
  <title>
</title>
<meta http-equiv="Content-Type" content="text/html;charset=utf-8" />
  <meta name='ocr-system' content='tesseract 3.04.00' />
  <meta name='ocr-capabilities' content='ocr_page ocr_carea ocr_par ocr_line ocrx_word'/>
</head>
<body>
  <div class='ocr_page' id='page_1' title='image "./opusepistolarum10eras_0053.png"; bbox 0 0 1966 3379; ppageno 0'>
   <div class='ocr_carea' id='block_1_1' title="bbox 104 166 1668 222">
    <p class='ocr_par' dir='ltr' id='par_1_1' title="bbox 104 166 1668 222">
     <span class='ocr_line' id='line_1_1' title="bbox 104 166 1668 222; baseline -0.005 -11"><span class='ocrx_word' id='word_1_1' title='bbox 104 172 226 222; x_wconf 83' lang='lat'><strong>2648]</strong></span> <span class='ocrx_word' id='word_1_2' title='bbox 522 168 681 207; x_wconf 84' lang='lat' dir='ltr'><strong>FROM</strong></span> <span class='ocrx_word' id='word_1_3' title='bbox 710 166 922 206; x_wconf 78' lang='lat' dir='ltr'><strong>JACOPO</strong></span> <span class='ocrx_word' id='word_1_4' title='bbox 952 166 1248 205; x_wconf 81' lang='lat' dir='ltr'><strong>SADOLETO</strong></span> <span class='ocrx_word' id='word_1_5' title='bbox 1621 167 1668 203; x_wconf 84' lang='lat'>21</span> 
     </span>
    </p>
   </div>
   <div class='ocr_carea' id='block_1_2' title="bbox 100 270 1737 2840">
    <p class='ocr_par' dir='ltr' id='par_1_2' title="bbox 100 270 1737 1905">
     <span class='ocr_line' id='line_1_2' title="bbox 157 270 1672 322; baseline -0.005 -9"><span class='ocrx_word' id='word_1_6' title='bbox 157 275 224 313; x_wconf 91' lang='lat' dir='ltr'>Ad</span> <span class='ocrx_word' id='word_1_7' title='bbox 251 287 388 312; x_wconf 88' lang='lat' dir='ltr'>meam</span> <span class='ocrx_word' id='word_1_8' title='bbox 414 286 526 311; x_wconf 90' lang='lat' dir='ltr'>nunc</span> <span class='ocrx_word' id='word_1_9' title='bbox 551 277 697 310; x_wconf 88' lang='lat' dir='ltr'>tamen</span> <span class='ocrx_word' id='word_1_10' title='bbox 724 272 948 322; x_wconf 86' lang='lat' dir='ltr'>pristinam</span> <span class='ocrx_word' id='word_1_11' title='bbox 971 271 1236 320; x_wconf 90' lang='lat' dir='ltr'>prouinciam</span> <span class='ocrx_word' id='word_1_12' title='bbox 1265 283 1358 307; x_wconf 92' lang='lat' dir='ltr'>sum</span> <span class='ocrx_word' id='word_1_13' title='bbox 1387 283 1594 314; x_wconf 85' lang='lat' dir='ltr'>reuersus,</span> <span class='ocrx_word' id='word_1_14' title='bbox 1621 270 1672 307; x_wconf 87' lang='lat' dir='ltr'>de</span> 
     </span>
     <span class='ocr_line' id='line_1_3' title="bbox 104 324 1672 380; baseline -0.005 -12"><span class='ocrx_word' id='word_1_15' title='bbox 104 343 188 380; x_wconf 87' lang='lat' dir='ltr'>qua</span> <span class='ocrx_word' id='word_1_16' title='bbox 215 333 315 367; x_wconf 89' lang='lat' dir='ltr'>ante</span> <span class='ocrx_word' id='word_1_17' title='bbox 343 328 398 366; x_wconf 86' lang='lat' dir='ltr'>ad</span> <span class='ocrx_word' id='word_1_18' title='bbox 426 332 468 365; x_wconf 85' lang='lat' dir='ltr'>te</span> <span class='ocrx_word' id='word_1_19' title='bbox 496 328 759 377; x_wconf 91' lang='lat' dir='ltr'>scripseram,</span> <span class='ocrx_word' id='word_1_20' title='bbox 788 330 838 363; x_wconf 87' lang='lat' dir='ltr'>vt</span> <span class='ocrx_word' id='word_1_21' title='bbox 865 326 1194 363; x_wconf 69' lang='lat' dir='ltr'>commentarios</span> <span class='ocrx_word' id='word_1_22' title='bbox 1223 326 1264 361; x_wconf 91' lang='lat' dir='ltr'>in</span> <span class='ocrx_word' id='word_1_23' title='bbox 1294 324 1416 362; x_wconf 90' lang='lat' dir='ltr'>Pauli</span> <span class='ocrx_word' id='word_1_24' title='bbox 1446 324 1672 374; x_wconf 85' lang='lat' dir='ltr'>epistolam</span> 
     </span>
     <span class='ocr_line' id='line_1_4' title="bbox 103 379 1671 430; baseline -0.005 -8"><span class='ocrx_word' id='word_1_25' title='bbox 103 385 157 422; x_wconf 88' lang='lat' dir='ltr'>ad</span> <span class='ocrx_word' id='word_1_26' title='bbox 180 384 399 422; x_wconf 85' lang='lat' dir='ltr'>Romanos</span> <span class='ocrx_word' id='word_1_27' title='bbox 424 382 701 420; x_wconf 78' lang='lat' dir='ltr'>conscribam.</span> <span class='ocrx_word' id='word_1_28' title='bbox 761 380 884 426; x_wconf 83' lang='lat' dir='ltr'>Quod</span> <span class='ocrx_word' id='word_1_29' title='bbox 913 393 1019 430; x_wconf 92' lang='lat' dir='ltr'>opus</span> <span class='ocrx_word' id='word_1_30' title='bbox 1046 381 1127 417; x_wconf 86' lang='lat' dir='ltr'>etsi</span> <span class='ocrx_word' id='word_1_31' title='bbox 1156 379 1452 417; x_wconf 88' lang='lat' dir='ltr'>difficillimum</span> <span class='ocrx_word' id='word_1_32' title='bbox 1483 380 1671 415; x_wconf 90' lang='lat' dir='ltr'>omnium</span> 
     </span>
     <span class='ocr_line' id='line_1_5' title="bbox 103 433 1673 485; baseline -0.004 -9"><span class='ocrx_word' id='word_1_33' title='bbox 103 443 180 483; x_wconf 88' lang='lat' dir='ltr'>est,</span> <span class='ocrx_word' id='word_1_34' title='bbox 203 439 328 475; x_wconf 92' lang='lat' dir='ltr'>sicuti</span> <span class='ocrx_word' id='word_1_35' title='bbox 349 441 392 475; x_wconf 86' lang='lat' dir='ltr'>et</span> <span class='ocrx_word' id='word_1_36' title='bbox 414 441 462 474; x_wconf 91' lang='lat' dir='ltr'>tu</span> <span class='ocrx_word' id='word_1_37' title='bbox 489 437 620 474; x_wconf 89' lang='lat' dir='ltr'>sentis</span> <span class='ocrx_word' id='word_1_38' title='bbox 648 440 692 473; x_wconf 86' lang='lat' dir='ltr'>et</span> <span class='ocrx_word' id='word_1_39' title='bbox 719 448 795 485; x_wconf 89' lang='lat' dir='ltr'>ego</span> <span class='ocrx_word' id='word_1_40' title='bbox 823 433 986 484; x_wconf 88' lang='lat' dir='ltr'>reipsa</span> <span class='ocrx_word' id='word_1_41' title='bbox 1012 435 1217 483; x_wconf 83' lang='lat' dir='ltr'>experior,</span> <span class='ocrx_word' id='word_1_42' title='bbox 1248 438 1392 470; x_wconf 88' lang='lat' dir='ltr'>tamen</span> <span class='ocrx_word' id='word_1_43' title='bbox 1420 434 1561 470; x_wconf 88' lang='lat' dir='ltr'>animo</span> <span class='ocrx_word' id='word_1_44' title='bbox 1589 446 1673 470; x_wconf 90' lang='lat' dir='ltr'>non</span> 
     </span>
     <span class='ocr_line' id='line_1_6' title="bbox 102 488 1732 534; baseline -0.002 -4"><span class='ocrx_word' id='word_1_45' title='bbox 102 493 262 531; x_wconf 89' lang='lat' dir='ltr'>deficio.</span> <span class='ocrx_word' id='word_1_46' title='bbox 323 492 496 529; x_wconf 86' lang='lat' dir='ltr'>Vtinam</span> <span class='ocrx_word' id='word_1_47' title='bbox 519 492 576 528; x_wconf 92' lang='lat' dir='ltr'>sic</span> <span class='ocrx_word' id='word_1_48' title='bbox 597 495 802 528; x_wconf 90' lang='lat' dir='ltr'>euentum</span> <span class='ocrx_word' id='word_1_49' title='bbox 824 502 1014 527; x_wconf 85' lang='lat' dir='ltr'>meorum</span> <span class='ocrx_word' id='word_1_50' title='bbox 1040 488 1313 526; x_wconf 84' lang='lat' dir='ltr'>consiliorum</span> <span class='ocrx_word' id='word_1_51' title='bbox 1343 488 1536 525; x_wconf 82' lang='lat' dir='ltr'>fortunet</span> <span class='ocrx_word' id='word_1_52' title='bbox 1558 488 1672 525; x_wconf 88' lang='lat' dir='ltr'>Deus</span> <span class='ocrx_word' id='word_1_53' title='bbox 1696 505 1732 534; x_wconf 85' lang='lat'>15</span> 
     </span>
     <span class='ocr_line' id='line_1_7' title="bbox 103 542 1670 597; baseline -0.004 -12"><span class='ocrx_word' id='word_1_54' title='bbox 103 546 465 597; x_wconf 80' lang='lat' dir='ltr'>quemadmodum</span> <span class='ocrx_word' id='word_1_55' title='bbox 487 559 512 583; x_wconf 89' lang='lat' dir='ltr'>a</span> <span class='ocrx_word' id='word_1_56' title='bbox 532 558 626 583; x_wconf 90' lang='lat' dir='ltr'>mea</span> <span class='ocrx_word' id='word_1_57' title='bbox 647 549 769 594; x_wconf 89' lang='lat' dir='ltr'>parte</span> <span class='ocrx_word' id='word_1_58' title='bbox 791 544 895 581; x_wconf 90' lang='lat' dir='ltr'>nihil</span> <span class='ocrx_word' id='word_1_59' title='bbox 917 556 1052 592; x_wconf 89' lang='lat' dir='ltr'>neque</span> <span class='ocrx_word' id='word_1_60' title='bbox 1076 543 1233 581; x_wconf 90' lang='lat' dir='ltr'>laboris</span> <span class='ocrx_word' id='word_1_61' title='bbox 1255 543 1391 580; x_wconf 87' lang='lat' dir='ltr'>deerit</span> <span class='ocrx_word' id='word_1_62' title='bbox 1413 555 1488 579; x_wconf 89' lang='lat' dir='ltr'>nec</span> <span class='ocrx_word' id='word_1_63' title='bbox 1515 542 1670 579; x_wconf 83' lang='lat' dir='ltr'>studii!</span> 
     </span>
     <span class='ocr_line' id='line_1_8' title="bbox 102 596 1672 649; baseline -0.004 -10"><span class='ocrx_word' id='word_1_64' title='bbox 102 601 269 639; x_wconf 76' lang='lat' dir='ltr'>Accidit</span> <span class='ocrx_word' id='word_1_65' title='bbox 290 605 435 638; x_wconf 87' lang='lat' dir='ltr'>autem</span> <span class='ocrx_word' id='word_1_66' title='bbox 458 600 561 637; x_wconf 91' lang='lat' dir='ltr'>mihi</span> <span class='ocrx_word' id='word_1_67' title='bbox 582 603 901 649; x_wconf 78' lang='lat' dir='ltr'>peropportune</span> <span class='ocrx_word' id='word_1_68' title='bbox 918 602 967 635; x_wconf 87' lang='lat' dir='ltr'>vt</span> <span class='ocrx_word' id='word_1_69' title='bbox 989 599 1255 635; x_wconf 77' lang='lat' dir='ltr'>nanciscerer</span> <span class='ocrx_word' id='word_1_70' title='bbox 1271 597 1360 634; x_wconf 87' lang='lat' dir='ltr'>diui</span> <span class='ocrx_word' id='word_1_71' title='bbox 1378 596 1672 646; x_wconf 76' lang='lat' dir='ltr'>Chrysostomi</span> 
     </span>
     <span class='ocr_line' id='line_1_9' title="bbox 102 652 1670 703; baseline -0.004 -9"><span class='ocrx_word' id='word_1_72' title='bbox 102 656 429 694; x_wconf 79' lang='lat' dir='ltr'>commentarios</span> <span class='ocrx_word' id='word_1_73' title='bbox 450 656 492 692; x_wconf 87' lang='lat' dir='ltr'>in</span> <span class='ocrx_word' id='word_1_74' title='bbox 513 667 657 692; x_wconf 88' lang='lat' dir='ltr'>omnes</span> <span class='ocrx_word' id='word_1_75' title='bbox 683 653 805 692; x_wconf 87' lang='lat' dir='ltr'>Pauli</span> <span class='ocrx_word' id='word_1_76' title='bbox 833 653 1036 703; x_wconf 84' lang='lat' dir='ltr'>epistolas</span> <span class='ocrx_word' id='word_1_77' title='bbox 1058 652 1219 690; x_wconf 85' lang='lat' dir='ltr'>Graeca</span> <span class='ocrx_word' id='word_1_78' title='bbox 1248 652 1391 701; x_wconf 85' lang='lat' dir='ltr'>lingua</span> <span class='ocrx_word' id='word_1_79' title='bbox 1420 653 1670 701; x_wconf 86' lang='lat' dir='ltr'>impressos:</span> 
     </span>
     <span class='ocr_line' id='line_1_10' title="bbox 103 708 1673 760; baseline -0.004 -12"><span class='ocrx_word' id='word_1_80' title='bbox 103 712 176 760; x_wconf 90' lang='lat' dir='ltr'>qui</span> <span class='ocrx_word' id='word_1_81' title='bbox 199 710 313 748; x_wconf 82' lang='lat' dir='ltr'>mihi</span> <span class='ocrx_word' id='word_1_82' title='bbox 349 710 460 747; x_wconf 92' lang='lat' dir='ltr'>dono</span> <span class='ocrx_word' id='word_1_83' title='bbox 495 709 549 747; x_wconf 91' lang='lat' dir='ltr'>ab</span> <span class='ocrx_word' id='word_1_84' title='bbox 581 709 792 759; x_wconf 86' lang='lat' dir='ltr'>Episcopo</span> <span class='ocrx_word' id='word_1_85' title='bbox 828 708 1020 746; x_wconf 83' lang='lat' dir='ltr'>Veronae</span> <span class='ocrx_word' id='word_1_86' title='bbox 1056 708 1173 744; x_wconf 76' lang='lat' dir='ltr'>missi</span> <span class='ocrx_word' id='word_1_87' title='bbox 1208 711 1332 744; x_wconf 87' lang='lat' dir='ltr'>sunt:</span> <span class='ocrx_word' id='word_1_88' title='bbox 1377 719 1561 755; x_wconf 89' lang='lat' dir='ltr'>quorum</span> <span class='ocrx_word' id='word_1_89' title='bbox 1597 719 1673 755; x_wconf 87' lang='lat' dir='ltr'>ego</span> 
     </span>
     <span class='ocr_line' id='line_1_11' title="bbox 102 760 1734 812; baseline -0.002 -9"><span class='ocrx_word' id='word_1_90' title='bbox 102 766 262 803; x_wconf 80' lang='lat' dir='ltr'>famam</span> <span class='ocrx_word' id='word_1_91' title='bbox 292 764 358 802; x_wconf 91' lang='lat' dir='ltr'>vel</span> <span class='ocrx_word' id='word_1_92' title='bbox 384 764 586 802; x_wconf 88' lang='lat' dir='ltr'>volumen</span> <span class='ocrx_word' id='word_1_93' title='bbox 613 765 743 801; x_wconf 89' lang='lat' dir='ltr'>etiam</span> <span class='ocrx_word' id='word_1_94' title='bbox 772 764 911 812; x_wconf 92' lang='lat' dir='ltr'>ipsum</span> <span class='ocrx_word' id='word_1_95' title='bbox 940 762 995 800; x_wconf 87' lang='lat' dir='ltr'>ad</span> <span class='ocrx_word' id='word_1_96' title='bbox 1024 767 1066 799; x_wconf 91' lang='lat' dir='ltr'>te</span> <span class='ocrx_word' id='word_1_97' title='bbox 1091 766 1198 811; x_wconf 88' lang='lat' dir='ltr'>puto</span> <span class='ocrx_word' id='word_1_98' title='bbox 1224 762 1478 811; x_wconf 88' lang='lat' dir='ltr'>peruenisse.</span> <span class='ocrx_word' id='word_1_99' title='bbox 1539 760 1673 810; x_wconf 86' lang='lat' dir='ltr'>Cupio</span> <span class='ocrx_word' id='word_1_100' title='bbox 1693 778 1734 799; x_wconf 91' lang='lat'>20</span> 
     </span>
     <span class='ocr_line' id='line_1_12' title="bbox 103 815 1672 869; baseline -0.003 -12"><span class='ocrx_word' id='word_1_101' title='bbox 103 820 273 869; x_wconf 91' lang='lat' dir='ltr'>quidem</span> <span class='ocrx_word' id='word_1_102' title='bbox 304 824 417 856; x_wconf 88' lang='lat' dir='ltr'>certe</span> <span class='ocrx_word' id='word_1_103' title='bbox 448 823 509 864; x_wconf 84' lang='lat' dir='ltr'>vt,</span> <span class='ocrx_word' id='word_1_104' title='bbox 539 819 653 868; x_wconf 90' lang='lat' dir='ltr'>quod</span> <span class='ocrx_word' id='word_1_105' title='bbox 686 822 788 855; x_wconf 90' lang='lat' dir='ltr'>tunc</span> <span class='ocrx_word' id='word_1_106' title='bbox 819 818 899 854; x_wconf 91' lang='lat' dir='ltr'>tibi</span> <span class='ocrx_word' id='word_1_107' title='bbox 930 817 1113 854; x_wconf 82' lang='lat' dir='ltr'>defuisse</span> <span class='ocrx_word' id='word_1_108' title='bbox 1145 817 1293 853; x_wconf 87' lang='lat' dir='ltr'>scribis</span> <span class='ocrx_word' id='word_1_109' title='bbox 1324 828 1421 853; x_wconf 89' lang='lat' dir='ltr'>cum</span> <span class='ocrx_word' id='word_1_110' title='bbox 1453 815 1530 853; x_wconf 97' lang='grc'><strong>1100</strong></span> <span class='ocrx_word' id='word_1_111' title='bbox 1561 815 1672 852; x_wconf 83' lang='grc'><strong>1110111</strong></span> 
     </span>
     <span class='ocr_line' id='line_1_13' title="bbox 103 870 1673 924; baseline -0.003 -12"><span class='ocrx_word' id='word_1_112' title='bbox 103 887 208 924; x_wconf 92' lang='lat' dir='ltr'>opus</span> <span class='ocrx_word' id='word_1_113' title='bbox 238 887 348 911; x_wconf 90' lang='lat' dir='ltr'>esses</span> <span class='ocrx_word' id='word_1_114' title='bbox 376 886 608 923; x_wconf 79' lang='lat' dir='ltr'>aggressus,</span> <span class='ocrx_word' id='word_1_115' title='bbox 635 873 677 910; x_wconf 89' lang='lat' dir='ltr'>id</span> <span class='ocrx_word' id='word_1_116' title='bbox 707 885 820 910; x_wconf 89' lang='lat' dir='ltr'>nunc</span> <span class='ocrx_word' id='word_1_117' title='bbox 846 875 1064 922; x_wconf 83' lang='lat' dir='ltr'>suppetat,</span> <span class='ocrx_word' id='word_1_118' title='bbox 1090 872 1123 908; x_wconf 91' lang='lat' dir='ltr'>si</span> <span class='ocrx_word' id='word_1_119' title='bbox 1154 871 1265 908; x_wconf 82' lang='lat' dir='ltr'>forte</span> <span class='ocrx_word' id='word_1_120' title='bbox 1296 871 1375 908; x_wconf 89' lang='lat' dir='ltr'>tibi</span> <span class='ocrx_word' id='word_1_121' title='bbox 1404 870 1536 908; x_wconf 89' lang='lat' dir='ltr'>libeat</span> <span class='ocrx_word' id='word_1_122' title='bbox 1564 883 1673 920; x_wconf 88' lang='lat' dir='ltr'>quae</span> 
     </span>
     <span class='ocr_line' id='line_1_14' title="bbox 103 926 1672 977; baseline -0.003 -11"><span class='ocrx_word' id='word_1_123' title='bbox 103 929 263 967; x_wconf 87' lang='lat' dir='ltr'>iamdiu</span> <span class='ocrx_word' id='word_1_124' title='bbox 285 941 458 966; x_wconf 84' lang='lat' dir='ltr'>exorsus</span> <span class='ocrx_word' id='word_1_125' title='bbox 480 928 622 965; x_wconf 83' lang='lat' dir='ltr'>fueras</span> <span class='ocrx_word' id='word_1_126' title='bbox 649 941 699 966; x_wconf 91' lang='lat' dir='ltr'>ea</span> <span class='ocrx_word' id='word_1_127' title='bbox 726 940 839 964; x_wconf 91' lang='lat' dir='ltr'>nunc</span> <span class='ocrx_word' id='word_1_128' title='bbox 868 931 1102 977; x_wconf 85' lang='lat' dir='ltr'>pertexere.</span> <span class='ocrx_word' id='word_1_129' title='bbox 1159 926 1471 963; x_wconf 85' lang='lat' dir='ltr'>Frobenianam</span> <span class='ocrx_word' id='word_1_130' title='bbox 1500 937 1672 974; x_wconf 86' lang='lat' dir='ltr'>operam</span> 
     </span>
     <span class='ocr_line' id='line_1_15' title="bbox 103 981 1673 1033; baseline -0.003 -12"><span class='ocrx_word' id='word_1_131' title='bbox 103 997 188 1021; x_wconf 91' lang='lat' dir='ltr'>non</span> <span class='ocrx_word' id='word_1_132' title='bbox 225 983 543 1033; x_wconf 82' lang='lat' dir='ltr'>repudiabimus</span> <span class='ocrx_word' id='word_1_133' title='bbox 579 995 675 1020; x_wconf 87' lang='lat' dir='ltr'>cum</span> <span class='ocrx_word' id='word_1_134' title='bbox 712 987 881 1032; x_wconf 80' lang='lat' dir='ltr'>tempus</span> <span class='ocrx_word' id='word_1_135' title='bbox 919 982 1001 1019; x_wconf 90' lang='lat' dir='ltr'>erit</span> <span class='ocrx_word' id='word_1_136' title='bbox 1035 981 1297 1018; x_wconf 85' lang='lat' dir='ltr'>excudendi:</span> <span class='ocrx_word' id='word_1_137' title='bbox 1341 981 1594 1029; x_wconf 88' lang='lat' dir='ltr'>praesertim</span> <span class='ocrx_word' id='word_1_138' title='bbox 1631 984 1673 1016; x_wconf 90' lang='lat' dir='ltr'>te</span> 
     </span>
     <span class='ocr_line' id='line_1_16' title="bbox 103 1033 1734 1086; baseline -0.003 -10"><span class='ocrx_word' id='word_1_139' title='bbox 103 1042 229 1076; x_wconf 87' lang='lat' dir='ltr'>tanto</span> <span class='ocrx_word' id='word_1_140' title='bbox 259 1043 408 1075; x_wconf 91' lang='lat' dir='ltr'>autore</span> <span class='ocrx_word' id='word_1_141' title='bbox 441 1042 489 1074; x_wconf 88' lang='lat' dir='ltr'>vt</span> <span class='ocrx_word' id='word_1_142' title='bbox 520 1050 584 1075; x_wconf 90' lang='lat' dir='ltr'>res</span> <span class='ocrx_word' id='word_1_143' title='bbox 617 1041 730 1075; x_wconf 88' lang='lat' dir='ltr'>recte</span> <span class='ocrx_word' id='word_1_144' title='bbox 764 1041 938 1086; x_wconf 84' lang='lat' dir='ltr'>geratur</span> <span class='ocrx_word' id='word_1_145' title='bbox 970 1049 1114 1073; x_wconf 91' lang='lat' dir='ltr'>curam</span> <span class='ocrx_word' id='word_1_146' title='bbox 1150 1035 1395 1072; x_wconf 84' lang='lat' dir='ltr'>adhibente.</span> <span class='ocrx_word' id='word_1_147' title='bbox 1455 1033 1536 1072; x_wconf 83' lang='lat' dir='ltr'>Sed</span> <span class='ocrx_word' id='word_1_148' title='bbox 1570 1034 1672 1071; x_wconf 92' lang='lat' dir='ltr'>mihi</span> <span class='ocrx_word' id='word_1_149' title='bbox 1694 1051 1734 1081; x_wconf 83' lang='lat'>25</span> 
     </span>
     <span class='ocr_line' id='line_1_17' title="bbox 103 1090 1674 1143; baseline -0.003 -13"><span class='ocrx_word' id='word_1_150' title='bbox 103 1094 248 1143; x_wconf 89' lang='lat' dir='ltr'>magis,</span> <span class='ocrx_word' id='word_1_151' title='bbox 271 1094 328 1130; x_wconf 83' lang='lat' dir='ltr'>nii</span> <span class='ocrx_word' id='word_1_152' title='bbox 351 1093 538 1138; x_wconf 86' lang='lat' dir='ltr'>Erasme,</span> <span class='ocrx_word' id='word_1_153' title='bbox 557 1096 633 1129; x_wconf 90' lang='lat' dir='ltr'>tuo</span> <span class='ocrx_word' id='word_1_154' title='bbox 655 1092 812 1129; x_wconf 90' lang='lat' dir='ltr'>iudicio</span> <span class='ocrx_word' id='word_1_155' title='bbox 832 1092 913 1128; x_wconf 89' lang='lat' dir='ltr'>erit</span> <span class='ocrx_word' id='word_1_156' title='bbox 935 1103 1041 1140; x_wconf 90' lang='lat' dir='ltr'>opus</span> <span class='ocrx_word' id='word_1_157' title='bbox 1059 1105 1066 1135; x_wconf 88' lang='grc'>;</span> <span class='ocrx_word' id='word_1_158' title='bbox 1093 1090 1208 1139; x_wconf 87' lang='lat' dir='ltr'>quod</span> <span class='ocrx_word' id='word_1_159' title='bbox 1224 1102 1300 1139; x_wconf 87' lang='lat' dir='ltr'>ego</span> <span class='ocrx_word' id='word_1_160' title='bbox 1318 1102 1482 1139; x_wconf 87' lang='lat' dir='ltr'>semper</span> <span class='ocrx_word' id='word_1_161' title='bbox 1498 1090 1674 1126; x_wconf 86' lang='lat' dir='ltr'>maximi</span> 
     </span>
     <span class='ocr_line' id='line_1_18' title="bbox 103 1143 1672 1195; baseline -0.003 -10"><span class='ocrx_word' id='word_1_162' title='bbox 103 1148 181 1185; x_wconf 89' lang='grc'><strong>1001</strong></span> <span class='ocrx_word' id='word_1_163' title='bbox 203 1152 247 1185; x_wconf 90' lang='lat' dir='ltr'>et</span> <span class='ocrx_word' id='word_1_164' title='bbox 267 1148 460 1185; x_wconf 81' lang='lat' dir='ltr'>facturus</span> <span class='ocrx_word' id='word_1_165' title='bbox 477 1160 583 1185; x_wconf 90' lang='lat' dir='ltr'>sum.</span> <span class='ocrx_word' id='word_1_166' title='bbox 636 1146 721 1184; x_wconf 87' lang='lat' dir='ltr'>Res</span> <span class='ocrx_word' id='word_1_167' title='bbox 738 1146 873 1184; x_wconf 90' lang='lat' dir='ltr'>ardua</span> <span class='ocrx_word' id='word_1_168' title='bbox 890 1150 967 1191; x_wconf 87' lang='lat' dir='ltr'>est,</span> <span class='ocrx_word' id='word_1_169' title='bbox 985 1158 1062 1195; x_wconf 89' lang='lat' dir='ltr'>ego</span> <span class='ocrx_word' id='word_1_170' title='bbox 1079 1145 1307 1183; x_wconf 83' lang='lat' dir='ltr'>difficiliter</span> <span class='ocrx_word' id='word_1_171' title='bbox 1324 1149 1367 1181; x_wconf 87' lang='lat' dir='ltr'>et</span> <span class='ocrx_word' id='word_1_172' title='bbox 1384 1144 1506 1181; x_wconf 85' lang='lat' dir='ltr'>tarde</span> <span class='ocrx_word' id='word_1_173' title='bbox 1523 1143 1672 1181; x_wconf 87' lang='lat' dir='ltr'>scribo.</span> 
     </span>
     <span class='ocr_line' id='line_1_19' title="bbox 103 1199 1674 1251; baseline -0.003 -11"><span class='ocrx_word' id='word_1_174' title='bbox 103 1202 248 1240; x_wconf 91' lang='lat' dir='ltr'>Nouos</span> <span class='ocrx_word' id='word_1_175' title='bbox 269 1203 397 1240; x_wconf 87' lang='lat' dir='ltr'>etiam</span> <span class='ocrx_word' id='word_1_176' title='bbox 428 1215 564 1251; x_wconf 91' lang='lat' dir='ltr'>neque</span> <span class='ocrx_word' id='word_1_177' title='bbox 592 1214 663 1239; x_wconf 90' lang='lat' dir='ltr'>eos</span> <span class='ocrx_word' id='word_1_178' title='bbox 691 1214 850 1251; x_wconf 92' lang='lat' dir='ltr'>paucos</span> <span class='ocrx_word' id='word_1_179' title='bbox 875 1201 1046 1238; x_wconf 86' lang='lat' dir='ltr'>inuenio</span> <span class='ocrx_word' id='word_1_180' title='bbox 1074 1213 1245 1237; x_wconf 87' lang='lat' dir='ltr'>sensus:</span> <span class='ocrx_word' id='word_1_181' title='bbox 1279 1200 1351 1248; x_wconf 86' lang='lat' dir='ltr'>qui</span> <span class='ocrx_word' id='word_1_182' title='bbox 1378 1199 1477 1236; x_wconf 89' lang='lat' dir='ltr'>boni</span> <span class='ocrx_word' id='word_1_183' title='bbox 1506 1200 1592 1236; x_wconf 89' lang='lat' dir='ltr'>sint</span> <span class='ocrx_word' id='word_1_184' title='bbox 1620 1212 1674 1236; x_wconf 87' lang='lat' dir='ltr'>an</span> 
     </span>
     <span class='ocr_line' id='line_1_20' title="bbox 102 1253 1674 1307; baseline -0.003 -13"><span class='ocrx_word' id='word_1_185' title='bbox 102 1269 221 1294; x_wconf 91' lang='lat' dir='ltr'>secus</span> <span class='ocrx_word' id='word_1_186' title='bbox 245 1260 336 1307; x_wconf 90' lang='lat' dir='ltr'>(ego</span> <span class='ocrx_word' id='word_1_187' title='bbox 355 1258 466 1294; x_wconf 91' lang='lat' dir='ltr'>enim</span> <span class='ocrx_word' id='word_1_188' title='bbox 489 1257 592 1294; x_wconf 93' lang='lat' dir='ltr'>mihi</span> <span class='ocrx_word' id='word_1_189' title='bbox 613 1258 692 1306; x_wconf 91' lang='lat' dir='ltr'>ipsi</span> <span class='ocrx_word' id='word_1_190' title='bbox 713 1269 799 1294; x_wconf 92' lang='lat' dir='ltr'>non</span> <span class='ocrx_word' id='word_1_191' title='bbox 821 1257 926 1293; x_wconf 88' lang='lat' dir='ltr'>satis</span> <span class='ocrx_word' id='word_1_192' title='bbox 948 1255 1062 1302; x_wconf 83' lang='lat' dir='ltr'>fido),</span> <span class='ocrx_word' id='word_1_193' title='bbox 1086 1255 1238 1292; x_wconf 87' lang='lat' dir='ltr'>talium</span> <span class='ocrx_word' id='word_1_194' title='bbox 1260 1255 1448 1291; x_wconf 80' lang='lat' dir='ltr'>virorum</span> <span class='ocrx_word' id='word_1_195' title='bbox 1472 1253 1610 1303; x_wconf 84' lang='lat' dir='ltr'>qualis</span> <span class='ocrx_word' id='word_1_196' title='bbox 1631 1266 1674 1291; x_wconf 90' lang='lat' dir='ltr'>es</span> 
     </span>
     <span class='ocr_line' id='line_1_21' title="bbox 102 1309 1736 1360; baseline -0.002 -11"><span class='ocrx_word' id='word_1_197' title='bbox 102 1316 150 1349; x_wconf 90' lang='lat' dir='ltr'>tu</span> <span class='ocrx_word' id='word_1_198' title='bbox 175 1312 225 1359; x_wconf 91' lang='lat' dir='ltr'>(si</span> <span class='ocrx_word' id='word_1_199' title='bbox 247 1316 391 1349; x_wconf 89' lang='lat' dir='ltr'>tamen</span> <span class='ocrx_word' id='word_1_200' title='bbox 420 1311 553 1360; x_wconf 87' lang='lat' dir='ltr'>aliqui</span> <span class='ocrx_word' id='word_1_201' title='bbox 574 1311 697 1359; x_wconf 87' lang='lat' dir='ltr'>tales)</span> <span class='ocrx_word' id='word_1_202' title='bbox 727 1311 929 1348; x_wconf 89' lang='lat' dir='ltr'>iudicium</span> <span class='ocrx_word' id='word_1_203' title='bbox 957 1309 1267 1359; x_wconf 88' lang='lat' dir='ltr'>exquirendum</span> <span class='ocrx_word' id='word_1_204' title='bbox 1297 1309 1400 1346; x_wconf 90' lang='lat' dir='ltr'>mihi</span> <span class='ocrx_word' id='word_1_205' title='bbox 1428 1313 1516 1354; x_wconf 85' lang='lat' dir='ltr'>est;</span> <span class='ocrx_word' id='word_1_206' title='bbox 1550 1313 1672 1346; x_wconf 90' lang='lat' dir='ltr'>tuum</span> <span class='ocrx_word' id='word_1_207' title='bbox 1695 1326 1736 1356; x_wconf 89' lang='lat'>30</span> 
     </span>
     <span class='ocr_line' id='line_1_22' title="bbox 103 1363 1675 1416; baseline -0.002 -13"><span class='ocrx_word' id='word_1_208' title='bbox 103 1371 215 1403; x_wconf 89' lang='lat' dir='ltr'>certe</span> <span class='ocrx_word' id='word_1_209' title='bbox 236 1367 455 1416; x_wconf 88' lang='lat' dir='ltr'>imprimis,</span> <span class='ocrx_word' id='word_1_210' title='bbox 474 1367 546 1415; x_wconf 90' lang='lat' dir='ltr'>qui</span> <span class='ocrx_word' id='word_1_211' title='bbox 567 1370 644 1403; x_wconf 88' lang='lat' dir='ltr'>aut</span> <span class='ocrx_word' id='word_1_212' title='bbox 661 1379 771 1403; x_wconf 83' lang='lat' dir='ltr'>vnus</span> <span class='ocrx_word' id='word_1_213' title='bbox 793 1370 870 1403; x_wconf 89' lang='lat' dir='ltr'>aut</span> <span class='ocrx_word' id='word_1_214' title='bbox 891 1366 1115 1415; x_wconf 87' lang='lat' dir='ltr'>praecipue</span> <span class='ocrx_word' id='word_1_215' title='bbox 1133 1365 1175 1401; x_wconf 88' lang='grc'>111</span> <span class='ocrx_word' id='word_1_216' title='bbox 1196 1364 1274 1402; x_wconf 89' lang='grc'><strong>1100</strong></span> <span class='ocrx_word' id='word_1_217' title='bbox 1292 1376 1443 1413; x_wconf 88' lang='lat' dir='ltr'>genere</span> <span class='ocrx_word' id='word_1_218' title='bbox 1465 1363 1675 1400; x_wconf 85' lang='lat' dir='ltr'>scribendi</span> 
     </span>
     <span class='ocr_line' id='line_1_23' title="bbox 103 1419 1675 1470; baseline -0.002 -12"><span class='ocrx_word' id='word_1_219' title='bbox 103 1434 189 1459; x_wconf 89' lang='lat' dir='ltr'>non</span> <span class='ocrx_word' id='word_1_220' title='bbox 211 1421 450 1458; x_wconf 82' lang='lat' dir='ltr'>doctrinam</span> <span class='ocrx_word' id='word_1_221' title='bbox 473 1421 600 1458; x_wconf 90' lang='lat' dir='ltr'>modo</span> <span class='ocrx_word' id='word_1_222' title='bbox 623 1424 748 1470; x_wconf 85' lang='lat' dir='ltr'>(quae</span> <span class='ocrx_word' id='word_1_223' title='bbox 770 1421 812 1458; x_wconf 93' lang='lat' dir='ltr'>in</span> <span class='ocrx_word' id='word_1_224' title='bbox 834 1424 876 1457; x_wconf 86' lang='lat' dir='ltr'>te</span> <span class='ocrx_word' id='word_1_225' title='bbox 898 1433 1064 1457; x_wconf 85' lang='lat' dir='ltr'>summa</span> <span class='ocrx_word' id='word_1_226' title='bbox 1085 1422 1165 1466; x_wconf 90' lang='lat' dir='ltr'>est)</span> <span class='ocrx_word' id='word_1_227' title='bbox 1190 1419 1263 1456; x_wconf 88' lang='lat' dir='ltr'>sed</span> <span class='ocrx_word' id='word_1_228' title='bbox 1284 1419 1449 1468; x_wconf 85' lang='lat' dir='ltr'>copiam</span> <span class='ocrx_word' id='word_1_229' title='bbox 1472 1419 1602 1456; x_wconf 90' lang='lat' dir='ltr'>etiam</span> <span class='ocrx_word' id='word_1_230' title='bbox 1631 1423 1675 1455; x_wconf 89' lang='lat' dir='ltr'>et</span> 
     </span>
     <span class='ocr_line' id='line_1_24' title="bbox 102 1473 1673 1525; baseline -0.002 -12"><span class='ocrx_word' id='word_1_231' title='bbox 102 1476 354 1525; x_wconf 88' lang='lat' dir='ltr'>dignitatem</span> <span class='ocrx_word' id='word_1_232' title='bbox 372 1476 576 1513; x_wconf 85' lang='lat' dir='ltr'>orationis</span> <span class='ocrx_word' id='word_1_233' title='bbox 593 1475 838 1513; x_wconf 88' lang='lat' dir='ltr'>adhibuisti.</span> <span class='ocrx_word' id='word_1_234' title='bbox 886 1474 1094 1512; x_wconf 89' lang='lat' dir='ltr'>Basilium</span> <span class='ocrx_word' id='word_1_235' title='bbox 1112 1474 1316 1523; x_wconf 87' lang='lat' dir='ltr'>Magnum</span> <span class='ocrx_word' id='word_1_236' title='bbox 1334 1486 1410 1510; x_wconf 89' lang='lat' dir='ltr'>sua</span> <span class='ocrx_word' id='word_1_237' title='bbox 1427 1473 1673 1522; x_wconf 88' lang='lat' dir='ltr'>loquentem</span> 
     </span>
     <span class='ocr_line' id='line_1_25' title="bbox 104 1528 1672 1580; baseline -0.002 -12"><span class='ocrx_word' id='word_1_238' title='bbox 104 1530 248 1580; x_wconf 88' lang='lat' dir='ltr'>lingua</span> <span class='ocrx_word' id='word_1_239' title='bbox 268 1531 404 1568; x_wconf 82' lang='lat' dir='ltr'>exisse</span> <span class='ocrx_word' id='word_1_240' title='bbox 432 1543 457 1568; x_wconf 91' lang='lat' dir='ltr'>a</span> <span class='ocrx_word' id='word_1_241' title='bbox 485 1535 527 1568; x_wconf 86' lang='lat' dir='ltr'>te</span> <span class='ocrx_word' id='word_1_242' title='bbox 556 1534 600 1568; x_wconf 88' lang='lat' dir='ltr'>et</span> <span class='ocrx_word' id='word_1_243' title='bbox 627 1531 669 1568; x_wconf 92' lang='lat' dir='ltr'>in</span> <span class='ocrx_word' id='word_1_244' title='bbox 698 1543 851 1567; x_wconf 90' lang='lat' dir='ltr'>manus</span> <span class='ocrx_word' id='word_1_245' title='bbox 880 1529 1101 1567; x_wconf 91' lang='lat' dir='ltr'>hominum</span> <span class='ocrx_word' id='word_1_246' title='bbox 1130 1528 1402 1577; x_wconf 88' lang='lat' dir='ltr'>diuulgatum</span> <span class='ocrx_word' id='word_1_247' title='bbox 1430 1541 1520 1565; x_wconf 87' lang='lat' dir='ltr'>esse</span> <span class='ocrx_word' id='word_1_248' title='bbox 1549 1528 1672 1565; x_wconf 83' lang='lat' dir='ltr'>vehe-</span> 
     </span>
     <span class='ocr_line' id='line_1_26' title="bbox 102 1583 1735 1635; baseline -0.001 -13"><span class='ocrx_word' id='word_1_249' title='bbox 102 1589 268 1622; x_wconf 84' lang='lat' dir='ltr'>menter</span> <span class='ocrx_word' id='word_1_250' title='bbox 288 1585 464 1635; x_wconf 84' lang='lat' dir='ltr'>gaudeo.</span> <span class='ocrx_word' id='word_1_251' title='bbox 525 1585 636 1623; x_wconf 90' lang='lat' dir='ltr'>Nam</span> <span class='ocrx_word' id='word_1_252' title='bbox 658 1585 772 1634; x_wconf 91' lang='lat' dir='ltr'>quod</span> <span class='ocrx_word' id='word_1_253' title='bbox 794 1584 898 1622; x_wconf 90' lang='lat' dir='ltr'>mihi</span> <span class='ocrx_word' id='word_1_254' title='bbox 920 1597 945 1621; x_wconf 89' lang='lat' dir='ltr'>a</span> <span class='ocrx_word' id='word_1_255' title='bbox 967 1589 1009 1622; x_wconf 88' lang='lat' dir='ltr'>te</span> <span class='ocrx_word' id='word_1_256' title='bbox 1030 1585 1085 1621; x_wconf 91' lang='lat' dir='ltr'>sit</span> <span class='ocrx_word' id='word_1_257' title='bbox 1107 1585 1351 1633; x_wconf 77' lang='lat' dir='ltr'>inscriptus,</span> <span class='ocrx_word' id='word_1_258' title='bbox 1374 1583 1416 1620; x_wconf 92' lang='lat' dir='ltr'>id</span> <span class='ocrx_word' id='word_1_259' title='bbox 1445 1584 1582 1620; x_wconf 87' lang='lat' dir='ltr'>maius</span> <span class='ocrx_word' id='word_1_260' title='bbox 1609 1588 1675 1620; x_wconf 86' lang='lat' dir='ltr'>est</span> <span class='ocrx_word' id='word_1_261' title='bbox 1696 1600 1735 1631; x_wconf 87' lang='lat'>35</span> 
     </span>
     <span class='ocr_line' id='line_1_27' title="bbox 101 1640 1673 1688; baseline -0.001 -11"><span class='ocrx_word' id='word_1_262' title='bbox 101 1640 166 1677; x_wconf 90' lang='lat' dir='ltr'>tui</span> <span class='ocrx_word' id='word_1_263' title='bbox 188 1640 239 1677; x_wconf 91' lang='lat' dir='ltr'>de</span> <span class='ocrx_word' id='word_1_264' title='bbox 261 1653 326 1677; x_wconf 92' lang='lat' dir='ltr'>me</span> <span class='ocrx_word' id='word_1_265' title='bbox 349 1640 491 1677; x_wconf 91' lang='lat' dir='ltr'>iudicii</span> <span class='ocrx_word' id='word_1_266' title='bbox 513 1640 805 1686; x_wconf 87' lang='lat' dir='ltr'>testimonium</span> <span class='ocrx_word' id='word_1_267' title='bbox 835 1652 964 1688; x_wconf 87' lang='lat' dir='ltr'>quam</span> <span class='ocrx_word' id='word_1_268' title='bbox 992 1652 1068 1688; x_wconf 89' lang='lat' dir='ltr'>ego</span> <span class='ocrx_word' id='word_1_269' title='bbox 1095 1643 1388 1688; x_wconf 84' lang='lat' dir='ltr'>expectassem</span> <span class='ocrx_word' id='word_1_270' title='bbox 1407 1652 1413 1675; x_wconf 90' lang='lat'><strong>:</strong></span> <span class='ocrx_word' id='word_1_271' title='bbox 1446 1642 1524 1675; x_wconf 88' lang='lat' dir='ltr'>aut</span> <span class='ocrx_word' id='word_1_272' title='bbox 1545 1650 1673 1687; x_wconf 88' lang='lat' dir='ltr'>quam</span> 
     </span>
     <span class='ocr_line' id='line_1_28' title="bbox 101 1693 1676 1744; baseline -0.001 -12"><span class='ocrx_word' id='word_1_273' title='bbox 101 1707 168 1732; x_wconf 90' lang='lat' dir='ltr'>me</span> <span class='ocrx_word' id='word_1_274' title='bbox 205 1695 380 1744; x_wconf 91' lang='lat' dir='ltr'>dignum</span> <span class='ocrx_word' id='word_1_275' title='bbox 411 1708 500 1733; x_wconf 90' lang='lat' dir='ltr'>esse</span> <span class='ocrx_word' id='word_1_276' title='bbox 533 1695 727 1732; x_wconf 87' lang='lat' dir='ltr'>arbitrer.</span> <span class='ocrx_word' id='word_1_277' title='bbox 788 1694 869 1732; x_wconf 84' lang='lat' dir='ltr'>Sed</span> <span class='ocrx_word' id='word_1_278' title='bbox 904 1699 981 1732; x_wconf 88' lang='lat' dir='ltr'>tua</span> <span class='ocrx_word' id='word_1_279' title='bbox 1017 1694 1261 1731; x_wconf 85' lang='lat' dir='ltr'>humanitas</span> <span class='ocrx_word' id='word_1_280' title='bbox 1296 1698 1340 1730; x_wconf 89' lang='lat' dir='ltr'>et</span> <span class='ocrx_word' id='word_1_281' title='bbox 1376 1693 1676 1730; x_wconf 87' lang='lat' dir='ltr'>beneuolentia</span> 
     </span>
     <span class='ocr_line' id='line_1_29' title="bbox 101 1748 1675 1799; baseline -0.001 -12"><span class='ocrx_word' id='word_1_282' title='bbox 101 1750 308 1787; x_wconf 86' lang='lat' dir='ltr'>eiusmodi</span> <span class='ocrx_word' id='word_1_283' title='bbox 330 1754 379 1787; x_wconf 90' lang='lat' dir='ltr'>vt</span> <span class='ocrx_word' id='word_1_284' title='bbox 400 1763 486 1787; x_wconf 91' lang='lat' dir='ltr'>non</span> <span class='ocrx_word' id='word_1_285' title='bbox 508 1750 610 1798; x_wconf 90' lang='lat' dir='ltr'>quid</span> <span class='ocrx_word' id='word_1_286' title='bbox 633 1762 698 1787; x_wconf 92' lang='lat' dir='ltr'>me</span> <span class='ocrx_word' id='word_1_287' title='bbox 720 1750 909 1799; x_wconf 88' lang='lat' dir='ltr'>accipere</span> <span class='ocrx_word' id='word_1_288' title='bbox 930 1749 1003 1786; x_wconf 88' lang='lat' dir='ltr'>sed</span> <span class='ocrx_word' id='word_1_289' title='bbox 1020 1749 1123 1798; x_wconf 90' lang='lat' dir='ltr'>quid</span> <span class='ocrx_word' id='word_1_290' title='bbox 1141 1753 1183 1786; x_wconf 91' lang='lat' dir='ltr'>te</span> <span class='ocrx_word' id='word_1_291' title='bbox 1200 1748 1300 1785; x_wconf 88' lang='lat' dir='ltr'>dare</span> <span class='ocrx_word' id='word_1_292' title='bbox 1317 1752 1515 1798; x_wconf 87' lang='lat' dir='ltr'>oporteat</span> <span class='ocrx_word' id='word_1_293' title='bbox 1532 1749 1675 1797; x_wconf 88' lang='lat' dir='ltr'>potius</span> 
     </span>
     <span class='ocr_line' id='line_1_30' title="bbox 100 1803 1674 1854; baseline -0.001 -13"><span class='ocrx_word' id='word_1_294' title='bbox 100 1804 330 1854; x_wconf 87' lang='lat' dir='ltr'>expendas.</span> <span class='ocrx_word' id='word_1_295' title='bbox 390 1805 600 1854; x_wconf 86' lang='lat' dir='ltr'>Equidem</span> <span class='ocrx_word' id='word_1_296' title='bbox 632 1805 842 1842; x_wconf 82' lang='lat' dir='ltr'>maximas</span> <span class='ocrx_word' id='word_1_297' title='bbox 873 1805 952 1841; x_wconf 88' lang='lat' dir='ltr'>tibi</span> <span class='ocrx_word' id='word_1_298' title='bbox 983 1804 1033 1841; x_wconf 92' lang='lat' dir='ltr'>de</span> <span class='ocrx_word' id='word_1_299' title='bbox 1063 1816 1113 1841; x_wconf 90' lang='grc'>00</span> <span class='ocrx_word' id='word_1_300' title='bbox 1143 1804 1304 1853; x_wconf 87' lang='lat' dir='ltr'>gratias</span> <span class='ocrx_word' id='word_1_301' title='bbox 1332 1803 1469 1840; x_wconf 85' lang='lat' dir='ltr'>habeo</span> <span class='ocrx_word' id='word_1_302' title='bbox 1497 1815 1674 1852; x_wconf 82' lang='lat' dir='ltr'>agoque,</span> 
     </span>
     <span class='ocr_line' id='line_1_31' title="bbox 101 1859 1737 1905; baseline 0 -9"><span class='ocrx_word' id='word_1_303' title='bbox 101 1860 231 1896; x_wconf 89' lang='lat' dir='ltr'>etiam</span> <span class='ocrx_word' id='word_1_304' title='bbox 253 1859 465 1896; x_wconf 85' lang='lat' dir='ltr'>relaturus</span> <span class='ocrx_word' id='word_1_305' title='bbox 487 1860 520 1896; x_wconf 90' lang='lat' dir='ltr'>si</span> <span class='ocrx_word' id='word_1_306' title='bbox 542 1860 706 1897; x_wconf 86' lang='lat' dir='ltr'>occasio</span> <span class='ocrx_word' id='word_1_307' title='bbox 727 1859 868 1896; x_wconf 81' lang='lat' dir='ltr'>fuerit.</span> <span class='ocrx_word' id='word_1_308' title='bbox 1695 1876 1737 1905; x_wconf 90' lang='lat'>40</span> 
     </span>
    </p>

    <p class='ocr_par' dir='ltr' id='par_1_3' title="bbox 101 1912 1737 2840">
     <span class='ocr_line' id='line_1_32' title="bbox 157 1912 1673 1963; baseline -0.001 -12"><span class='ocrx_word' id='word_1_309' title='bbox 157 1913 215 1951; x_wconf 90' lang='lat' dir='ltr'>Te</span> <span class='ocrx_word' id='word_1_310' title='bbox 238 1915 299 1951; x_wconf 88' lang='lat' dir='ltr'>ita</span> <span class='ocrx_word' id='word_1_311' title='bbox 320 1914 467 1952; x_wconf 91' lang='lat' dir='ltr'>crebro</span> <span class='ocrx_word' id='word_1_312' title='bbox 488 1919 531 1951; x_wconf 89' lang='lat' dir='ltr'>et</span> <span class='ocrx_word' id='word_1_313' title='bbox 553 1928 577 1952; x_wconf 88' lang='lat' dir='ltr'>a</span> <span class='ocrx_word' id='word_1_314' title='bbox 599 1919 689 1951; x_wconf 90' lang='lat' dir='ltr'>tam</span> <span class='ocrx_word' id='word_1_315' title='bbox 711 1914 859 1951; x_wconf 90' lang='lat' dir='ltr'>multis</span> <span class='ocrx_word' id='word_1_316' title='bbox 880 1914 980 1963; x_wconf 92' lang='lat' dir='ltr'>peti,</span> <span class='ocrx_word' id='word_1_317' title='bbox 1002 1918 1045 1950; x_wconf 88' lang='grc'>01</span> <span class='ocrx_word' id='word_1_318' title='bbox 1068 1914 1223 1950; x_wconf 90' lang='lat' dir='ltr'>mirum</span> <span class='ocrx_word' id='word_1_319' title='bbox 1251 1926 1352 1950; x_wconf 88' lang='lat' dir='ltr'>sane</span> <span class='ocrx_word' id='word_1_320' title='bbox 1381 1912 1483 1950; x_wconf 91' lang='lat' dir='ltr'>mihi</span> <span class='ocrx_word' id='word_1_321' title='bbox 1511 1916 1554 1950; x_wconf 87' lang='lat' dir='ltr'>et</span> <span class='ocrx_word' id='word_1_322' title='bbox 1583 1925 1673 1962; x_wconf 91' lang='lat' dir='ltr'>per-</span> 
     </span>
     <span class='ocr_line' id='line_1_33' title="bbox 102 1967 1673 2018; baseline -0.001 -12"><span class='ocrx_word' id='word_1_323' title='bbox 102 1968 329 2006; x_wconf 86' lang='lat' dir='ltr'>molestum</span> <span class='ocrx_word' id='word_1_324' title='bbox 351 1973 441 2015; x_wconf 88' lang='lat' dir='ltr'>est;</span> <span class='ocrx_word' id='word_1_325' title='bbox 473 1982 548 2006; x_wconf 91' lang='lat' dir='ltr'>nec</span> <span class='ocrx_word' id='word_1_326' title='bbox 571 1969 695 2006; x_wconf 85' lang='lat' dir='ltr'>video</span> <span class='ocrx_word' id='word_1_327' title='bbox 717 1981 826 2018; x_wconf 86' lang='lat' dir='ltr'>quae</span> <span class='ocrx_word' id='word_1_328' title='bbox 847 1970 903 2006; x_wconf 87' lang='lat' dir='ltr'>sit</span> <span class='ocrx_word' id='word_1_329' title='bbox 924 1982 1064 2013; x_wconf 83' lang='lat' dir='ltr'>causa,</span> <span class='ocrx_word' id='word_1_330' title='bbox 1088 1969 1167 2005; x_wconf 87' lang='lat' dir='ltr'>nisi</span> <span class='ocrx_word' id='word_1_331' title='bbox 1188 1968 1298 2005; x_wconf 87' lang='grc'><strong>10110</strong></span> <span class='ocrx_word' id='word_1_332' title='bbox 1320 1981 1369 2005; x_wconf 85' lang='grc'>03</span> <span class='ocrx_word' id='word_1_333' title='bbox 1391 1967 1442 2005; x_wconf 90' lang='lat' dir='ltr'>de</span> <span class='ocrx_word' id='word_1_334' title='bbox 1465 1980 1551 2017; x_wconf 89' lang='lat' dir='ltr'>qua</span> <span class='ocrx_word' id='word_1_335' title='bbox 1572 1969 1673 2005; x_wconf 91' lang='lat' dir='ltr'>iam-</span> 
     </span>
     <span class='ocr_line' id='line_1_34' title="bbox 101 2022 1675 2073; baseline -0.001 -13"><span class='ocrx_word' id='word_1_336' title='bbox 101 2023 265 2073; x_wconf 92' lang='lat' dir='ltr'>pridem</span> <span class='ocrx_word' id='word_1_337' title='bbox 287 2023 341 2060; x_wconf 89' lang='lat' dir='ltr'>ad</span> <span class='ocrx_word' id='word_1_338' title='bbox 364 2027 406 2061; x_wconf 91' lang='lat' dir='ltr'>te</span> <span class='ocrx_word' id='word_1_339' title='bbox 427 2025 597 2073; x_wconf 88' lang='lat' dir='ltr'>scripsi:</span> <span class='ocrx_word' id='word_1_340' title='bbox 630 2024 894 2062; x_wconf 83' lang='lat' dir='ltr'>existimatio</span> <span class='ocrx_word' id='word_1_341' title='bbox 922 2028 999 2061; x_wconf 89' lang='lat' dir='ltr'>tua</span> <span class='ocrx_word' id='word_1_342' title='bbox 1028 2023 1228 2060; x_wconf 77' lang='lat' dir='ltr'>videlicet</span> <span class='ocrx_word' id='word_1_343' title='bbox 1256 2036 1366 2072; x_wconf 85' lang='lat' dir='ltr'>quae</span> <span class='ocrx_word' id='word_1_344' title='bbox 1396 2023 1438 2060; x_wconf 89' lang='lat' dir='ltr'>in</span> <span class='ocrx_word' id='word_1_345' title='bbox 1466 2027 1556 2060; x_wconf 88' lang='lat' dir='ltr'>tam</span> <span class='ocrx_word' id='word_1_346' title='bbox 1585 2022 1675 2060; x_wconf 89' lang='lat' dir='ltr'>alto</span> 
     </span>
     <span class='ocr_line' id='line_1_35' title="bbox 102 2077 1673 2128; baseline 0 -14"><span class='ocrx_word' id='word_1_347' title='bbox 102 2078 185 2115; x_wconf 86' lang='lat' dir='ltr'>sita</span> <span class='ocrx_word' id='word_1_348' title='bbox 205 2082 272 2115; x_wconf 89' lang='lat' dir='ltr'>est</span> <span class='ocrx_word' id='word_1_349' title='bbox 294 2078 385 2116; x_wconf 93' lang='lat' dir='ltr'>loco</span> <span class='ocrx_word' id='word_1_350' title='bbox 408 2083 456 2116; x_wconf 89' lang='lat' dir='ltr'>vt</span> <span class='ocrx_word' id='word_1_351' title='bbox 478 2079 675 2116; x_wconf 89' lang='lat' dir='ltr'>omnibus</span> <span class='ocrx_word' id='word_1_352' title='bbox 697 2078 871 2116; x_wconf 86' lang='lat' dir='ltr'>flatibus</span> <span class='ocrx_word' id='word_1_353' title='bbox 893 2078 1078 2116; x_wconf 87' lang='lat' dir='ltr'>inuidiae</span> <span class='ocrx_word' id='word_1_354' title='bbox 1101 2079 1321 2128; x_wconf 89' lang='lat' dir='ltr'>proposita</span> <span class='ocrx_word' id='word_1_355' title='bbox 1349 2090 1439 2115; x_wconf 90' lang='lat' dir='ltr'>esse</span> <span class='ocrx_word' id='word_1_356' title='bbox 1462 2077 1673 2115; x_wconf 83' lang='lat' dir='ltr'>videatur.</span> 
     </span>
     <span class='ocr_line' id='line_1_36' title="bbox 102 2132 1736 2183; baseline -0.001 -13"><span class='ocrx_word' id='word_1_357' title='bbox 102 2132 212 2170; x_wconf 88' lang='lat' dir='ltr'>Nam</span> <span class='ocrx_word' id='word_1_358' title='bbox 235 2134 307 2182; x_wconf 89' lang='lat' dir='ltr'>qui</span> <span class='ocrx_word' id='word_1_359' title='bbox 328 2133 371 2170; x_wconf 90' lang='lat' dir='ltr'>in</span> <span class='ocrx_word' id='word_1_360' title='bbox 394 2133 503 2171; x_wconf 91' lang='lat' dir='ltr'>hanc</span> <span class='ocrx_word' id='word_1_361' title='bbox 525 2133 764 2183; x_wconf 86' lang='lat' dir='ltr'>theologiae</span> <span class='ocrx_word' id='word_1_362' title='bbox 785 2134 1045 2183; x_wconf 87' lang='lat' dir='ltr'>palaestram</span> <span class='ocrx_word' id='word_1_363' title='bbox 1071 2146 1226 2170; x_wconf 89' lang='lat' dir='ltr'>nomen</span> <span class='ocrx_word' id='word_1_364' title='bbox 1255 2145 1380 2170; x_wconf 89' lang='lat' dir='ltr'>suum</span> <span class='ocrx_word' id='word_1_365' title='bbox 1405 2132 1674 2182; x_wconf 81' lang='lat' dir='ltr'>profitentur,</span> <span class='ocrx_word' id='word_1_366' title='bbox 1695 2148 1736 2179; x_wconf 85' lang='lat'>45</span> 
     </span>
     <span class='ocr_line' id='line_1_37' title="bbox 102 2187 1674 2238; baseline 0 -14"><span class='ocrx_word' id='word_1_367' title='bbox 102 2199 187 2236; x_wconf 93' lang='lat' dir='ltr'>quo</span> <span class='ocrx_word' id='word_1_368' title='bbox 208 2188 287 2225; x_wconf 90' lang='lat' dir='ltr'>sibi</span> <span class='ocrx_word' id='word_1_369' title='bbox 310 2187 361 2225; x_wconf 93' lang='lat' dir='ltr'>de</span> <span class='ocrx_word' id='word_1_370' title='bbox 382 2189 591 2238; x_wconf 85' lang='lat' dir='ltr'>principio</span> <span class='ocrx_word' id='word_1_371' title='bbox 612 2188 996 2226; x_wconf 90' lang='lat' dir='ltr'>commendationis</span> <span class='ocrx_word' id='word_1_372' title='bbox 1018 2188 1181 2237; x_wconf 88' lang='lat' dir='ltr'>aliquid</span> <span class='ocrx_word' id='word_1_373' title='bbox 1203 2189 1245 2225; x_wconf 91' lang='lat' dir='ltr'>in</span> <span class='ocrx_word' id='word_1_374' title='bbox 1275 2187 1427 2237; x_wconf 86' lang='lat' dir='ltr'>vulgus</span> <span class='ocrx_word' id='word_1_375' title='bbox 1449 2192 1674 2236; x_wconf 88' lang='lat' dir='ltr'>quaerant,</span> 
     </span>
     <span class='ocr_line' id='line_1_38' title="bbox 102 2242 1675 2292; baseline 0 -13"><span class='ocrx_word' id='word_1_376' title='bbox 102 2254 257 2280; x_wconf 89' lang='lat' dir='ltr'>nomen</span> <span class='ocrx_word' id='word_1_377' title='bbox 292 2242 455 2292; x_wconf 86' lang='lat' dir='ltr'>eligunt</span> <span class='ocrx_word' id='word_1_378' title='bbox 491 2243 775 2280; x_wconf 90' lang='lat' dir='ltr'>clarissimum</span> <span class='ocrx_word' id='word_1_379' title='bbox 812 2244 854 2280; x_wconf 91' lang='lat' dir='ltr'>in</span> <span class='ocrx_word' id='word_1_380' title='bbox 887 2243 1002 2292; x_wconf 91' lang='lat' dir='ltr'>quod</span> <span class='ocrx_word' id='word_1_381' title='bbox 1038 2242 1321 2280; x_wconf 86' lang='lat' dir='ltr'>inuehantur:</span> <span class='ocrx_word' id='word_1_382' title='bbox 1363 2247 1493 2292; x_wconf 84' lang='lat' dir='ltr'>auget</span> <span class='ocrx_word' id='word_1_383' title='bbox 1524 2242 1675 2279; x_wconf 88' lang='lat' dir='ltr'>deinde</span> 
     </span>
     <span class='ocr_line' id='line_1_39' title="bbox 103 2297 1674 2347; baseline 0.001 -14"><span class='ocrx_word' id='word_1_384' title='bbox 103 2297 238 2334; x_wconf 86' lang='lat' dir='ltr'>rixam</span> <span class='ocrx_word' id='word_1_385' title='bbox 262 2298 353 2347; x_wconf 86' lang='lat' dir='ltr'>ipsa</span> <span class='ocrx_word' id='word_1_386' title='bbox 375 2299 605 2335; x_wconf 82' lang='lat' dir='ltr'>contentio.</span> <span class='ocrx_word' id='word_1_387' title='bbox 668 2297 748 2336; x_wconf 86' lang='lat' dir='ltr'>Sed</span> <span class='ocrx_word' id='word_1_388' title='bbox 770 2311 846 2347; x_wconf 86' lang='lat' dir='ltr'>ego</span> <span class='ocrx_word' id='word_1_389' title='bbox 875 2299 909 2335; x_wconf 85' lang='lat' dir='ltr'>si</span> <span class='ocrx_word' id='word_1_390' title='bbox 938 2299 1020 2336; x_wconf 84' lang='lat' dir='ltr'>isto</span> <span class='ocrx_word' id='word_1_391' title='bbox 1048 2298 1139 2335; x_wconf 91' lang='lat' dir='ltr'>loco</span> <span class='ocrx_word' id='word_1_392' title='bbox 1167 2310 1314 2342; x_wconf 83' lang='lat' dir='ltr'>essem,</span> <span class='ocrx_word' id='word_1_393' title='bbox 1338 2310 1423 2334; x_wconf 82' lang='lat' dir='ltr'>vna</span> <span class='ocrx_word' id='word_1_394' title='bbox 1452 2297 1580 2335; x_wconf 85' lang='lat' dir='ltr'>semel</span> <span class='ocrx_word' id='word_1_395' title='bbox 1605 2297 1674 2334; x_wconf 93' lang='lat' dir='ltr'>de-</span> 
     </span>
     <span class='ocr_line' id='line_1_40' title="bbox 102 2350 1676 2402; baseline 0.001 -14"><span class='ocrx_word' id='word_1_396' title='bbox 102 2350 291 2389; x_wconf 88' lang='lat' dir='ltr'>fensione</span> <span class='ocrx_word' id='word_1_397' title='bbox 325 2353 367 2389; x_wconf 89' lang='lat' dir='ltr'>in</span> <span class='ocrx_word' id='word_1_398' title='bbox 404 2354 651 2390; x_wconf 87' lang='lat' dir='ltr'>vniuersum</span> <span class='ocrx_word' id='word_1_399' title='bbox 684 2353 884 2390; x_wconf 89' lang='lat' dir='ltr'>omnibus</span> <span class='ocrx_word' id='word_1_400' title='bbox 916 2352 1237 2402; x_wconf 85' lang='lat' dir='ltr'>responderem:</span> <span class='ocrx_word' id='word_1_401' title='bbox 1281 2353 1439 2402; x_wconf 87' lang='lat' dir='ltr'>partim</span> <span class='ocrx_word' id='word_1_402' title='bbox 1472 2353 1676 2389; x_wconf 88' lang='lat' dir='ltr'>iuuentae</span> 
     </span>
     <span class='ocr_line' id='line_1_41' title="bbox 102 2405 1737 2457; baseline 0 -14"><span class='ocrx_word' id='word_1_403' title='bbox 102 2405 218 2444; x_wconf 88' lang='lat' dir='ltr'>facta</span> <span class='ocrx_word' id='word_1_404' title='bbox 239 2407 498 2456; x_wconf 84' lang='lat' dir='ltr'>consiliaque</span> <span class='ocrx_word' id='word_1_405' title='bbox 520 2420 738 2452; x_wconf 84' lang='lat' dir='ltr'>excusans,</span> <span class='ocrx_word' id='word_1_406' title='bbox 763 2409 795 2445; x_wconf 92' lang='lat' dir='ltr'>si</span> <span class='ocrx_word' id='word_1_407' title='bbox 818 2408 921 2457; x_wconf 87' lang='lat' dir='ltr'>quid</span> <span class='ocrx_word' id='word_1_408' title='bbox 942 2407 1053 2445; x_wconf 87' lang='lat' dir='ltr'>forte</span> <span class='ocrx_word' id='word_1_409' title='bbox 1074 2412 1186 2445; x_wconf 83' lang='lat' dir='ltr'>esset</span> <span class='ocrx_word' id='word_1_410' title='bbox 1214 2420 1238 2445; x_wconf 89' lang='lat' dir='ltr'>a</span> <span class='ocrx_word' id='word_1_411' title='bbox 1266 2420 1333 2445; x_wconf 89' lang='lat' dir='ltr'>me</span> <span class='ocrx_word' id='word_1_412' title='bbox 1362 2408 1403 2444; x_wconf 93' lang='lat' dir='ltr'>in</span> <span class='ocrx_word' id='word_1_413' title='bbox 1432 2407 1504 2444; x_wconf 89' lang='lat' dir='ltr'>illa</span> <span class='ocrx_word' id='word_1_414' title='bbox 1533 2411 1675 2444; x_wconf 87' lang='lat' dir='ltr'>aetate</span> <span class='ocrx_word' id='word_1_415' title='bbox 1696 2422 1737 2452; x_wconf 84' lang='lat'>50</span> 
     </span>
     <span class='ocr_line' id='line_1_42' title="bbox 101 2459 1676 2512; baseline 0.001 -15"><span class='ocrx_word' id='word_1_416' title='bbox 101 2459 273 2498; x_wconf 89' lang='lat' dir='ltr'>liberius</span> <span class='ocrx_word' id='word_1_417' title='bbox 294 2462 499 2511; x_wconf 89' lang='lat' dir='ltr'>scriptum</span> <span class='ocrx_word' id='word_1_418' title='bbox 517 2476 524 2500; x_wconf 79' lang='lat' dir='ltr'><em>z</em></span> <span class='ocrx_word' id='word_1_419' title='bbox 550 2463 708 2512; x_wconf 86' lang='lat' dir='ltr'>partim</span> <span class='ocrx_word' id='word_1_420' title='bbox 730 2464 861 2500; x_wconf 90' lang='lat' dir='ltr'>etiam</span> <span class='ocrx_word' id='word_1_421' title='bbox 883 2463 1074 2500; x_wconf 88' lang='lat' dir='ltr'>modeste</span> <span class='ocrx_word' id='word_1_422' title='bbox 1096 2462 1413 2512; x_wconf 84' lang='lat' dir='ltr'>prudenterque</span> <span class='ocrx_word' id='word_1_423' title='bbox 1435 2466 1676 2499; x_wconf 82' lang='lat' dir='ltr'>retractans</span> 
     </span>
     <span class='ocr_line' id='line_1_43' title="bbox 103 2516 1674 2564; baseline 0.001 -12"><span class='ocrx_word' id='word_1_424' title='bbox 103 2527 210 2564; x_wconf 87' lang='lat' dir='ltr'>quae</span> <span class='ocrx_word' id='word_1_425' title='bbox 232 2517 439 2554; x_wconf 89' lang='lat' dir='ltr'>eiusmodi</span> <span class='ocrx_word' id='word_1_426' title='bbox 460 2522 601 2554; x_wconf 86' lang='lat' dir='ltr'>essent</span> <span class='ocrx_word' id='word_1_427' title='bbox 619 2522 679 2562; x_wconf 89' lang='lat' dir='ltr'>vt,</span> <span class='ocrx_word' id='word_1_428' title='bbox 697 2518 827 2555; x_wconf 89' lang='lat' dir='ltr'>etiam</span> <span class='ocrx_word' id='word_1_429' title='bbox 850 2518 883 2554; x_wconf 87' lang='lat' dir='ltr'>si</span> <span class='ocrx_word' id='word_1_430' title='bbox 905 2530 991 2555; x_wconf 87' lang='lat' dir='ltr'>non</span> <span class='ocrx_word' id='word_1_431' title='bbox 1008 2530 1117 2561; x_wconf 73' lang='lat' dir='ltr'>vere,</span> <span class='ocrx_word' id='word_1_432' title='bbox 1136 2521 1183 2555; x_wconf 88' lang='lat' dir='ltr'>at</span> <span class='ocrx_word' id='word_1_433' title='bbox 1204 2517 1355 2554; x_wconf 81' lang='lat' dir='ltr'>saltem</span> <span class='ocrx_word' id='word_1_434' title='bbox 1375 2516 1674 2561; x_wconf 82' lang='lat' dir='ltr'>verisimiliter,</span> 
     </span>
     <span class='ocr_line' id='line_1_44' title="bbox 104 2571 1675 2622; baseline 0.001 -16"><span class='ocrx_word' id='word_1_435' title='bbox 104 2582 252 2607; x_wconf 88' lang='lat' dir='ltr'>ansam</span> <span class='ocrx_word' id='word_1_436' title='bbox 283 2571 470 2620; x_wconf 90' lang='lat' dir='ltr'>aliquam</span> <span class='ocrx_word' id='word_1_437' title='bbox 501 2576 676 2621; x_wconf 83' lang='lat' dir='ltr'>possent</span> <span class='ocrx_word' id='word_1_438' title='bbox 706 2572 906 2622; x_wconf 86' lang='lat' dir='ltr'>praebere</span> <span class='ocrx_word' id='word_1_439' title='bbox 937 2572 1307 2613; x_wconf 78' lang='lat' dir='ltr'>obtrectantibus:</span> <span class='ocrx_word' id='word_1_440' title='bbox 1342 2572 1457 2621; x_wconf 91' lang='lat' dir='ltr'>quod</span> <span class='ocrx_word' id='word_1_441' title='bbox 1486 2584 1675 2609; x_wconf 85' lang='lat' dir='ltr'>summos</span> 
     </span>
     <span class='ocr_line' id='line_1_45' title="bbox 103 2624 1674 2676; baseline 0.001 -14"><span class='ocrx_word' id='word_1_442' title='bbox 103 2624 298 2663; x_wconf 87' lang='lat' dir='ltr'>doctores</span> <span class='ocrx_word' id='word_1_443' title='bbox 329 2627 620 2664; x_wconf 82' lang='lat' dir='ltr'>sanctissimos</span> <span class='ocrx_word' id='word_1_444' title='bbox 653 2627 843 2664; x_wconf 82' lang='lat' dir='ltr'>homines</span> <span class='ocrx_word' id='word_1_445' title='bbox 873 2628 1085 2665; x_wconf 80' lang='lat' dir='ltr'>cernimus</span> <span class='ocrx_word' id='word_1_446' title='bbox 1117 2627 1288 2664; x_wconf 81' lang='lat' dir='ltr'>fecisse:</span> <span class='ocrx_word' id='word_1_447' title='bbox 1326 2632 1543 2676; x_wconf 82' lang='lat' dir='ltr'>postremo</span> <span class='ocrx_word' id='word_1_448' title='bbox 1574 2639 1674 2663; x_wconf 79' lang='lat' dir='ltr'>vero</span> 
     </span>
     <span class='ocr_line' id='line_1_46' title="bbox 103 2681 1734 2731; baseline 0.001 -15"><span class='ocrx_word' id='word_1_449' title='bbox 103 2691 271 2717; x_wconf 90' lang='lat' dir='ltr'>omnem</span> <span class='ocrx_word' id='word_1_450' title='bbox 293 2693 460 2718; x_wconf 86' lang='lat' dir='ltr'>sensum</span> <span class='ocrx_word' id='word_1_451' title='bbox 484 2694 623 2719; x_wconf 87' lang='lat' dir='ltr'>meum</span> <span class='ocrx_word' id='word_1_452' title='bbox 647 2681 698 2719; x_wconf 92' lang='lat' dir='ltr'>de</span> <span class='ocrx_word' id='word_1_453' title='bbox 722 2682 802 2719; x_wconf 83' lang='lat' dir='ltr'>fide</span> <span class='ocrx_word' id='word_1_454' title='bbox 824 2682 1035 2719; x_wconf 82' lang='lat' dir='ltr'>catholica</span> <span class='ocrx_word' id='word_1_455' title='bbox 1052 2683 1112 2719; x_wconf 84' lang='lat' dir='ltr'>ita</span> <span class='ocrx_word' id='word_1_456' title='bbox 1129 2694 1345 2731; x_wconf 83' lang='lat' dir='ltr'>exponens</span> <span class='ocrx_word' id='word_1_457' title='bbox 1363 2686 1409 2718; x_wconf 78' lang='lat' dir='ltr'>vt</span> <span class='ocrx_word' id='word_1_458' title='bbox 1430 2694 1513 2718; x_wconf 89' lang='grc'><strong>11011</strong></span> <span class='ocrx_word' id='word_1_459' title='bbox 1532 2685 1671 2730; x_wconf 66' lang='lat' dir='ltr'>posset</span> <span class='ocrx_word' id='word_1_460' title='bbox 1695 2696 1734 2724; x_wconf 80' lang='lat'>55</span> 
     </span>
     <span class='ocr_line' id='line_1_47' title="bbox 103 2735 1674 2786; baseline 0.001 -16"><span class='ocrx_word' id='word_1_461' title='bbox 103 2735 301 2783; x_wconf 88' lang='lat' dir='ltr'>cuiquam</span> <span class='ocrx_word' id='word_1_462' title='bbox 332 2748 421 2773; x_wconf 88' lang='lat' dir='ltr'>esse</span> <span class='ocrx_word' id='word_1_463' title='bbox 448 2736 626 2773; x_wconf 86' lang='lat' dir='ltr'>dubium</span> <span class='ocrx_word' id='word_1_464' title='bbox 655 2737 757 2785; x_wconf 86' lang='lat' dir='ltr'>quid</span> <span class='ocrx_word' id='word_1_465' title='bbox 789 2738 1004 2774; x_wconf 85' lang='lat' dir='ltr'>sentirem.</span> <span class='ocrx_word' id='word_1_466' title='bbox 1066 2737 1158 2774; x_wconf 88' lang='lat' dir='ltr'>Hoc</span> <span class='ocrx_word' id='word_1_467' title='bbox 1190 2749 1313 2786; x_wconf 87' lang='lat' dir='ltr'>opere</span> <span class='ocrx_word' id='word_1_468' title='bbox 1343 2737 1460 2773; x_wconf 82' lang='lat' dir='ltr'>edito</span> <span class='ocrx_word' id='word_1_469' title='bbox 1492 2748 1674 2785; x_wconf 79' lang='lat' dir='ltr'>perenne</span> 
     </span>
     <span class='ocr_line' id='line_1_48' title="bbox 103 2788 1672 2840; baseline 0.001 -15"><span class='ocrx_word' id='word_1_470' title='bbox 103 2788 205 2826; x_wconf 89' lang='lat' dir='ltr'>mihi</span> <span class='ocrx_word' id='word_1_471' title='bbox 227 2789 443 2827; x_wconf 88' lang='lat' dir='ltr'>silentium</span> <span class='ocrx_word' id='word_1_472' title='bbox 472 2792 727 2840; x_wconf 82' lang='lat' dir='ltr'>susciperem</span> <span class='ocrx_word' id='word_1_473' title='bbox 755 2792 963 2829; x_wconf 79' lang='lat' dir='ltr'>aduersus</span> <span class='ocrx_word' id='word_1_474' title='bbox 992 2791 1248 2829; x_wconf 84' lang='lat' dir='ltr'>maleuolos:</span> <span class='ocrx_word' id='word_1_475' title='bbox 1282 2804 1463 2840; x_wconf 82' lang='lat' dir='ltr'>quorum</span> <span class='ocrx_word' id='word_1_476' title='bbox 1494 2790 1672 2827; x_wconf 83' lang='lat' dir='ltr'>insolen-</span> 
     </span>
    </p>
   </div>
   <div class='ocr_carea' id='block_1_3' title="bbox 106 2861 238 2864">
    <p class='ocr_par' dir='ltr' id='par_1_4' title="bbox 106 2861 238 2864">
     <span class='ocr_line' id='line_1_49' title="bbox 106 2861 238 2864; baseline 0 0"><span class='ocrx_word' id='word_1_477' title='bbox 106 2861 238 2864; x_wconf 95' lang='lat' dir='ltr'> </span> 
     </span>
    </p>
   </div>
   <div class='ocr_carea' id='block_1_4' title="bbox 239 2862 401 2866">
    <p class='ocr_par' dir='ltr' id='par_1_5' title="bbox 239 2862 401 2866">
     <span class='ocr_line' id='line_1_50' title="bbox 239 2862 401 2866; baseline 0 0"><span class='ocrx_word' id='word_1_478' title='bbox 239 2862 401 2866; x_wconf 95' lang='lat' dir='ltr'> </span> 
     </span>
    </p>
   </div>
   <div class='ocr_carea' id='block_1_5' title="bbox 103 2889 1673 3062">
    <p class='ocr_par' dir='ltr' id='par_1_6' title="bbox 103 2889 1673 3062">
     <span class='ocr_line' id='line_1_51' title="bbox 150 2889 1673 2930; baseline 0.001 -13"><span class='ocrx_word' id='word_1_479' title='bbox 150 2898 199 2918; x_wconf 90' lang='lat'>12.</span> <span class='ocrx_word' id='word_1_480' title='bbox 225 2889 455 2928; x_wconf 63' lang='lat' dir='ltr'>scripseram]</span> <span class='ocrx_word' id='word_1_481' title='bbox 484 2890 561 2920; x_wconf 78' lang='lat' dir='ltr'>Tho</span> <span class='ocrx_word' id='word_1_482' title='bbox 593 2890 702 2921; x_wconf 79' lang='lat' dir='ltr'>letter</span> <span class='ocrx_word' id='word_1_483' title='bbox 731 2891 759 2921; x_wconf 84' lang='lat' dir='ltr'>is</span> <span class='ocrx_word' id='word_1_484' title='bbox 788 2895 854 2921; x_wconf 84' lang='lat' dir='ltr'>not</span> <span class='ocrx_word' id='word_1_485' title='bbox 922 2895 1093 2930; x_wconf 75' lang='lat' dir='ltr'>mentm-y</span> <span class='ocrx_word' id='word_1_486' title='bbox 1120 2901 1166 2920; x_wconf 88' lang='grc'>011</span> <span class='ocrx_word' id='word_1_487' title='bbox 1197 2891 1360 2921; x_wconf 74' lang='lat' dir='ltr'>Romans</span> <span class='ocrx_word' id='word_1_488' title='bbox 1388 2901 1462 2920; x_wconf 74' lang='lat' dir='ltr'>was</span> <span class='ocrx_word' id='word_1_489' title='bbox 1491 2894 1557 2920; x_wconf 80' lang='lat' dir='ltr'>not</span> <span class='ocrx_word' id='word_1_490' title='bbox 1583 2889 1673 2928; x_wconf 73' lang='lat' dir='ltr'>pul)-</span> 
     </span>
     <span class='ocr_line' id='line_1_52' title="bbox 103 2932 1224 2974; baseline 0.003 -13"><span class='ocrx_word' id='word_1_491' title='bbox 103 2935 247 2962; x_wconf 80' lang='lat' dir='ltr'>extant.</span> <span class='ocrx_word' id='word_1_492' title='bbox 294 2932 371 2963; x_wconf 86' lang='lat' dir='ltr'>The</span> <span class='ocrx_word' id='word_1_493' title='bbox 407 2933 478 2963; x_wconf 76' lang='lat' dir='ltr'>hist</span> <span class='ocrx_word' id='word_1_494' title='bbox 513 2935 684 2974; x_wconf 80' lang='lat' dir='ltr'>previous</span> <span class='ocrx_word' id='word_1_495' title='bbox 720 2938 852 2965; x_wconf 73' lang='lat' dir='ltr'>extant</span> <span class='ocrx_word' id='word_1_496' title='bbox 922 2935 1037 2965; x_wconf 70' lang='lat' dir='ltr'>lished</span> <span class='ocrx_word' id='word_1_497' title='bbox 1056 2934 1110 2965; x_wconf 82' lang='lat' dir='ltr'>till</span> <span class='ocrx_word' id='word_1_498' title='bbox 1132 2944 1224 2973; x_wconf 84' lang='lat'>¹535-</span> 
     </span>
     <span class='ocr_line' id='line_1_53' title="bbox 105 2975 1672 3018; baseline 0.001 -13"><span class='ocrx_word' id='word_1_499' title='bbox 105 2975 213 3006; x_wconf 72' lang='lat' dir='ltr'>letter</span> <span class='ocrx_word' id='word_1_500' title='bbox 230 2976 324 3007; x_wconf 80' lang='lat' dir='ltr'>from</span> <span class='ocrx_word' id='word_1_501' title='bbox 342 2977 513 3008; x_wconf 77' lang='lat' dir='ltr'>Sadoleto</span> <span class='ocrx_word' id='word_1_502' title='bbox 532 2978 560 3007; x_wconf 82' lang='lat' dir='ltr'>is</span> <span class='ocrx_word' id='word_1_503' title='bbox 578 2978 647 3017; x_wconf 82' lang='lat' dir='ltr'>Ep.</span> <span class='ocrx_word' id='word_1_504' title='bbox 667 2979 763 3017; x_wconf 80' lang='lat'>2385.</span> <span class='ocrx_word' id='word_1_505' title='bbox 972 2988 1020 3012; x_wconf 81' lang='grc'><strong>11).</strong></span> <span class='ocrx_word' id='word_1_506' title='bbox 1048 2979 1246 3018; x_wconf 75' lang='lat' dir='ltr'>Epist-opo]</span> <span class='ocrx_word' id='word_1_507' title='bbox 1270 2978 1432 3013; x_wconf 50' lang='lat' dir='ltr'>Gilwrth</span> <span class='ocrx_word' id='word_1_508' title='bbox 1461 2978 1515 3007; x_wconf 78' lang='lat' dir='ltr'>for</span> <span class='ocrx_word' id='word_1_509' title='bbox 1541 2978 1596 3007; x_wconf 78' lang='lat' dir='ltr'>liis</span> <span class='ocrx_word' id='word_1_510' title='bbox 1623 2978 1672 3006; x_wconf 90' lang='grc'><strong>111-</strong></span> 
     </span>
     <span class='ocr_line' id='line_1_54' title="bbox 191 3021 1617 3062; baseline 0 -12"><span class='ocrx_word' id='word_1_511' title='bbox 191 3021 488 3058; x_wconf 74' lang='lat' dir='ltr'>commentarios]</span> <span class='ocrx_word' id='word_1_512' title='bbox 523 3021 726 3052; x_wconf 74' lang='lat' dir='ltr'>Sadoleto&#39;s</span> <span class='ocrx_word' id='word_1_513' title='bbox 757 3032 851 3052; x_wconf 82' lang='lat' dir='ltr'>com-</span> <span class='ocrx_word' id='word_1_514' title='bbox 922 3022 1104 3062; x_wconf 78' lang='lat' dir='ltr'>complete</span> <span class='ocrx_word' id='word_1_515' title='bbox 1121 3023 1259 3053; x_wconf 83' lang='lat' dir='ltr'>edition</span> <span class='ocrx_word' id='word_1_516' title='bbox 1279 3032 1336 3052; x_wconf 71' lang='lat' dir='ltr'>sec</span> <span class='ocrx_word' id='word_1_517' title='bbox 1357 3022 1424 3061; x_wconf 73' lang='lat' dir='ltr'>Ep.</span> <span class='ocrx_word' id='word_1_518' title='bbox 1446 3030 1541 3060; x_wconf 68' lang='lat'><strong>2340.</strong></span> <span class='ocrx_word' id='word_1_519' title='bbox 1563 3030 1617 3051; x_wconf 65' lang='lat'>211.</span> 
     </span>
    </p>
   </div>
  </div>
 </body>
</html>
