1966 3379
264 122 315 159 34
696 120 953 158 LETTERS
984 120 1054 159 OF
1085 120 1352 159 ERASMUS
1712 125 1834 172 [1532

266 225 384 263 velut
407 226 447 262 in
471 228 642 275 portum
665 224 849 273 aliquem
877 228 1141 274 receperunt)
1165 226 1207 262 in
1235 225 1313 263 hoc
1341 237 1514 275 regnum
1543 225 1661 264 libris
1689 231 1836 265 nostro

265 292 456 317 sermone
478 280 727 328 conscriptis
749 280 931 317 mittere.
993 279 1179 324 Quorum
1203 281 1281 329 ipsi
1304 281 1361 317 sie
1383 280 1594 329 plerisque
1619 282 1834 331 respondi-

265 347 371 379 mus,
406 338 454 371 vt
486 347 571 371 non
608 333 732 370 valde
764 335 962 382 cuiquam
997 339 1199 379 metuam,
1233 335 1304 383 qui
1338 339 1553 383 vtrunque
1586 336 1834 384 perlegerit:

186 405 245 426 110
266 390 343 426 nisi
365 388 478 437 quod
499 388 673 437 quidam
695 392 738 425 et
760 401 872 425 noua
886 401 960 437 per
977 388 1210 434 leuitatem,
1229 393 1271 426 et
1288 390 1522 438 perniciosa
1538 402 1611 439 per
1628 390 1836 428 malitiam

265 444 325 480 ita
347 442 528 480 libenter
549 447 591 479 et
613 455 707 479 cum
729 442 875 480 fauore
902 442 1138 492 perlegunt,
1162 448 1210 480 vt
1238 456 1322 480 non
1352 444 1444 481 ideo
1471 445 1709 482 assentiant
1737 446 1837 494 quia

266 510 365 535 vera
386 497 565 534 credant
581 510 670 534 esse
687 510 795 545 quae
813 497 972 546 legunt,
988 497 1061 534 sed
1078 499 1178 546 quia
1194 499 1382 547 cupiant.
1426 498 1507 535 Sed
1524 499 1593 535 isti
1617 499 1836 536 hominum

265 553 418 600 generi,
441 552 595 600 quibus
623 551 758 589 malos
783 565 871 589 csse
900 552 1031 589 libido
1057 556 1134 597 est,
1158 552 1276 589 nulla
1303 565 1492 601 vnquam
1522 554 1686 590 ratione
1714 554 1834 591 satis-

266 607 425 644 feceris.
486 606 589 643 Mihi
611 606 754 643 studio
775 611 840 644 est
862 618 937 656 pro
962 619 1056 643 mea
1081 606 1192 643 virili
1221 607 1269 643 iis
1298 607 1509 656 praesidio
1536 620 1625 644 esse
1652 609 1723 656 qui
1753 621 1837 645 non

187 675 246 705 115
267 674 344 698 sua
370 664 522 711 sponte
549 660 792 698 desciscunt
820 675 844 698 a
873 673 984 705 vero,
1011 661 1084 698 sed
1114 665 1383 699 versutorum
1413 661 1630 699 hominum
1660 662 1837 700 fallaciis

267 715 554 753 abducuntur.
615 715 730 760 Vale,
754 716 997 753 doctissime
1018 715 1207 761 Erasme‚
1230 728 1277 753 ac
1300 716 1352 753 de
1370 716 1490 753 bonis
1507 717 1659 754 studiis
1677 718 1838 766 optime

267 771 428 807 merite.

322 825 387 862 Ex
409 824 585 863 aedibus
600 825 757 862 nostris
773 823 1042 862 cheleheicis.
1086 824 1209 862 Anno
1227 825 1398 862 Domini
1420 836 1657 863 mnxxxn.
1677 825 1839 864 decimo

267 883 423 929 quarto
444 880 600 917 mensis
622 879 746 917 Iunii.

632 1011 761 1049 2660.
827 1008 964 1048 FROM
998 1007 1215 1049 GABRIEL
1247 1008 1479 1050 VERINUS.

319 1086 489 1120 Breslau
507 1086 590 1122 MS.
612 1086 742 1120 Rehd.
767 1096 849 1132 254.
874 1088 953 1129 158.

319 1136 419 1169 EE2.
444 1146 524 1169 102.
1449 1139 1492 1170 16
1510 1137 1619 1171 June
1639 1143 1790 1181 <1532>.

315 1219 388 1257 [An
409 1219 562 1259 original
586 1219 708 1253 letter,
726 1221 937 1260 autograph
960 1221 1211 1261 throughout:
1238 1221 1301 1252 the
1325 1221 1518 1261 year-date
1539 1222 1568 1252 is
1585 1222 1692 1261 given
1712 1222 1760 1262 by
1778 1222 1841 1253 the

270 1264 453 1294 reference
472 1268 510 1293 to
528 1264 592 1293 the
610 1264 887 1294 Declarationes.

316 1307 363 1337 Of
380 1306 526 1337 Gabriel
544 1307 701 1337 Verinus
718 1318 771 1337 wc
789 1308 896 1338 know
915 1308 1091 1348 nothing;
1118 1308 1212 1339 from
1230 1309 1286 1339 his
1303 1309 1413 1340 letter
1438 1309 1482 1340 he
1500 1309 1620 1340 would
1641 1319 1781 1350 appear
1802 1313 1841 1340 to

271 1351 315 1382 be
332 1361 401 1382 one
418 1350 456 1381 of
472 1350 702 1391 Campegio's
720 1353 727 1364 ‘
740 1351 927 1389 farnilia'.]

692 1421 790 1449 GAB.
814 1421 1006 1448 VERINVS
1029 1422 1202 1449 ERAsMO
1224 1422 1304 1449 SVO
1326 1422 1358 1449 S.
1382 1422 1423 1449 D.

326 1480 564 1527 QVOVSQVE
594 1481 769 1519 tandem
801 1485 844 1519 et
874 1482 1089 1520 acerrimis
1120 1482 1226 1520 odiis
1257 1483 1531 1533 pugnabitur,
1562 1484 1619 1520 mi
1650 1484 1840 1530 Erasme,

272 1539 321 1573 vt
342 1535 485 1574 nullus
506 1548 697 1585 vnquam
718 1536 891 1574 futurus
913 1537 969 1574 sit
990 1536 1131 1574 litium
1154 1537 1248 1574 finis
1264 1543 1279 1575 ‘3
1337 1537 1442 1575 Cum
1471 1538 1521 1575 de
1549 1550 1652 1588 pace
1680 1540 1838 1588 cogita-

272 1591 385 1635 bam,
407 1603 433 1628 a
453 1594 586 1640 tergo,
609 1604 634 1628 a
655 1590 809 1637 fronte,
827 1604 851 1628 a
873 1591 1079 1629 lateribus
1100 1593 1299 1642 irrumpit
1320 1592 1549 1630 Academia
1571 1593 1649 1630 sub
1671 1594 1841 1631 nomine

272 1645 505 1691 facultatis,
527 1645 601 1683 sed
622 1658 708 1683 non
730 1647 1024 1684 oratoriae—a
1044 1658 1129 1695 qua
1149 1651 1323 1684 tantum
1345 1647 1467 1684 abest
1488 1652 1699 1696 quantum
1722 1661 1746 1685 a
1771 1648 1840 1685 de-

234 1717 253 1747 5
273 1704 389 1738 torta
402 1699 616 1738 calumnia
629 1701 844 1738 Erasmus.
877 1700 1022 1739 Habes
1036 1701 1368 1739 inimicissimam
1382 1700 1563 1739 Galliam
1577 1715 1657 1752 que
1666 1702 1840 1752 gallina-

273 1755 381 1792 rium
398 1755 624 1800 inuenerit,
647 1755 867 1793 Deliacum
889 1755 1024 1801 illum,
1042 1756 1115 1805 qui
1136 1769 1219 1794 oua
1239 1760 1521 1806 cognosceret.
1571 1756 1651 1794 Sed
1674 1761 1842 1806 praeter

274 1809 470 1847 aculeata
497 1809 709 1858 quaedam
738 1810 1121 1859 sophismata—sic
1149 1812 1260 1848 enim
1288 1811 1569 1860 appellandae
1597 1816 1700 1849 sunt
1728 1811 1841 1849 illius

273 1863 808 1902 conclusiunculae—nihil
830 1865 962 1902 habet
984 1864 1094 1911 salis,
1117 1865 1196 1903 hoc
1217 1869 1294 1911 est,
1313 1866 1558 1911 modestiae,
1576 1878 1657 1915 que
1678 1878 1842 1916 semper

274 1918 358 1956 fuit
381 1918 701 1956 condimentum
730 1919 916 1968 pietatis,
945 1920 1012 1957 cui
1038 1932 1240 1970 germana
1266 1924 1332 1958 est
1358 1920 1559 1965 charitas
1586 1922 1628 1958 in
1654 1933 1739 1970 qua
1766 1934 1843 1971 par

217 1990 256 2011 10
274 1986 363 2011 esse
398 1974 542 2022 potuit
573 1973 640 2011 vel
679 1974 809 2012 etiam
845 1974 1047 2024 superior,
1081 1975 1115 2012 si
1148 1975 1325 2025 priuatis
1360 1974 1512 2012 libellis
1546 1979 1687 2013 tecum
1720 1988 1841 2025 agere

275 2027 496 2065 maluisset
511 2041 641 2077 quam
662 2040 810 2078 Vrgere
831 2029 1044 2074 conuiciis,
1061 2032 1105 2067 et
1127 2030 1311 2067 maxime
1332 2029 1568 2075 absentem,
1587 2043 1712 2079 quem
1736 2043 1840 2068 nun-

274 2094 403 2131 quam
425 2082 546 2120 licuit
567 2082 732 2120 sceleris
753 2083 1046 2122 condemnare.

330 2137 486 2174 Verum
508 2137 678 2175 oculum
700 2139 828 2175 torsit
847 2138 1078 2176 Academia
1098 2142 1142 2176 et
1158 2138 1259 2176 dum
1276 2151 1325 2176 ea
1342 2138 1461 2176 videt
1477 2151 1584 2188 quae
1601 2139 1681 2176 sihi
1698 2139 1840 2189 displi-

275 2195 432 2237 cerent,
466 2204 574 2241 quae
607 2193 739 2241 magis
773 2194 978 2242 temporis
1011 2197 1114 2231 sunt
1145 2206 1274 2243 quam
1307 2197 1395 2238 tua,
1429 2193 1621 2231 haereses
1656 2194 1841 2243 putauit.

218 2262 256 2292 15
276 2245 422 2295 Neque
443 2246 555 2284 oculi
575 2246 659 2284 fuit
680 2247 851 2292 vicium,
873 2260 998 2296 quem
1019 2248 1099 2285 nisi
1127 2249 1332 2293 torsisset,
1355 2248 1629 2295 Eras<mum>
1651 2248 1841 2294 vidisset,

275 2312 361 2338 non
382 2300 640 2350 Beguardos,
662 2301 777 2339 mille
798 2301 927 2340 culeis
947 2302 1108 2352 dignos.
1168 2303 1225 2340 Et
1246 2302 1348 2340 haec
1378 2302 1515 2340 multo
1539 2306 1638 2340 ante
1660 2303 1840 2349 videras,

320 2399 417 2430 2659.
447 2401 563 2438 108-9.
589 2400 860 2441 respondimus]
878 2401 923 2431 In
943 2402 1025 2440 1528

276 2443 375 2474 More
395 2453 469 2474 was
492 2444 648 2484 granted
668 2454 690 2474 a
710 2444 844 2475 lieence
861 2445 910 2485 by
927 2445 1024 2476 Tun-

276 2487 373 2523 stall,
388 2487 457 2526 Bp.
472 2487 510 2518 of
522 2487 686 2523 London,
701 2491 740 2519 to
752 2488 838 2519 read
851 2489 1025 2519 heretieal

277 2531 393 2561 books
416 2531 452 2561 in
474 2531 580 2562 order
598 2532 682 2562 that
702 2532 747 2562 he
769 2532 888 2572 might
907 2533 1026 2563 refute

277 2574 391 2605 them.
438 2574 515 2605 The
536 2585 636 2606 same
655 2585 742 2616 year
763 2575 808 2606 he
830 2575 1025 2616 published

277 2618 333 2647 his
364 2618 539 2657 Dialoque
571 2619 718 2659 against
751 2619 916 2659 Tyndale
952 2620 1025 2650 and

277 2661 437 2697 Luther;
463 2662 499 2692 in
525 2671 607 2700 1529
626 2663 689 2693 the
712 2662 968 2702 Supplicalion
992 2663 1030 2703 of

277 2704 385 2735 Souls
422 2706 567 2744 against
606 2706 730 2737 Simon
770 2707 869 2737 Fish.
920 2707 1027 2738 After

277 2748 409 2779 More’s
430 2749 653 2789 resignation
678 2750 715 2780 in
741 2758 821 2789 1532
842 2750 887 2781 he
913 2754 1026 2781 wrote

278 2792 342 2822 the
360 2791 592 2832 Confutatz'on
609 2794 648 2833 of
661 2793 853 2832 Tyndale’s
866 2794 1026 2830 Answer‚

278 2835 342 2865 the
381 2835 614 2875 Confutation
653 2837 692 2876 of
730 2837 839 2868 Friar
876 2838 1025 2868 Barnes'

279 2878 429 2915 Church,
455 2880 528 2910 and
552 2890 574 2910 a
598 2880 710 2911 Lettcr
732 2891 779 2911 on
808 2881 871 2911 the
903 2881 1025 2912 Sacra-

278 2926 381 2952 ment
412 2924 557 2961 against
589 2923 705 2954 Frith.
768 2925 811 2954 In
849 2934 930 2963 1533
962 2935 1024 2965 ap-

279 2966 413 3006 peared
435 2967 498 2998 the
521 2967 738 2999 Debellation
761 2968 800 3008 of
815 2967 934 2999 Salem
954 2969 1027 2999 and

1094 2401 1246 2432 Bizance
1269 2401 1343 2432 and
1367 2401 1430 2431 the
1456 2401 1604 2432 Answer
1627 2406 1660 2431 to
1684 2402 1737 2431 the
1765 2426 1770 2431 .
1800 2425 1806 2432 .

1093 2445 1178 2476 book
1204 2445 1317 2476 which
1348 2455 1370 2475 a
1400 2445 1573 2476 nameless
1604 2445 1727 2476 heretic
1759 2446 1843 2476 hath

1093 2489 1221 2520 named
1238 2488 1290 2519 the
1306 2488 1450 2528 Supper
1466 2489 1504 2528 of
1517 2490 1570 2519 the
1588 2489 1691 2519 Lord.

1139 2533 1234 2563 2660.
1261 2534 1335 2570 5-6.
1360 2532 1591 2572 gallinarium
1614 2557 1620 2563 .
1647 2557 1652 2562 .
1682 2557 1688 2562 .
1712 2542 1841 2572 cogno-

1093 2577 1225 2614 sceret]
1242 2576 1314 2606 Cic.
1334 2576 1397 2606 Ac.
1416 2576 1476 2606 Pr.
1497 2585 1526 2607 2.
1547 2579 1598 2606 26.
1618 2577 1670 2607 86.

1141 2622 1191 2651 16.
1216 2619 1443 2659 Beguardos]
1467 2619 1531 2650 See
1554 2620 1623 2660 Ep.
1645 2621 1720 2659 843.
1738 2621 1840 2650 62011.

1094 2663 1371 2704 Egmondanus,
1400 2663 1513 2699 Beda,
1542 2664 1615 2693 and
1646 2664 1710 2694 the
1741 2663 1843 2693 Paris

1095 2707 1273 2738 Censurae
1285 2717 1382 2737 seem
1394 2710 1432 2737 to
1444 2707 1538 2737 have
1550 2707 1663 2737 taken
1676 2707 1842 2747 pleasure

1095 2751 1131 2781 in
1148 2751 1278 2790 noting
1290 2750 1476 2781 Erasmus'
1490 2751 1663 2781 affinities
1676 2751 1765 2780 with
1779 2751 1842 2780 the

1094 2794 1325 2835 Beghardian
1351 2794 1519 2829 heresim,
1542 2793 1779 2834 particularly
1804 2794 1841 2823 in

1094 2841 1238 2878 respect
1254 2837 1291 2868 of
1308 2838 1371 2867 the
1387 2838 1479 2867 view
1497 2838 1581 2868 that
1594 2838 1657 2868 the
1672 2837 1842 2877 spiritual

1094 2891 1180 2911 man
1204 2882 1233 2911 is
1253 2885 1318 2911 not
1341 2881 1467 2911 bound
1487 2881 1535 2921 by
1554 2881 1666 2912 forms
1687 2891 1728 2911 or
1747 2890 1841 2911 cere-

1095 2925 1245 2955 monies.
1295 2924 1360 2954 See
1384 2925 1420 2954 in
1449 2924 1649 2964 particular
1677 2924 1841 2954 Declara-

1093 2968 1206 2999 tiones
1240 2968 1343 3008 Prop.
1374 2977 1426 3005 29,
1453 2969 1514 3008 83;
1548 2969 1584 2998 in
1609 2968 1672 2998 the
1704 2968 1842 2998 section
