1966 3379
286 121 364 158 200
744 116 1000 156 LETTERS
1031 117 1101 156 OF
1131 116 1397 156 ERASMUS
1729 118 1852 167 [1533

286 223 460 273 periculi
490 224 557 268 sit,
590 223 624 260 si
654 223 779 262 isthic
811 227 1008 272 erumpat
1039 234 1183 259 rumor
1212 221 1291 259 hoc
1321 222 1388 271 agi
1418 224 1466 258 vt
1497 222 1538 258 in
1569 221 1851 259 Brabantiam

287 278 512 315 honorifice
545 290 728 314 reuocer.
789 277 943 314 Tutius
975 281 1121 314 tamen
1154 280 1219 313 est
1252 276 1294 313 id
1327 289 1351 313 a
1383 277 1528 325 paucis
1562 276 1667 313 sciri.
1728 274 1851 313 Certe

224 341 266 369 60
286 346 351 369 me
374 333 450 369 hoc
472 333 645 377 ambire,
669 331 799 369 nolim
821 332 916 369 sciri
937 335 1013 368 aut
1035 331 1160 368 credi.
1211 330 1303 367 Nisi
1325 343 1500 368 reuocor
1521 330 1659 368 adhuc
1681 331 1852 379 vigente

285 392 460 431 aestate,
484 400 567 424 non
589 388 677 423 sine
699 386 939 435 corpusculi
960 385 1147 435 periculo
1168 398 1234 422 me
1255 386 1504 422 commisero
1526 385 1679 422 itineri.
1730 384 1852 430 Quod

286 443 318 478 si
342 454 406 478 res
428 442 631 478 cesserint
652 454 701 478 ex
726 441 950 485 sententia,
974 453 1057 477 non
1081 440 1279 477 morabor
1300 439 1484 477 reditum
1507 438 1670 485 Quirini
1692 440 1772 476 mei
1800 452 1851 476 ex

284 496 447 545 Anglia,
471 496 543 533 sed
566 495 791 533 aduolabo.
852 494 923 532 Sin
946 496 1097 539 minus,
1120 494 1363 532 durandum
1386 495 1466 531 crit
1489 494 1553 531 hic
1584 494 1659 531 hac
1689 494 1852 543 hyeme,

285 551 356 587 sed
379 551 551 588 condito
574 555 847 594 testamento,
870 549 983 598 quod
1007 549 1197 586 Basileae
1219 548 1504 586 condideram.
1566 548 1616 585 In
1643 561 1736 586 eam
1765 561 1852 586 rem

224 614 265 650 05
287 604 421 642 habeo
454 605 580 653 Regis
613 604 866 642 Ferdinandi
900 604 1066 641 litteras
1097 604 1151 641 ad
1189 604 1312 641 huius
1347 603 1493 652 oppidi
1527 603 1852 651 magistratum3

287 660 422 697 habeo
444 660 633 709 diploma
654 660 844 697 Caesaris
866 664 1062 708 apertum
1085 671 1133 695 ac
1161 657 1368 707 generale,
1392 658 1529 695 habeo
1559 658 1686 695 breue
1714 658 1852 707 ponti-

286 714 385 752 ficis.
451 715 502 751 Et
525 719 668 751 tamen
693 715 726 751 si
749 714 850 762 quid
874 713 1095 762 reliquero,
1119 713 1191 749 vix
1214 717 1358 750 tutum
1381 712 1511 750 fuerit
1536 712 1589 749 ab
1619 712 1696 749 hoc
1725 713 1853 761 magi-

286 774 440 813 stratu,
482 773 692 818 quantum
741 782 791 805 ex
842 768 989 805 multis
1035 767 1239 816 exemplis
1289 767 1447 804 diuino.
1521 766 1854 804 Predabundum

286 824 506 861 hominum
527 836 671 871 genus.
733 823 846 860 Bene
869 823 974 860 vale.

226 892 267 923 70
341 878 535 928 Friburgi
560 888 608 926 19
631 878 696 916 die
718 878 874 928 Aprilis
900 887 1014 925 1533.

712 1117 762 1153 27
772 1116 839 1154 93.
904 1113 971 1153 To
994 1113 1220 1154 ERASMUS
1244 1112 1435 1153 SCHETs.

339 1203 492 1237 Eritish
512 1203 696 1237 Museum
716 1202 798 1236 MS.
820 1202 925 1236 Add.
946 1204 1078 1246 38512,
1100 1203 1126 1236 f.
1148 1204 1206 1237 80.
1525 1203 1774 1247 <Freiburg.>

1504 1262 1547 1293 19
1566 1252 1680 1297 April
1703 1262 1808 1295 1533.

634 1319 707 1357 [An
724 1319 876 1358 original
894 1318 1014 1355 letter,
1033 1319 1241 1359 autograph
1260 1318 1516 1359 throughout]

343 1379 381 1417 S.
406 1379 450 1416 P.
512 1379 577 1416 Ex
599 1378 718 1416 nulla
739 1378 1015 1428 epistolarum
1042 1391 1147 1428 quas
1176 1379 1257 1416 iam
1288 1380 1389 1416 treis
1418 1379 1561 1428 accepi
1591 1381 1706 1428 [non]
1737 1380 1859 1429 potui

288 1434 525 1483 intelligere
541 1434 715 1471 Petrum
731 1433 854 1470 huius
871 1434 1060 1470 ciuitatis
1077 1433 1295 1483 publicum
1314 1434 1514 1471 nuncium
1530 1433 1609 1471 tibi
1626 1434 1859 1472 reddidisse

288 1490 468 1526 litteras.
529 1488 646 1526 Vnae
668 1493 792 1525 erant
813 1488 867 1525 ad
896 1494 950 1533 te,
974 1488 1129 1537 quibus
1153 1493 1246 1525 erat
1273 1488 1436 1525 inclusa
1463 1488 1645 1538 epistola
1673 1489 1727 1526 ad
1756 1489 1857 1526 Bar-

287 1544 455 1581 birium.
515 1543 687 1581 Alterae
717 1547 839 1580 erant
867 1543 922 1580 ad
950 1542 1149 1580 Carolum
1174 1543 1476 1588 Vtenhouium,
1502 1543 1658 1592 quibus
1686 1548 1730 1581 et
1758 1544 1858 1593 ipsis

250 1607 268 1637 5
288 1603 381 1636 erat
412 1598 615 1635 adiuncta
642 1597 824 1648 epistola
856 1598 909 1635 ad
939 1602 1207 1647 quaestorem
1240 1597 1477 1635 Flandriae.
1537 1597 1705 1636 Tertiae
1736 1603 1859 1636 erant

289 1653 344 1690 ad
374 1652 632 1690 Goelenium.
693 1652 908 1698 Quasdam
940 1652 1064 1690 video
1092 1652 1294 1697 redditas,
1324 1652 1397 1690 sed
1427 1665 1481 1689 an
1513 1651 1663 1690 Petrus
1694 1657 1736 1690 te
1764 1666 1858 1690 con-

289 1708 454 1744 uenerit
471 1707 740 1757 Antwerpiae
762 1708 913 1752 nescio,
931 1712 974 1744 et
997 1708 1100 1744 scire
1122 1708 1258 1756 cupio.
1301 1707 1407 1744 Mira
1428 1712 1493 1744 est
1509 1719 1622 1744 nune
1640 1707 1858 1745 hominum

289 1762 479 1812 perfidia.

346 1816 617 1854 Molendinus
637 1816 884 1866 gratulatur
906 1816 1020 1862 mihi,
1039 1816 1154 1865 quod
1175 1816 1259 1854 iam
1281 1817 1512 1854 conueniat
1532 1829 1628 1854 cum
1650 1816 1857 1854 Barbirio.

233 1881 272 1902 10
291 1871 341 1908 Id
363 1872 424 1908 ait
446 1884 488 1908 se
509 1883 560 1908 ex
583 1876 626 1908 te
648 1871 853 1908 didicisse.
904 1871 993 1908 Aut
1013 1884 1089 1921 ego
1111 1871 1236 1921 plane
1257 1871 1394 1916 fallor,
1418 1875 1495 1909 aut
1520 1871 1589 1909 ille
1611 1870 1859 1909 Cortisanus

291 1939 341 1963 ex
364 1926 454 1963 alto
475 1938 541 1962 me
564 1925 740 1963 deridet.
801 1924 882 1963 Sed
904 1926 1085 1963 fortasse
1106 1938 1192 1963 non
1213 1927 1400 1975 impune.

347 1980 625 2017 Benedictino
660 1984 737 2018 tuo
772 1981 919 2030 scripsi
954 1993 1027 2030 per
1068 1980 1191 2018 hunc.
1251 1979 1294 2018 Si
1335 1981 1504 2018 scissem
1546 1985 1589 2018 te
1628 1984 1859 2018 venturum

292 2034 628 2079 Francfordiam,
665 2035 719 2072 ad
760 2040 802 2072 te
843 2036 1049 2072 misissem
1090 2035 1268 2072 litteras.
1329 2034 1497 2072 Nollem
1538 2035 1658 2072 illum
1699 2035 1859 2073 bonum

292 2090 488 2126 iuuenem
511 2091 739 2138 quicquam
761 2094 920 2127 temere
942 2089 1091 2135 facere,
1115 2090 1367 2139 praesertim
1389 2089 1466 2127 hoe
1490 2089 1643 2128 seculo.

234 2154 272 2184 15
347 2144 561 2181 Arcanum
593 2144 707 2193 quod
739 2144 817 2181 tibi
847 2145 1181 2182 communicauit
1211 2143 1353 2191 Olaus,
1386 2144 1451 2182 fae
1483 2144 1641 2182 habeas
1676 2145 1718 2182 in
1751 2145 1858 2182 sinu.

293 2197 464 2244 Quanto
492 2199 617 2236 isthic
649 2199 691 2235 in
719 2200 860 2248 precio
890 2199 1063 2236 futurus
1095 2200 1173 2236 sim
1203 2199 1355 2236 nescio.
1414 2198 1527 2237 Satis
1557 2199 1650 2245 erit,
1679 2199 1712 2236 si
1739 2199 1861 2236 fuero

292 2254 335 2290 in
358 2257 466 2290 tuto.

348 2306 390 2344 Si
420 2320 504 2344 non
534 2307 733 2345 succedet
761 2307 875 2356 quod
906 2309 1083 2357 agimus,
1113 2307 1241 2345 velim
1271 2311 1321 2345 vt
1351 2307 1447 2345 huic
1479 2307 1655 2354 Quirino
1685 2321 1778 2346 meo
1808 2321 1859 2345 ex

292 2361 445 2411 Anglia
463 2375 631 2399 reuerso
648 2362 795 2399 tradas
813 2362 984 2400 breuem
1001 2362 1288 2412 syngrapham
1305 2362 1357 2399 de
1374 2363 1552 2411 pecunia
1569 2375 1698 2412 quam
1715 2362 1858 2400 habes.

233 2425 275 2446 20
294 2416 404 2453 Nam
426 2428 477 2453 ex
499 2416 680 2466 epistola
702 2416 804 2454 nihil
828 2429 993 2466 possem
1015 2417 1069 2454 ab
1091 2417 1317 2454 heredibus
1338 2422 1494 2466 petere,
1517 2429 1649 2466 quum
1678 2417 1859 2455 habeam

296 2471 466 2508 multas

349 2524 462 2562 Bene
486 2525 591 2563 vale.
646 2536 693 2574 19
715 2525 781 2562 die
802 2526 971 2575 Aprilis,
998 2536 1112 2574 1533.

1341 2581 1544 2618 Erasmus
1567 2580 1667 2619 Rot.
1690 2584 1803 2618 tuus.

350 2649 518 2687 Eximio
539 2650 631 2687 viro
653 2650 702 2687 D.
728 2651 906 2688 Erasmo
928 2650 1095 2689 Scheto.
1128 2651 1410 2701 Antwerpiae.

340 2748 435 2778 2792.
454 2751 507 2788 64.
531 2750 772 2787 testamento]
785 2749 849 2780 See
862 2750 930 2790 Ep.
946 2759 1040 2790 2754.
1155 2760 1185 2789 5.
1210 2751 1460 2791 quaestorem]
1508 2750 1617 2781 Peter
1663 2750 1858 2787 Griboval;

340 2792 436 2822 2793.
466 2802 492 2822 1.
518 2793 620 2830 treis]
661 2793 736 2823 Not
774 2798 918 2824 extant.
975 2794 1041 2824 Be·
1110 2803 1168 2824 see
1186 2794 1256 2834 Ep.
1274 2796 1491 2833 2716.156n.

296 2839 414 2866 tween
437 2835 560 2871 March
584 2845 663 2874 1532
685 2837 759 2867 and
780 2837 865 2867 Feb.
889 2846 970 2876 1535
993 2847 1041 2868 no
1197 2838 1357 2875 Tertiae]
1375 2838 1449 2868 Not
1466 2842 1609 2869 extant.

297 2879 425 2909 letters
442 2879 536 2910 from
555 2879 681 2910 Schets
700 2880 793 2910 have
810 2881 995 2911 survived.
1157 2890 1207 2911 12.
1233 2881 1488 2919 Benedictino]
1507 2881 1571 2912 See
1586 2882 1653 2922 Ep.
1670 2883 1857 2921 2763.14n.

342 2931 372 2961 3.
398 2923 514 2960 Vnae]
540 2923 608 2962 Ep.
634 2924 728 2961 2780.
778 2924 848 2954 For
871 2925 946 2955 this
969 2924 1043 2955 and
1159 2933 1207 2963 15.
1234 2925 1433 2963 Arcanum]
1454 2925 1530 2956 The
1555 2929 1681 2956 return
1707 2930 1746 2956 to
1769 2925 1857 2956 Bra-

297 2967 361 2997 the
378 2966 487 2997 letter
503 2971 542 2997 to
558 2965 754 2999 Utenhove
771 2977 829 2998 see
847 2967 916 3008 Ep.
934 2977 1031 3008 2799.
1110 2968 1223 3005 bant;
1249 2968 1294 2998 ef.
1314 2969 1383 3009 Ep.
1401 2969 1498 3009 2785.
