1966 3379
125 161 246 210 2657]
526 159 683 197 FROM
715 157 944 196 VIGLIUS
974 158 1308 197 ZUICHEMUs
1639 161 1689 198 29

125 265 282 304 adiuui.
343 263 475 309 Quem
498 266 542 300 et
564 263 641 300 hoc
663 262 898 312 amplectar
918 263 1090 307 arctius
1114 263 1228 312 quod
1250 264 1293 300 in
1314 264 1493 301 eandem
1522 277 1620 314 erga
1649 269 1690 302 te

124 320 392 358 affectionem
442 318 657 367 animique
705 317 993 354 sinceritatem
1038 329 1288 355 concurrere
1332 318 1433 355 mihi
1478 318 1688 356 videatur.

127 374 247 412 Vnde
268 377 311 410 et
333 385 398 410 me
420 372 764 421 frequentissime
785 371 850 408 tui
872 372 1087 408 mentione
1107 371 1331 409 exhilarat.
1714 389 1751 418 15

182 428 243 466 De
273 427 483 465 Germano
514 426 586 464 illo
620 439 704 463 non
735 426 908 463 omnino
939 425 1048 463 male
1077 427 1338 464 coniectasti.
1399 426 1508 472 Quid
1537 428 1690 464 mirum

126 487 271 521 autem
300 482 402 519 mihi
430 494 525 518 cum
553 493 602 518 eo
630 493 780 530 parum
809 481 1046 526 conuenire,
1076 493 1172 518 cum
1201 481 1281 518 sibi
1308 486 1547 531 temperare
1574 482 1692 518 nullo

126 537 253 576 modo
293 549 344 573 ne
384 536 499 586 apud
534 535 781 573 Anselmum
817 535 988 583 quidem
1022 536 1167 585 possit,
1200 548 1296 572 cum
1332 549 1417 585 quo
1452 540 1597 573 tamen
1632 536 1692 573 illi

125 592 362 630 eommunis
378 591 519 640 patria
536 594 612 635 est,
631 595 674 627 et
690 590 810 627 cuius
831 589 1033 627 iudicium
1052 589 1184 639 pluris
1207 590 1344 628 facere
1361 590 1547 628 debebat
1564 603 1692 640 quam

127 649 298 684 meum‘?
357 646 446 694 Ego
473 649 618 682 autem
641 644 795 693 quibus
821 657 917 681 cum
946 645 1037 694 ipso
1065 645 1382 682 conditionibus
1411 646 1691 690 eonuenerim,
1713 661 1754 682 20

127 713 260 751 nuper
285 701 519 750 perscripsi.
580 699 658 736 His
680 699 886 736 hactenus
908 702 1126 748 Vtcunque
1155 700 1270 749 apud
1296 713 1361 737 me
1391 701 1526 743 stetit,
1550 701 1691 737 conui-

125 756 279 804 tiisque
306 755 528 792 abstinuit.
588 753 735 803 Nuper
762 753 1014 791 nonnullum
1046 754 1105 791 illi
1134 754 1329 792 aculeum
1360 754 1491 795 infixi,
1522 759 1693 792 ostensa

126 810 442 859 nuncupatione
464 813 540 846 tua
560 808 615 845 ad
637 809 874 846 Turzonem
897 809 1154 857 Episcopum
1177 810 1219 846 in
1243 809 1353 846 Psal.
1378 810 1440 857 38.
1493 809 1556 846 Ex
1580 809 1693 846 illius

124 866 236 902 enim
260 863 539 901 beneficentia
561 863 633 900 diu
655 862 724 900 ille
753 866 1021 900 sustentatus
1049 867 1127 907 est,
1156 867 1199 900 et
1221 864 1360 901 adhuc
1383 865 1613 913 quotannis
1639 863 1693 901 ab

123 919 272 957 eodem
303 919 507 956 viaticum
538 930 710 967 poscere
741 917 860 955 solet.
920 918 982 955 De
1014 918 1136 956 Italis
1166 922 1313 956 autem
1344 919 1405 955 ita
1436 919 1494 956 illi
1522 919 1694 968 penitus
1715 933 1754 963 25

125 975 251 1011 insita
273 974 415 1023 opinio
442 977 507 1010 est
534 972 657 1010 euelli
686 976 735 1009 vt
764 971 880 1009 nullo
908 977 1035 1021 pacto
1062 977 1216 1022 queat:
1248 986 1319 1010 eos
1347 974 1459 1010 enim
1488 977 1694 1023 perpetuo

125 1029 195 1066 ille
230 1028 326 1065 vult
358 1027 713 1077 incomparabiles
748 1040 848 1064 esse.
910 1027 1042 1066 Porro
1074 1028 1189 1077 apud
1224 1032 1415 1066 caeteros
1447 1027 1692 1069 dissimulo:

126 1096 202 1120 nec
219 1083 298 1132 ipsi
313 1083 424 1120 ‘satis
441 1082 555 1131 quod
578 1082 784 1127 sentiunt,
802 1083 1038 1131 exprimere
1060 1083 1233 1127 audent,
1252 1087 1296 1120 et
1313 1083 1391 1120 hoc
1413 1083 1499 1120 fere
1521 1087 1694 1120 auctore

126 1138 188 1175 vti
211 1137 361 1175 solent.

181 1192 243 1229 De
264 1191 595 1241 Amphitheatro
617 1204 753 1241 nuper
773 1191 933 1240 aliquid
956 1192 1140 1241 promisi.
1202 1192 1264 1229 De
1286 1205 1370 1241 quo
1392 1203 1563 1242 possem
1581 1205 1694 1229 nunc
1715 1207 1756 1237 30

126 1247 366 1296 longissime
402 1246 596 1291 scribere,
630 1246 710 1283 nisi
744 1259 923 1290 vererer,
956 1259 1006 1283 ne
1039 1247 1169 1284 serias
1204 1259 1327 1284 aures
1359 1252 1456 1284 tuas
1488 1246 1696 1284 eiusmodi

125 1302 247 1351 nugis
264 1301 534 1339 offenderem.
595 1301 706 1338 Nam
724 1313 775 1337 ne
793 1301 895 1350 quid
918 1302 1094 1350 ignores,
1114 1301 1197 1339 fuit
1217 1306 1261 1339 et
1278 1302 1439 1351 Viglius
1462 1303 1502 1339 in
1520 1301 1694 1351 Amphi·

126 1356 310 1400 theatro,
333 1357 560 1404 omniaque
581 1355 807 1405 diligenter
828 1357 1056 1405 perspexit.
1117 1356 1234 1406 Opus
1256 1361 1320 1394 est
1342 1356 1527 1405 ligneum
1549 1356 1696 1393 multis

126 1410 382 1460 imaginibus
426 1411 686 1460 insignitum,
728 1410 961 1459 multisque
1002 1411 1190 1461 vndique
1232 1411 1416 1461 capsulis
1463 1411 1693 1448 refertum:

126 1469 218 1503 tum
241 1466 347 1502 varii
370 1466 411 1502 in
433 1477 482 1502 eo
504 1465 671 1502 ordines
693 1469 736 1502 et
757 1465 925 1514 gradus.
972 1463 1156 1515 Singulis
1177 1471 1321 1503 autem
1345 1466 1488 1515 figuris
1509 1470 1552 1503 et
1574 1478 1694 1503 orna·
1716 1480 1756 1510 35

126 1521 280 1557 mentis
301 1533 377 1557 sua
398 1519 490 1557 loca
510 1520 640 1561 dedit,
664 1524 917 1568 tantamque
938 1521 1041 1558 mihi
1063 1521 1309 1558 chartarum
1332 1521 1484 1558 molem
1507 1520 1697 1558 ostendit

127 1579 185 1620 vt,
201 1576 282 1612 etsi
303 1587 468 1624 semper
484 1575 690 1612 audierim
709 1574 950 1612 Ciceronem
968 1576 1225 1613 vberrimum
1244 1575 1511 1625 eloquentiae
1533 1575 1695 1613 fontem

125 1642 227 1675 esse,
251 1630 323 1666 vix
338 1633 484 1667 tamen
500 1629 644 1667 induci
661 1634 761 1666 ante
778 1631 1011 1678 potuissem
1030 1634 1078 1668 vt
1095 1631 1309 1668 crederem
1327 1644 1459 1668 vnum
1477 1635 1695 1668 auctorem

125 1688 214 1722 tam
250 1684 336 1722 late
370 1688 528 1734 patere,
562 1688 714 1733 totque
748 1697 800 1721 ex
837 1697 885 1722 eo
918 1684 1137 1723 volumina
1172 1686 1456 1722 consarcinari
1493 1686 1694 1735 potuisse.

124 1739 323 1776 Auctoris
346 1751 501 1776 nomen
522 1739 600 1776 tibi
623 1740 782 1788 scripsi,
806 1738 940 1776 Iulius
962 1741 1119 1789 quippe
1140 1739 1341 1778 Camillus
1366 1745 1558 1777 vocatur.
1619 1740 1697 1777 Est
1716 1754 1758 1784 40

124 1797 268 1831 autem
301 1793 427 1831 valde
460 1793 625 1839 balbus,
657 1798 701 1831 et
732 1794 864 1830 latine
897 1807 1019 1843 aegre
1050 1795 1253 1844 loquitur,
1286 1795 1362 1832 hoe
1394 1808 1437 1832 se
1467 1799 1696 1844 praetextu

125 1861 346 1894 excusans,
383 1849 496 1897 quod
537 1849 640 1897 styli
680 1852 888 1898 perpetuo
927 1850 1130 1887 exercitio
1170 1849 1371 1899 loquendi
1406 1862 1530 1886 vsum
1567 1862 1697 1899 prope

125 1903 326 1941 amiserit.
396 1903 445 1940 In
484 1903 715 1940 vernacula
758 1907 903 1940 tamen
949 1903 1093 1953 lingua
1137 1904 1298 1954 aliquid
1336 1905 1477 1942 valere
1527 1904 1695 1949 dicitur,

125 1970 254 2007 quam
289 1959 418 1995 etiam
455 1958 688 2007 aliquando
724 1958 941 1995 Bononiae
981 1959 1220 2008 professum
1261 1972 1357 1996 eum
1394 1960 1529 1997 aiunt.
1590 1958 1695 1996 Cum

125 2025 316 2061 rogarem
350 2013 400 2050 de
432 2014 569 2062 operis
605 2014 780 2056 ratione,
814 2014 1101 2062 institutoque
1137 2018 1267 2063 atque
1300 2027 1508 2059 successu,
1541 2018 1695 2051 cuncta
1717 2027 1756 2057 45

126 2067 316 2116 religiose
338 2068 458 2116 quasi
479 2067 784 2117 obstupescens
806 2069 864 2105 rei
892 2069 1108 2113 miraculo,
1132 2067 1303 2106 chartas
1332 2069 1498 2118 aliquas
1526 2069 1695 2113 obiecit,

124 2135 279 2170 easque
310 2123 521 2167 recitauit,
554 2123 611 2159 sic
646 2127 693 2159 vt
726 2135 926 2160 numeros
957 2136 1104 2160 omnes
1136 2128 1179 2160 et
1211 2123 1436 2165 clausulas,
1469 2128 1696 2172 totumque

124 2176 353 2214 artificium
375 2178 633 2226 exprimeret
655 2177 817 2215 Italicis
840 2178 989 2221 modis,
1013 2178 1086 2215 sed
1109 2178 1235 2215 valde
1258 2179 1492 2227 imparibus
1522 2183 1697 2228 propter

125 2231 292 2278 linguae
314 2231 680 2281 impedimentum.
742 2232 835 2269 Rex
857 2245 1003 2281 vrgere
1025 2233 1194 2275 dieitur,
1218 2238 1266 2270 vt
1288 2233 1435 2270 redeat
1458 2233 1632 2270 tandem
1655 2234 1697 2270 in

125 2285 307 2323 Galliam
329 2299 425 2323 cum
448 2286 670 2336 magnifico
692 2300 828 2336 opere.
889 2287 969 2324 Sed
991 2301 1087 2325 eum
1112 2287 1247 2324 latina
1268 2289 1411 2325 omnia
1440 2288 1626 2325 debeant
1654 2289 1696 2324 in
1717 2300 1758 2329 50

125 2339 332 2378 Gallicam
354 2341 556 2390 linguam,
574 2341 744 2379 volente
762 2343 819 2379 sic
843 2342 971 2391 Rege,
990 2344 1226 2392 transponi,
1250 2343 1290 2379 in
1313 2355 1441 2392 quam
1461 2356 1548 2379 rem
1567 2343 1695 2379 inter-

126 2399 288 2444 pretem
320 2396 654 2445 scriptoremque
685 2397 904 2441 conduxit,
938 2397 986 2434 fit
1016 2402 1065 2434 vt
1093 2397 1398 2446 profectionem
1431 2398 1599 2435 differre
1631 2410 1695 2435 eo-

124 2453 262 2499 gatur,
281 2463 333 2488 ne
354 2451 634 2500 semiplenum
657 2464 764 2500 opus
785 2451 1000 2489 exhibeat.
1053 2452 1144 2489 Hoc
1166 2456 1313 2489 autem
1336 2452 1552 2489 theatrum
1573 2465 1695 2489 suum

124 2508 275 2542 auctor
296 2505 443 2542 multis
464 2506 655 2555 appellat
682 2506 938 2551 nominibus,
961 2506 1192 2555 aliquando
1219 2511 1406 2544 mentem
1435 2512 1479 2544 et
1507 2508 1696 2544 animum

124 2559 424 2605 fabrefactum,
466 2560 698 2609 aliquando
739 2561 1047 2598 fenestratum:
1092 2562 1214 2610 fingit
1253 2563 1364 2598 enim
1405 2563 1549 2599 omnia
1589 2574 1697 2610 quae
1718 2573 1756 2602 55

125 2626 243 2651 mens
271 2614 460 2652 humana
480 2616 677 2665 concipit,
700 2628 893 2664 quaeque
921 2617 1132 2665 corporeis
1160 2616 1292 2654 oculis
1320 2616 1463 2653 videre
1492 2629 1575 2653 non
1604 2629 1696 2665 pos-

126 2681 283 2714 sumuS,
299 2682 420 2718 posse
438 2673 581 2706 tamen
598 2670 791 2717 diligenti
808 2670 1146 2708 consideratione
1164 2671 1386 2720 complexa
1404 2672 1532 2719 signis
1546 2670 1697 2707 deinde

125 2723 381 2771 quibusdam
411 2725 621 2774 corporeis
654 2726 711 2762 sio
743 2726 936 2774 exprimi,
969 2730 1017 2762 vt
1053 2727 1345 2775 vnusquisque
1381 2726 1512 2763 oculis
1548 2726 1696 2762 statim

172 2801 221 2830 18.
249 2800 297 2830 illi
314 2800 354 2838 B:
382 2801 451 2830 illis
468 2814 501 2839 γ.
594 2811 646 2841 34.
673 2802 875 2842 multisque
891 2802 932 2841 β;
959 2803 1085 2833 multis
1103 2815 1134 2840 γ,
1232 2813 1284 2842 43.
1312 2806 1436 2833 tamen
1452 2801 1493 2841 βε
1520 2806 1645 2832 autem
1664 2814 1696 2839 γ.

125 2853 177 2883 45.
203 2848 316 2884 atquo
331 2844 371 2881 B:
398 2854 439 2875 ac
457 2857 489 2884 γ.

166 2901 221 2951 is).
248 2901 444 2961 Germano]
459 2922 635 2962 Georgius
650 2922 789 2962 Logus:
817 2933 875 2953 see
989 2933 1041 2961 30.
1069 2923 1199 2962 nuper]
1220 2923 1287 2962 Ep.
1308 2930 1404 2960 2032.
1431 2922 1568 2957 182—90.

125 2965 194 3004 Ep.
214 2966 310 3003 2568.
332 2974 408 3003 1511.
989 2977 1041 3005 40.
1068 2966 1254 3004 Camillus]
1274 2967 1338 2995 See·
1357 2966 1453 3005 Epp.
1476 2967 1572 3003 2632.
1599 2973 1696 3003 177n,

170 3018 222 3047 23.
250 3009 542 3049 nuncupatione]
562 3010 631 3049 Ep.
653 3012 749 3041 2008.
947 3012 1041 3040 2082.
1063 3021 1185 3040 21-211.
