1966 3379
217 110 295 147 254
657 110 915 149 LETTERS
947 110 1018 149 OF
1048 109 1318 150 ERASMUS
1666 112 1789 160 [1533

155 229 195 259 35
215 216 318 252 satis
347 219 482 259 vasta,
507 215 618 253 bona
645 219 766 265 parte
795 215 873 253 sub
902 216 1005 253 dicti
1030 216 1335 266 archiepiscopi
1363 215 1518 253 diocesi
1543 216 1637 260 sita,
1661 228 1790 264 quam

218 270 397 307 Iacobus
429 270 640 319 Zieglcrus
676 271 718 307 in
751 284 827 308 sua
862 270 1043 308 Scondia
1078 284 1151 308 seu
1187 270 1444 308 Sconlandia
1481 273 1547 317 (ex
1584 270 1789 308 relatione

215 325 402 362 eiusdem
424 325 744 375 archiepiscopi)
767 326 870 363 scite
892 326 1127 375 descripsit,
1146 326 1218 363 vbi
1240 338 1376 375 neque
1399 325 1465 362 lex
1483 338 1617 374 neque
1635 325 1723 362 vlla
1739 325 1790 362 de

215 380 384 417 Christo
420 384 638 417 seruatore
673 381 847 429 eiusque
884 380 1097 418 beneficiis
1133 381 1291 418 noticia
1326 385 1460 426 extat,
1497 394 1562 418 res
1598 379 1790 430 profecto

215 436 377 483 egregie
408 436 537 484 impia
567 439 610 472 et
641 435 710 484 pio
740 436 902 485 pectori
933 435 1118 473 multum
1150 435 1435 485 deploranda3
1473 448 1538 472 me
1569 439 1715 472 autem
1748 436 1789 472 in

153 503 195 534 40
216 490 360 539 primis
382 503 430 527 ea
456 503 519 527 res
545 490 879 539 simplicissimae
904 491 1042 539 gentis
1068 491 1435 528 commiseratione
1460 503 1589 540 supra
1615 489 1789 527 modum

216 549 337 593 vrget
357 544 671 594 sollicitumque
687 545 839 591 reddit,
857 545 1064 594 siquidem
1082 547 1224 595 accepi
1240 550 1283 582 et
1297 558 1373 595 pro
1389 550 1505 582 certo
1522 549 1790 594 compertum

215 599 351 637 habco
387 599 505 643 (dum
541 599 655 649 apud
689 600 827 637 Dacos
864 600 1158 650 Prutenosque
1192 604 1237 638 et
1277 600 1477 638 Liuonios
1516 603 1701 649 agerem)
1737 612 1789 637 ex

215 654 452 703 plaerisque
484 655 627 704 probis
658 655 967 693 mercatoribus
998 657 1070 704 qui
1102 655 1184 692 illic
1216 656 1586 693 mercimoniorum
1615 667 1789 692 suorum

214 722 342 746 causa
365 713 602 755 versantur,
628 709 820 759 Laponcs
841 710 935 747 illos
965 710 1156 748 homines
1183 723 1272 748 esse
1297 711 1553 759 nimisquam
1581 709 1791 759 simplices

153 777 194 808 45
214 769 257 801 et
279 765 525 802 innocentes
546 777 593 802 ac
617 765 840 802 brutorum
863 766 947 802 ritu
971 765 1090 803 nulla
1111 765 1190 803 sub
1208 765 1297 813 lege
1314 778 1436 813 agere
1454 780 1460 807 2
1488 765 1600 802 vnde
1617 765 1788 802 creden-

215 819 316 856 dum
358 823 423 856 est
463 819 558 857 illos
596 819 651 857 ad
686 819 842 857 Christi
875 820 1144 870 euangelium
1180 820 1472 870 accipiendum
1511 820 1633 857 facile
1668 832 1790 869 posse

216 874 370 918 induci,
403 875 436 911 si
468 887 582 924 reges
613 876 877 924 principesue
912 875 979 922 (de
1009 875 1251 913 christianis
1285 875 1463 925 loquor),
1497 876 1569 924 qui
1603 874 1685 912 illis
1718 887 1791 924 per

215 930 416 979 imposita
438 930 663 979 vectigalia
685 931 947 979 imperitant,
972 930 1053 967 illis
1081 930 1133 967 (le
1161 930 1292 967 isdem
1317 930 1610 979 vectigalibus,
1635 931 1789 979 turpis-

214 985 345 1021 simae
366 984 525 1022 scilicet
546 986 782 1022 exactionis
805 985 934 1030 lucro,
958 985 1151 1022 nonnihil
1177 986 1458 1023 remitterent.
1505 985 1597 1022 Hoc
1619 984 1714 1022 dico
1734 985 1788 1022 ob

153 1055 196 1085 50
214 1039 269 1083 id,
293 1039 407 1088 quod
429 1044 547 1077 certo
569 1041 653 1077 scio
674 1040 944 1077 nobilitatem
967 1040 1082 1077 illam
1105 1040 1219 1077 haud
1242 1042 1523 1089 qua[n]quam
1543 1041 1791 1090 permittere

215 1098 264 1131 vt
299 1095 439 1143 quiuis
474 1107 647 1144 syncere
687 1095 909 1132 christiani
948 1096 1269 1133 concionatores
1309 1095 1518 1145 euangelii
1558 1094 1790 1132 nunciandi

214 1151 351 1198 gratia
373 1149 427 1187 ad
456 1149 549 1187 illos
577 1150 807 1191 accedant:
841 1151 996 1188 timent
1021 1151 1132 1188 enim
1163 1153 1332 1200 (nempe
1358 1151 1613 1199 nimisquam
1643 1154 1788 1200 tyran-

214 1205 333 1242 nicae
365 1217 465 1242 suae
501 1206 711 1242 auariciae
744 1206 913 1252 conscii)
949 1218 999 1242 ne
1035 1206 1101 1254 [si]
1136 1205 1347 1255 simplices
1378 1210 1422 1242 et
1457 1205 1574 1242 bruti
1607 1205 1679 1250 illi,
1716 1218 1791 1255 per

212 1259 501 1308 euangelicam
535 1260 782 1297 concionem
815 1264 859 1297 et
889 1260 1219 1298 christianorum
1252 1260 1471 1298 hominum
1504 1260 1790 1309 frequentiam

153 1330 194 1360 55
214 1314 317 1351 facti
339 1314 648 1364 prudentiores,
671 1315 759 1352 iure
781 1314 933 1352 deinde
954 1320 1149 1353 recusent
1166 1320 1256 1352 tam
1274 1315 1465 1353 indebita
1481 1315 1587 1353 ferre
1605 1316 1787 1364 vectiga-

214 1368 317 1406 lium
340 1370 527 1419 imperia.
571 1369 710 1407 Tanta
727 1369 919 1419 profecto
936 1371 1102 1408 miseria
1120 1371 1198 1420 piis
1215 1371 1466 1420 neutiquam
1485 1375 1550 1408 est
1567 1370 1791 1408 toleranda

214 1425 494 1462 conscientiis.
546 1424 604 1462 Te
636 1425 764 1473 igitur
794 1437 869 1474 per
899 1424 1116 1463 Christum
1148 1438 1221 1463 oro
1252 1430 1382 1474 atque
1413 1426 1588 1463 obsecro
1615 1430 1674 1470 vt,
1702 1437 1787 1462 non

214 1491 309 1516 mea
330 1483 502 1516 tantum
525 1479 598 1516 sed
620 1484 663 1516 et
685 1480 936 1517 miserorum
959 1479 1142 1523 illorum,
1161 1480 1234 1518 sed
1255 1489 1298 1518 et
1316 1481 1446 1530 ipsius
1468 1480 1625 1518 Christi
1647 1493 1788 1525 causa,

214 1538 291 1571 aut
311 1534 362 1571 de
384 1534 462 1571 hac
485 1547 527 1571 re
549 1538 638 1571 tam
662 1536 814 1572 misera
839 1535 1031 1572 nonnihil
1058 1535 1240 1572 scribere
1267 1540 1344 1573 aut
1371 1536 1426 1573 ad
1454 1535 1570 1573 illam
1596 1540 1788 1573 nostram

152 1589 608 1637 60exlio<r>tationem
642 1590 1039 1627 commendatitiam
1069 1590 1295 1640 epistolam
1327 1590 1555 1640 adiungere
1589 1590 1705 1635 velis,
1740 1595 1789 1628 vt

213 1643 387 1680 tandem
419 1645 505 1681 tuis
537 1644 736 1694 preclaris
767 1645 935 1696 scriptis
965 1645 1020 1682 ad
1051 1644 1220 1683 Suecios
1253 1644 1501 1695 Gothosque
1533 1650 1578 1683 et
1609 1645 1716 1683 alios
1747 1645 1790 1682 id

212 1711 342 1748 genus
373 1699 564 1737 homines
595 1699 770 1749 perlatis
801 1700 1032 1738 illiusmodi
1065 1701 1240 1750 tyranni
1272 1705 1315 1738 et
1345 1701 1597 1738 animicidae
1628 1701 1790 1750 pietate

212 1753 357 1803 aliqua
379 1755 486 1791 moti
506 1767 557 1791 ex
581 1758 705 1792 tanta
726 1755 888 1792 incuria
908 1756 1271 1805 expergiscantur,
1293 1768 1345 1793 ne
1373 1757 1624 1794 miserorum
1653 1755 1788 1805 Lapo-

213 1820 316 1845 num
351 1809 518 1847 animae
551 1809 781 1847 eorundem
818 1810 944 1860 culpa
983 1814 1073 1848 tam
1114 1810 1376 1860 negligenter
1415 1814 1603 1860 pereant.
1665 1810 1716 1848 Id
1756 1811 1790 1847 si

151 1872 192 1909 65
212 1863 371 1908 feceris,
395 1876 482 1901 rem
504 1864 696 1914 profecto
717 1869 760 1902 et
781 1864 950 1903 Christo
971 1870 1014 1902 et
1036 1866 1118 1903 toti
1140 1866 1374 1903 christiano
1390 1866 1481 1903 orbi
1503 1866 1788 1915 gratissimam

212 1917 370 1963 feceris,
392 1923 436 1956 et
458 1919 535 1956 tibi
558 1919 727 1957 laudem
750 1920 846 1957 inde
867 1933 953 1957 non
975 1920 1186 1958 modicam
1208 1922 1438 1970 paraueriS.

268 1972 325 2010 Vt
360 1975 439 2011 mei
476 1974 731 2012 discedentis
771 1975 1026 2012 nonnullum
1066 1975 1145 2012 tibi
1187 1975 1424 2025 relinquam
1464 1988 1788 2025 mnemosynon,

213 2028 341 2065 mitto
372 2029 450 2066 tibi
481 2029 592 2066 dono
623 2042 697 2079 per
727 2042 879 2067 manus
910 2030 1074 2067 Erasmi
1104 2029 1246 2068 Scheti
1278 2031 1582 2068 munusculum
1608 2043 1685 2081 pro
1714 2035 1790 2068 tua

212 2082 421 2131 dignitate
448 2085 551 2121 satis
580 2089 718 2126 tenue,
742 2098 894 2135 nempe
919 2089 1168 2134 argenteum
1196 2086 1398 2135 poculum
1424 2087 1682 2131 inauratum,
1706 2098 1791 2135 quo

152 2153 193 2184 70
213 2138 246 2174 si
277 2138 450 2186 quando
481 2139 559 2176 tibi
591 2140 799 2177 vtendum
831 2141 924 2184 erit,
956 2141 1110 2189 integri
1141 2141 1266 2178 huius
1297 2142 1360 2178 tui
1385 2142 1510 2178 amici
1535 2141 1787 2178 memineris

212 2192 302 2241 Ego
324 2193 508 2242 quidem,
532 2194 774 2244 vbicunque
797 2207 862 2232 me
884 2195 972 2232 fore
995 2196 1234 2245 contigerit,
1253 2209 1330 2245 par
1346 2196 1438 2245 pari
1456 2195 1648 2241 referam,
1667 2195 1708 2233 id
1725 2201 1790 2233 est

212 2259 377 2297 semper
402 2249 465 2285 tui
490 2250 745 2295 meminero3
778 2254 826 2287 tu
856 2263 957 2287 vero
984 2250 1062 2287 hoc
1090 2255 1285 2288 nostrum
1312 2251 1609 2300 qualecunque
1636 2263 1787 2288 munu-

212 2302 374 2339 sculum
397 2304 522 2352 aequi
546 2304 730 2353 bonique
751 2304 894 2342 facito.
946 2304 1069 2351 Quod
1097 2318 1193 2343 cum
1222 2307 1286 2342 tui
1314 2310 1426 2343 certe
1453 2318 1539 2343 non
1561 2307 1616 2343 sit
1638 2318 1786 2356 capax,

212 2358 354 2407 accipe
376 2362 524 2407 pectus
545 2360 669 2396 amici
692 2359 816 2396 huius
838 2361 901 2397 tui
924 2372 1023 2397 sane
1044 2373 1143 2409 erga
1163 2365 1207 2398 te
1231 2365 1442 2410 apertum,
1465 2361 1589 2398 amici
1610 2361 1786 2410 inquam

151 2428 191 2458 75
212 2413 275 2448 tui
297 2424 422 2460 quem
446 2425 578 2462 Vsque
600 2414 653 2450 ad
675 2414 828 2452 vltiina
849 2419 997 2452 nostra
1022 2416 1202 2464 suspiria
1229 2416 1271 2452 in
1300 2420 1376 2453 tua
1401 2416 1589 2453 amicitia
1618 2415 1787 2452 firmum

211 2479 412 2504 lnuenleS.

211 2586 226 2612 t
254 2539 418 2612 ffss'fffsff
445 2540 709 2581 accepicndum
726 2541 808 2572 MS.
930 2551 983 2580 51.
1010 2541 1095 2572 EE:
1122 2543 1397 2573 concionateres
1414 2542 1498 2573 MS.
1618 2545 1672 2581 65.
1699 2542 1785 2573 EE:

230 2593 250 2612 o
272 2593 293 2613 o
355 2598 361 2611 A
386 2607 391 2612 .

255 2674 307 2710 36.
334 2671 530 2712 Zieglerus]
549 2672 614 2702 See
631 2673 700 2713 Ep.
725 2675 808 2703 1260
826 2673 960 2704 introd.
1030 2673 1137 2703 made
1155 2673 1204 2713 by
1224 2673 1266 2703 G.
1290 2672 1477 2713 Cognatus
1502 2682 1542 2703 10
1563 2673 1666 2713 April
1690 2681 1784 2713 1534,

212 2715 254 2745 In
277 2724 356 2754 1532
376 2715 415 2745 P.
435 2716 618 2746 Schoefier
631 2717 778 2756 printed
791 2721 830 2747 at
844 2717 960 2748 Stras-
1029 2727 1090 2747 as:
1140 2717 1252 2747 Aliud
1273 2717 1489 2757 <poc-ulum>
1511 2727 1594 2747 curn
1612 2717 1785 2757 operculo

210 2759 328 2799 bourg
350 2759 519 2799 Ziegler's
543 2761 644 2790 work
666 2761 874 2801 describing
898 2762 962 2792 the
1030 2765 1155 2792 totum
1179 2761 1404 2796 inauratum,
1431 2761 1570 2791 donum
1595 2761 1785 2791 clarissimi

211 2803 310 2843 Holy
342 2803 465 2833 Lands
496 2803 570 2833 and
598 2804 662 2834 the
691 2804 962 2835 Scandinavian
1030 2804 1099 2835 viri
1120 2805 1163 2835 D.
1188 2805 1359 2835 Damiani
1383 2814 1405 2834 a
1428 2804 1556 2841 Choes,
1581 2804 1784 2835 Lusitani'.

210 2847 407 2882 countries
434 2857 456 2877 a
479 2848 617 2878 section
642 2848 679 2878 of
704 2849 822 2878 which
847 2849 876 2879 is
901 2849 960 2879 de
1031 2849 1187 2889 Against
1215 2849 1278 2879 the
1307 2854 1416 2888 entry
1448 2849 1624 2879 Erasmus
1656 2853 1784 2879 notes:

211 2890 323 2921 voted
341 2894 379 2921 to
420 2890 602 2921 Schondia
614 2891 635 2922 .
1054 2892 1210 2923 Vendidi
1250 2892 1493 2923 Amerbachio
1543 2892 1623 2929 (See
1656 2892 1783 2932 Major,

254 2937 307 2971 69.
335 2935 521 2974 poculum]
543 2935 630 2965 This
654 2946 812 2976 appears
836 2936 873 2966 in
898 2937 961 2967 the
1030 2946 1067 2976 p.
1086 2937 1154 2976 41).

211 2979 408 3018 inventory
435 2979 472 3009 of
504 2978 691 3010 Erasmus'
721 2981 960 3020 possessions,
