1966 3379
127 113 248 160 2715]
580 108 740 147 FROM
770 106 1002 146 GEORGE
1033 108 1254 146 WITZEL
1639 110 1690 146 95

125 215 395 265 potissimum
435 214 573 263 gratia
608 213 662 250 ad
702 216 745 250 te
785 212 1057 250 scribendum
1093 213 1258 261 putaui,
1295 216 1344 249 vt
1380 213 1451 261 qui
1488 213 1530 249 in
1566 213 1690 250 huius

125 270 442 319 prouectionem
479 268 593 306 omni
634 280 737 305 cura
776 267 1009 304 incumbas.
1070 266 1209 312 Vides,
1250 279 1358 316 quae
1398 267 1453 303 sit
1491 267 1690 304 ecclesiae

124 324 265 369 facies,
288 323 406 360 vides
427 323 529 372 quid
551 326 702 360 contra
724 321 832 358 hanc
854 322 1041 358 intentet
1068 320 1200 358 Satan
1230 321 1376 358 hostis.
1437 321 1543 358 Erat
1575 321 1688 363 11300,

124 382 356 427 antequam
377 381 590 415 sectarum
612 376 789 426 perfidia
810 379 1085 426 premeretur,
1108 376 1173 412 sui
1193 375 1420 413 dissimilis.
1481 375 1604 413 Nunc
1626 378 1690 413 sui

124 432 383 470 dissimillior
403 436 480 477 est,
504 436 547 469 et
568 431 674 469 adeo
695 443 779 468 non
801 430 952 468 effecta
979 431 1125 479 purior
1152 434 1201 467 vt
1228 430 1461 479 aliquando
1486 431 1691 480 impurior
1711 447 1752 476 40

124 488 254 525 etiam
286 486 420 524 videri
450 490 592 535 queat,
620 498 705 523 non
731 486 820 522 sine
849 486 1035 522 maximo
1064 484 1275 533 religionis
1304 485 1520 522 dedecore.
1580 485 1690 522 Nam

123 542 190 580 dic
222 541 338 586 mihi,
370 553 443 590 per
473 540 689 578 Christum
720 539 1018 583 immortalem,
1050 539 1153 588 quid
1183 539 1319 576 vllubi
1352 540 1581 576 correctius
1612 544 1690 585 est,

123 596 226 645 quid
241 597 430 633 sanctius
444 600 521 632 aut
533 595 780 632 laudatius?
830 595 923 632 Imo
936 598 1169 643 coeperunt
1183 607 1294 631 nunc
1309 593 1508 631 ecclesiae
1523 606 1691 643 quoque

124 650 395 688 incommoda
424 649 653 698 sordesque
683 649 878 690 defendi:
911 653 1083 691 tantum
1115 648 1238 686 abest
1265 652 1313 686 vt
1342 661 1429 685 rem
1458 648 1512 686 ad
1541 649 1691 686 melius

123 708 414 755 spectaturam
436 717 530 754 spes
552 704 714 753 reliqua
735 704 803 741 sit.
864 703 914 740 Id
936 703 1050 752 quod
1072 703 1223 741 odione
1249 707 1462 741 sectarum
1485 716 1539 740 an
1561 705 1689 740 03001-
1711 719 1751 749 45

123 764 213 797 tate
235 772 287 797 an
311 759 586 809 simplicitate
607 759 769 796 faciant
786 758 1015 795 miserandi
1036 758 1240 803 homines,
1263 757 1378 795 haud
1399 759 1503 795 satis
1524 771 1690 795 mecum

123 814 369 852 deliberaui.
430 813 493 851 Tu
512 813 596 851 tale
615 814 774 851 nescire
791 825 875 850 non
892 817 1026 862 potes,
1044 813 1200 862 quippe
1217 813 1283 850 cui
1300 826 1395 850 01110
1414 813 1506 849 istis
1520 813 1690 850 assidua

124 873 254 918 atque
274 868 373 906 felix
394 867 511 906 lucta
531 872 608 906 est.
669 868 814 905 Mirari
835 881 923 917 ego,
946 867 1018 904 sed
1044 867 1183 905 dolere
1206 868 1339 917 magis
1362 867 1486 912 soleo,
1509 869 1690 905 existere

124 923 387 961 Christianos
422 924 494 972 qui
526 922 900 960 Christianismum
933 922 1148 971 pollutum
1182 935 1310 971 quam
1341 926 1508 959 castum
1539 927 1582 959 et
1611 922 1690 959 sibi

124 991 252 1028 quam
283 977 452 1015 Christo
481 977 682 1015 idoneum
712 990 802 1014 esse
830 976 997 1014 malint.
1041 976 1131 1014 Hos
1160 976 1296 1014 dicere
1318 976 1538 1026 theologos
1560 978 1689 1014 etiam
1711 992 1752 1021 50

124 1036 253 1082 atque
275 1032 380 1070 adeo
402 1031 700 1082 monosophos,
723 1032 874 1069 horum
896 1031 1052 1069 iudicio
1073 1031 1236 1069 deferre
1259 1032 1414 1076 omnia,
1438 1031 1514 1069 hos
1543 1032 1690 1069 audire

124 1087 340 1125 duntaxat
367 1091 411 1124 et
432 1091 604 1124 tantum
627 1099 713 1124 non
735 1087 856 1136 proni
878 1086 1055 1124 adorare
1077 1087 1278 1135 cogimur.
1330 1085 1364 1124 O
1386 1087 1584 1124 miseram
1605 1099 1690 1124 non

124 1142 251 1179 modo
272 1141 484 1191 religionis
505 1141 794 1179 conditionem
817 1141 888 1178 sed
910 1145 953 1178 et
974 1142 1253 1178 miserrimam
1271 1142 1277 1178 l

179 1196 404 1234 Caeterum
427 1196 535 1233 hanc
557 1196 778 1245 deplorare
800 1196 906 1233 alias
927 1195 1110 1233 fortasse
1139 1196 1377 1233 conueniet.
1420 1195 1483 1233 Tu
1506 1197 1689 1233 extimu-

124 1251 277 1288 landus
300 1250 403 1288 mihi
424 1250 594 1295 videris,
613 1251 801 1295 Erasme‚
819 1263 870 1288 ne
896 1263 1032 1288 cesses
1053 1263 1176 1300 agere
1197 1250 1311 1299 quod
1334 1251 1434 1300 agis.
1480 1251 1690 1300 Repugna
1710 1266 1750 1296 55

124 1310 305 1355 vtraque
323 1318 465 1351 manu,
480 1307 628 1343 resiste
646 1310 828 1354 vtroque
846 1305 952 1354 pede
968 1309 1058 1343 tam
1077 1305 1358 1343 schismaticis
1375 1318 1505 1354 quam
1529 1305 1688 1355 sophis-

124 1361 218 1398 ticis
243 1361 495 1398 commentis
513 1361 519 1397 !
558 1360 706 1409 Pugna
728 1373 805 1410 pro
827 1359 1094 1405 orthodoxia,
1118 1364 1186 1398 sta
1207 1373 1284 1410 pro
1298 1361 1433 1397 veteri
1451 1360 1687 1410 theologia!

124 1415 334 1464 Vtrinque
351 1415 578 1459 infestaris,
591 1416 695 1452 scio:
720 1419 767 1452 tu
778 1414 1167 1464 vtrinqueluctare,
1179 1415 1381 1464 vtrinque
1399 1415 1539 1459 caede,
1553 1416 1688 1452 vtrin·

124 1482 205 1519 que
225 1469 333 1507 refer
355 1469 573 1519 trophaea.
606 1469 721 1507 Illud
742 1469 857 1519 quod
879 1469 1065 1507 medium
1087 1474 1153 1507 est
1173 1474 1302 1519 atque
1324 1471 1437 1507 inter
1458 1474 1690 1519 vtrumque

124 1525 343 1574 probatur,
365 1524 618 1574 praehende,
641 1537 688 1562 30
709 1524 992 1574 praehensum
1014 1528 1145 1562 tuere.
1197 1524 1447 1574 Degrauant
1469 1525 1689 1562 0001031310
1710 1532 1752 1561 60

124 1579 344 1625 factiones3
363 1579 435 1617 sed
446 1580 538 1629 pari
549 1579 718 1624 damno,
731 1579 1009 1617 diuersalicet
1019 1580 1195 1624 ratione,
1208 1579 1399 1617 afficiunt
1409 1579 1587 1617 eandem
1600 1579 1692 1617 bar-

124 1634 251 1671 barae
269 1634 449 1672 scholae.
493 1633 598 1671 Illae
620 1634 882 1671 subuertunt
899 1635 1053 1679 omnia,
1072 1633 1150 1672 hae
1167 1638 1424 1672 conseruata
1445 1634 1689 1672 defoedant.

124 1688 228 1726 Illae
250 1702 326 1726 sua
348 1689 559 1738 ingerunt,
582 1688 660 1726 hae
683 1701 760 1726 sua
780 1701 864 1726 non
886 1689 1102 1726 deserunt.
1139 1689 1244 1727 Illae
1266 1690 1447 1739 cupiunt
1468 1689 1613 1727 orbem
1636 1689 1691 1726 ad

124 1745 351 1793 strepitum
369 1756 491 1781 suum
510 1743 717 1789 saltitare,
736 1743 815 1781 hae
832 1743 1070 1781 itentidem.
1102 1743 1257 1781 Neutri
1277 1747 1438 1781 rectam
1461 1748 1691 1793 capessunt

123 1799 250 1843 viam,
270 1798 450 1835 ambitio
475 1799 765 1847 regnandique
786 1798 918 1836 libido
935 1798 1176 1847 vtrobique.
1218 1798 1380 1836 Volunt
1402 1799 1615 1841 haeretici,
1639 1811 1690 1836 00
1710 1807 1751 1842 65

124 1852 226 1902 quid
244 1853 395 1891 horum
414 1857 633 1890 remaneat
650 1854 863 1902 integrum
881 1866 989 1902 quae
1008 1857 1108 1890 sunt
1126 1854 1168 1890 in
1189 1853 1364 1890 ecclesia
1381 1868 1388 1895 2
1421 1853 1575 1891 volunt
1596 1852 1689 1891 Sor-

125 1907 340 1953 bonici‚ne
351 1908 453 1957 quid
468 1908 661 1945 tollatur.
694 1907 829 1945 Nemo
846 1908 976 1957 igitur
989 1909 1130 1957 aptior
1148 1907 1390 1953 Palaemon,
1402 1921 1526 1946 nemo
1540 1909 1691 1945 iustior

123 1963 381 2012 areopagita,
396 1975 520 2000 nemo
534 1963 820 2012 incorruptior
830 1962 1119 2012 Amphyction
1131 1966 1185 2007 te,
1197 1963 1340 2000 diuine
1354 1964 1429 2000 vir.
1454 1962 1587 2000 Omne
1599 1976 1689 2013 per-

123 2017 298 2066 fugium,
317 2017 430 2066 quod
447 2018 606 2055 attinet
622 2017 675 2055 ad
693 2017 921 2062 hominem,
940 2018 982 2054 in
1000 2021 1041 2055 te
1058 2021 1123 2055 est
1140 2032 1146 2062 ;
1173 2017 1227 2055 3(1
1245 2022 1286 2055 te
1305 2018 1415 2055 redit
1432 2018 1483 2055 de
1500 2019 1691 2067 vtrisque

123 2072 318 2121 cognitio.
378 2072 488 2109 Nam
510 2085 634 2110 nemo
656 2073 698 2109 in
720 2072 893 2122 Europa
914 2073 1036 2118 viuit,
1058 2072 1131 2122 qui
1154 2085 1240 2110 rem
1264 2072 1361 2110 fidei
1383 2078 1424 2110 te
1446 2073 1512 2110 vel
1535 2073 1692 2110 rectius
1712 2088 1752 2118 70

125 2126 335 2176 intelligat
363 2126 505 2174 (absis,
532 2127 743 2174 Inuidial)
773 2127 840 2164 vel
869 2127 1035 2164 fidelius
1064 2128 1105 2164 in
1133 2140 1182 2165 ea
1210 2127 1357 2177 vigilet
1385 2127 1452 2165 vel
1475 2128 1692 2165 saeuerius

123 2181 350 2231 expendat,
385 2181 451 2218 vel
484 2182 633 2219 melius
665 2183 794 2219 etiam
829 2183 976 2232 possit.
1036 2181 1079 2219 Si
1111 2183 1237 2219 sectis
1270 2195 1355 2220 non
1387 2183 1473 2219 itur
1504 2182 1689 2227 obuiam,

124 2236 348 2285 periimus;
381 2237 415 2273 si
437 2236 605 2273 scholae
628 2237 809 2274 infrenes
837 2249 926 2274 esse
952 2241 1140 2286 pergent,
1163 2241 1308 2274 actum
1334 2241 1397 2274 est
1420 2237 1471 2274 de
1493 2237 1691 2275 ecclesiae

124 2290 496 2340 redintegratione.
556 2290 896 2329 Christianorum
928 2291 1081 2341 vulgus
1112 2292 1412 2329 miserabiliter
1442 2292 1690 2341 perplexum

124 2358 236 2382 nunc
260 2345 340 2382 huc
362 2358 474 2383 nunc
497 2345 594 2383 illuc
615 2347 805 2383 animum
827 2346 994 2384 diuidit.
1055 2346 1267 2384 Ecclesiae
1296 2346 1410 2384 mala
1435 2348 1619 2396 primum
1649 2347 1691 2383 in
1712 2362 1750 2392 75

124 2413 253 2437 031133
282 2399 398 2437 fuere
428 2413 502 2437 cur
532 2413 620 2438 sese
651 2400 841 2438 homines
872 2402 998 2438 sectis
1029 2401 1244 2445 dederent,
1276 2406 1323 2438 vt
1356 2402 1404 2438 iis
1435 2414 1543 2450 quae
1576 2401 1689 2438 vide-

124 2454 284 2492 bantur
304 2454 586 2492 Christianius
607 2460 763 2493 cuncta
784 2456 1177 2494 administraturae.
1237 2455 1295 2493 At
1321 2469 1432 2493 nunc
1456 2456 1527 2493 vbi
1549 2457 1691 2505 erupit

125 2508 273 2546 harum
296 2509 411 2554 tabo,
435 2510 645 2559 incipiunt
666 2523 812 2559 sapere
840 2514 883 2547 et
912 2511 953 2547 in
983 2506 1105 2548 biuio‘
1126 2511 1310 2553 haerere,
1340 2512 1490 2548 incerti
1518 2511 1619 2559 quid
1650 2512 1690 2547 in

124 2568 342 2612 posterum
373 2569 449 2601 aut
480 2565 658 2602 credant
685 2570 761 2602 aut
791 2564 965 2603 faciant.
1025 2565 1174 2603 Sectae
1205 2565 1433 2615 displicent
1463 2565 1517 2602 ob
1549 2565 1688 2617 multi-

125 2617 272 2667 plicia:
316 2622 362 2656 at
401 2619 620 2657 ecclesiam
661 2624 862 2669 repetere,
903 2633 1032 2669 graue
1073 2620 1151 2657 sibi
1190 2624 1349 2670 putant
1389 2620 1442 2657 ob
1483 2620 1687 2668 multipli-
1711 2628 1750 2656 So

124 2673 198 2710 cia.
253 2673 497 2711 Abhorrent
519 2687 543 2711 a
564 2678 631 2711 tot
653 2675 1043 2724 superstitionibus,
1071 2675 1226 2712 ritibus
1251 2679 1327 2712 aut
1356 2675 1516 2712 rituum
1546 2675 1689 2723 potius

124 2727 339 2773 abusibus,
365 2728 516 2765 deinde
545 2742 570 2766 a
597 2729 810 2766 cathedris
840 2742 923 2766 non
952 2730 1185 2779 depuratiS,
1214 2734 1431 2779 postremo
1459 2742 1482 2766 a
1511 2729 1689 2765 nimium

168 2841 219 2870 40.
246 2832 445 2871 aliquando
467 2832 558 2862 WE:
585 2833 777 2873 aliquanto
794 2833 877 2863 MS.
999 2842 1051 2871 50.
1079 2844 1157 2864 0330
1175 2833 1255 2864 add.
1282 2833 1363 2863 WE.
1383 2833 1495 2863 etiam
1514 2843 1580 2863 0771.
1608 2832 1688 2861 Wbl.

125 2883 177 2912 55.
204 2875 353 2905 Erasme
371 2885 436 2906 om.
462 2876 543 2906 WE.
693 2880 747 2907 61.
774 2877 952 2907 barbarae
971 2878 1051 2908 add.
1077 2878 1157 2907 WE.
1325 2880 1378 2915 (34.
1406 2877 1571 2906 3311111110
1598 2876 1687 2905 11Ἰ·,’;

124 2918 229 2948 salire
249 2919 328 2948 MS.
431 2920 557 2950 itidem
582 2919 663 2950 WE.
771 2923 822 2950 68.
850 2921 974 2951 diuino
992 2922 1046 2951 vir
1070 2921 1162 2951 H'la':
1193 2921 1341 2950 Ernsuw
1362 2920 1440 2949 MS.
1536 2930 1586 2958 70.
1615 2930 1688 2948 10111

126 2962 215 2991 MS:
242 2973 298 2992 res
322 2963 402 2993 WE.
539 2966 592 3002 70.
619 2964 785 2994 1101111003
806 2965 886 2995 add.
912 2965 993 2995 WE.
1130 2966 1182 2995 82.
1210 2974 1282 2995 11011
1308 2964 1396 2994 Wlf:
1424 2963 1587 2993 1100111110
1607 2963 1688 2992 ΜΝ.
