1966 3379
125 138 246 185 2659]
598 133 756 172 FROM
788 133 1018 172 THOMAS
1050 132 1211 171 MORE
1638 134 1688 171 33

123 240 237 277 aliud
268 239 436 276 interim
468 238 642 276 tandem
674 242 764 276 tam
799 238 944 275 irritus
978 250 1107 286 quam
1141 237 1360 287 improbus
1395 237 1516 276 labor
1549 239 1687 276 effecit
1708 245 1750 274 60

123 307 251 344 quam
283 298 332 330 vt
364 306 514 330 saxum
548 305 712 342 semper
742 293 785 330 in
815 293 1003 342 ipsorum
1024 296 1166 342 *caput
1198 291 1415 337 recideret,
1447 297 1495 330 tu
1526 306 1690 343 semper

123 349 250 386 altior
271 352 314 385 et
335 347 557 385 sublimior
577 347 779 385 euaderes
794 350 808 384 ‘L‘
867 347 976 383 Nam
1000 347 1033 383 si
1055 346 1157 395 quid
1179 347 1394 384 interdum
1417 347 1593 396 aliquos,
1617 349 1689 397 qui

122 415 256 452 neque
278 402 378 439 mali
398 406 500 439 sunt
513 414 588 439 nec
606 402 778 446 indocti,
793 405 1074 446 commoueat,
1090 402 1131 438 in
1153 413 1238 449 quo
1259 400 1440 438 fortasse
1462 402 1690 439 tractando

123 457 246 495 aliter
273 457 349 494 abs
378 460 420 493 te
448 460 733 506 temperatum
763 456 862 493 stilo
890 455 1138 500 voluissent,
1168 455 1271 504 quid
1302 468 1480 504 magnae
1509 457 1566 493 rei
1595 460 1688 494 est?

121 524 253 561 quum
275 511 317 548 id
338 523 423 548 non
445 511 571 548 modo
592 510 698 547 nulli
724 522 913 559 vnquam
942 510 1136 559 scriptori
1165 522 1249 547 non
1277 510 1490 555 acciderit,
1513 510 1585 548 sed
1613 524 1688 548 nee
1708 517 1748 554 65

121 567 200 616 ipsi
231 565 414 614 quidem,
446 564 548 602 dum
579 568 778 602 notarent
812 569 899 609 tua,
934 565 990 601 sic
1023 565 1243 614 potuerint
1275 569 1419 602 tamen
1454 569 1689 615 temperare

122 620 201 657 sibi
222 624 271 657 vt
291 632 375 657 non
398 619 508 657 idem
532 620 626 656 vit-ii
646 624 689 657 et
712 619 920 656 illustrius
942 631 1071 668 quam
1094 622 1143 656 vt
1163 632 1214 655 ex
1232 619 1420 668 ipsorum
1440 619 1598 657 honore
1621 621 1688 665 sit,

121 679 164 712 et
185 674 449 723 frequentius
467 687 595 723 quam
617 687 693 724 pro
714 673 846 711 libelli
864 674 1067 722 cuiusque
1084 673 1223 718 modo,
1241 675 1478 723 contigerit.
1534 673 1626 720 Qua
1647 675 1689 712 in

122 742 163 766 re
185 734 308 766 tanto
325 728 536 766 difficilius
553 729 721 766 veniam
739 732 958 766 merentur
973 728 1047 772 illi,
1065 728 1179 777 quod
1196 729 1388 777 ignorare
1406 741 1491 766 non
1508 733 1690 778 possunt

121 796 250 833 quam
281 784 460 832 ingenue
490 783 638 820 fateris
669 785 756 833 ipse
787 783 997 831 quaedam
1029 786 1070 820 te
1103 786 1308 819 tractasse
1340 784 1410 828 sic,
1440 785 1688 833 priusquam
1710 796 1750 826 70

122 838 312 875 haereses
343 838 449 875 istae
480 838 727 887 pestilentes
758 838 982 882 orirentur,
1006 849 1113 886 quae
1144 838 1227 874 iam
1259 838 1416 886 passim
1447 842 1689 887 grassantes

120 892 385 942 pessundant
406 893 561 937 omnia,
584 896 631 929 vt
655 893 687 929 si
715 891 906 929 diuinare
934 892 1145 941 potuisses
1173 891 1281 928 tales
1307 892 1520 941 religionis
1546 892 1690 930 hostes

121 960 168 985 ac
192 947 430 997 proditores
451 947 683 996 aliquando
705 946 949 996 prodituros
970 959 1072 991 esse,
1094 946 1241 983 mitius
1263 959 1310 984 ac
1337 947 1515 984 dilutius
1542 947 1689 985 eadem

120 1002 248 1039 fueris
288 1002 607 1051 propositurus:
653 1014 761 1050 quae
801 1005 849 1038 vt
889 1005 982 1038 tum
1022 1013 1275 1050 proponeres
1314 1001 1479 1046 fortius,
1521 1002 1690 1039 diuersa

120 1055 387 1105 quorundam
416 1057 533 1101 vitia,
557 1069 665 1106 quae
692 1068 768 1105 pro
795 1056 1031 1093 virtutibus
1058 1055 1441 1105 amplectebantur,
1463 1057 1688 1094 extimula-
1710 1069 1749 1099 75

123 1111 239 1148 bant.
299 1109 431 1156 Quem
460 1112 651 1148 animum
680 1111 752 1159 qui
780 1110 884 1147 velit
913 1110 991 1147 tibi
1020 1110 1128 1147 vitio
1156 1114 1332 1155 vertere,
1356 1111 1389 1148 is
1419 1111 1533 1148 haud
1561 1111 1689 1149 dubie

121 1165 294 1203 sudabit
312 1166 426 1210 satis,
444 1166 691 1214 priusquam
710 1165 815 1202 satis
832 1165 1022 1202 inueniat
1039 1178 1124 1213 qua
1142 1165 1305 1202 ratione
1322 1167 1456 1215 possit
1474 1167 1687 1203 sanctissi-

121 1233 237 1257 mum
270 1232 480 1269 quemque
513 1233 564 1257 ex
597 1220 786 1269 antiquis
817 1219 1014 1257 ecclesiae
1046 1219 1292 1257 doctoribus
1322 1233 1547 1258 excusare:
1583 1233 1690 1270 quos

120 1288 195 1324 ego
227 1279 339 1312 certe
372 1287 456 1312 non
490 1274 654 1319 dubito,
686 1275 720 1312 si
752 1278 945 1311 nostrum
977 1274 1054 1312 hoc
1086 1274 1274 1311 seculum
1306 1275 1363 1311 sic
1395 1275 1604 1312 vidissent
1640 1279 1690 1312 vt

122 1329 321 1366 viderunt
338 1341 474 1374 suum,
489 1328 694 1366 nonnulla
711 1330 796 1366 suis
813 1341 1023 1378 quemque
1040 1329 1305 1378 temporibus
1319 1329 1448 1367 fuisse
1462 1334 1505 1367 et
1522 1331 1690 1367 cautius
1709 1334 1750 1363 80

121 1388 163 1421 et
194 1383 466 1433 explanatius
499 1387 795 1421 enarraturos:
833 1383 947 1432 quod
978 1384 1078 1432 quia
1108 1396 1191 1420 non
1221 1383 1416 1421 fecerunt
1448 1387 1690 1434 (propterea

121 1438 234 1488 quod
256 1438 357 1476 dum
386 1438 680 1488 praesentibus
708 1438 993 1475 medebantur
1020 1438 1143 1475 malis
1171 1438 1318 1475 futura
1346 1452 1431 1476 non
1460 1439 1690 1477 veniebant

121 1494 162 1530 in
193 1496 409 1541 mentem),
441 1493 551 1530 idem
582 1493 783 1531 nimirum
816 1493 897 1530 illis
930 1493 1097 1537 accidit,
1131 1493 1244 1542 quod
1280 1494 1351 1531 isti
1387 1507 1499 1531 nunc
1532 1494 1688 1532 calum-

121 1548 295 1584 niantur
317 1548 359 1584 in
381 1552 449 1592 te3
481 1560 630 1597 nempe
659 1552 707 1585 vt
734 1552 885 1597 postea
913 1552 1222 1585 succrescentes
1250 1547 1452 1586 haeretici
1480 1549 1689 1598 quaedam

121 1615 208 1639 sese
237 1603 398 1640 iactent
425 1602 479 1639 ab
508 1602 677 1640 illorum
706 1603 874 1652 scriptis
903 1602 1112 1640 hausisse:
1145 1615 1252 1651 quae
1281 1616 1344 1639 res
1373 1603 1452 1640 tibi
1480 1617 1565 1641 non
1594 1617 1689 1641 cum
1709 1607 1750 1645 85

121 1657 397 1694 sanctissimis
419 1657 556 1695 solum
579 1657 773 1707 patribus
796 1657 888 1701 illis,
911 1661 954 1694 et
975 1657 1238 1694 orthodoxae
1263 1657 1360 1695 fidei
1388 1659 1690 1696 vetustissimis

121 1711 400 1761 praesidibus,
431 1711 504 1749 sed
539 1725 635 1749 cum
672 1712 772 1761 ipsis
805 1712 934 1749 etiam
967 1711 1185 1761 Apostolis
1217 1716 1261 1749 et
1293 1711 1578 1762 Euangelistis
1611 1718 1688 1758 est,

121 1771 249 1815 atque
285 1767 377 1816 ipso
411 1767 541 1804 etiam
577 1766 803 1804 Seruatore
843 1770 1004 1809 nostro,
1041 1767 1301 1804 communis:
1340 1771 1387 1804 vt
1422 1781 1473 1805 ex
1508 1780 1689 1817 quorum

121 1820 261 1858 verbis
286 1821 482 1866 maxime,
512 1821 596 1858 imo
617 1821 925 1871 propemodum
952 1821 1064 1866 solis,
1094 1821 1292 1859 haeretici
1318 1834 1463 1859 omnes
1488 1823 1691 1872 dogmata

121 1888 197 1913 sua
217 1875 444 1912 falsissima
464 1880 675 1913 conantur
696 1875 898 1913 stabilire.
1709 1890 1751 1918 90

176 1929 315 1967 Macte
336 1931 476 1979 igitur,
499 1931 557 1967 mi
578 1931 765 1975 Erasme,
784 1930 1019 1968 virtutibus
1041 1931 1132 1968 istis
1155 1931 1252 1976 tuis,
1270 1935 1313 1968 et
1330 1936 1515 1977 tantum,
1539 1933 1573 1969 si
1589 1932 1691 1981 quid

120 1984 334 2022 interdum
365 1985 463 2022 boni
491 1986 742 2034 cuiusquam
770 1986 850 2022 viri
878 1986 1050 2022 anxiam
1078 1985 1404 2031 solicitudinem,
1433 1987 1499 2024 Vel
1531 1987 1690 2036 absque

121 2039 225 2076 satis
246 2039 395 2089 grandi
417 2052 556 2085 causa,
579 2044 860 2085 commoueat,
884 2053 934 2077 ne
957 2044 998 2077 te
1024 2041 1167 2089 pigeat
1189 2044 1333 2078 tamen
1355 2041 1410 2078 ad
1432 2042 1522 2091 pios
1544 2054 1688 2079 eorum

120 2093 298 2131 affectus
328 2094 537 2143 quaedam
566 2099 863 2144 attemperare.
924 2094 1124 2143 Alioquin
1153 2095 1354 2145 neglectis
1382 2096 1690 2134 maleuolorum

121 2148 360 2193 latratibus,
383 2161 507 2198 perge
529 2149 721 2198 placidus
749 2149 947 2186 iuuandis
976 2149 1128 2186 studiis
1156 2154 1199 2187 et
1227 2151 1528 2199 promouendis
1557 2152 1689 2188 virtu·
1710 2164 1750 2194 95

120 2203 235 2240 tibus
257 2203 361 2240 nihil
384 2207 623 2241 remoratus
643 2204 848 2241 insistere.

174 2257 237 2295 De
259 2257 330 2294 illo
357 2270 481 2307 quem
510 2258 613 2295 mihi
640 2259 861 2296 literarum
889 2259 1040 2307 gratia,
1064 2271 1148 2296 non
1175 2260 1304 2297 etiam
1334 2260 1557 2310 religionis,
1579 2273 1689 2298 com-

121 2312 401 2350 mendaueras
432 2325 636 2362 perquam
663 2315 967 2363 circumspecte
998 2326 1098 2351 sane
1129 2327 1177 2351 ac
1208 2314 1400 2360 ciuiliter,
1430 2328 1503 2365 per
1532 2316 1691 2353 amicos

120 2366 327 2416 quosdam
356 2367 601 2405 admonitus
630 2380 723 2405 sum
752 2373 800 2405 vt
828 2381 1003 2406 caueam
1032 2381 1083 2406 ne
1115 2368 1217 2406 mihi
1248 2369 1491 2407 sublinatur
1522 2383 1579 2407 os.
1641 2370 1691 2407 Id

120 2421 312 2471 profecto
332 2422 474 2471 quoad
494 2422 583 2459 fieri
604 2435 678 2472 per
698 2436 764 2460 me
785 2423 956 2473 poterit,
978 2423 1212 2461 curabitur.
1255 2423 1401 2473 Neque
1417 2425 1528 2462 enim
1552 2426 1692 2462 nescio
1714 2439 1774 2460 100

119 2480 328 2525 quantum
356 2477 412 2514 sit
438 2477 625 2526 periculi,
649 2490 781 2515 nouas
809 2478 913 2515 istas
939 2491 1129 2516 errorum
1156 2482 1293 2516 sectas
1321 2479 1561 2524 admittere,
1584 2492 1692 2529 quae

121 2532 294 2568 tametsi
325 2531 472 2569 sedulo
500 2544 664 2582 semper
691 2532 896 2570 hactenus
923 2532 1039 2582 apud
1065 2546 1142 2570 nos
1169 2537 1213 2570 et
1242 2533 1491 2571 Praesulum
1520 2547 1621 2571 cura
1648 2539 1691 2570 et

122 2585 328 2635 Principis
362 2587 596 2623 autoritate
626 2587 922 2632 cohibeantur,
956 2588 1111 2624 mirum
1149 2592 1293 2625 tamen
1322 2589 1477 2637 quibus
1505 2589 1689 2638 primum

122 2639 285 2682 technis
302 2640 495 2690 irrepere,
511 2641 662 2679 deinde
679 2645 843 2690 quanta
857 2654 951 2679 cum
970 2643 1207 2691 peruicacia
1225 2643 1424 2680 nituntur
1440 2644 1688 2692 irrumpere:

121 2706 255 2743 neque
276 2699 444 2732 cessant
465 2708 572 2733 vnus
593 2700 637 2733 et
658 2696 767 2734 alter
789 2709 810 2733 e
833 2697 1002 2742 nostris,
1026 2697 1135 2734 male
1161 2697 1366 2734 vertendo
1394 2699 1626 2747 scripturas
1648 2702 1687 2735 ct
1714 2710 1771 2740 105

121 2748 307 2786 deterius
338 2750 672 2799 interpretando,
705 2763 827 2789 omne
857 2764 990 2800 genus
1019 2752 1236 2789 haereseos
1267 2765 1288 2789 e
1320 2752 1487 2801 Belgica
1518 2758 1617 2801 (quo
1648 2765 1689 2788 se

164 2862 217 2891 97.
244 2853 317 2891 illo]
339 2853 373 2884 S.
395 2854 598 2893 Grynaous,
617 2855 698 2885 who
716 2860 813 2886 went
832 2859 870 2886 to
940 2856 1024 2895 2878
1050 2856 1226 2886 Erasmus
1255 2856 1336 2886 tells
1363 2856 1501 2893 Viglius
1530 2856 1609 2885 that
1645 2856 1689 2885 he

122 2896 290 2936 England
303 2898 392 2927 with
406 2897 534 2928 letters
547 2899 584 2928 of
598 2899 868 2929 rccommenda·
940 2900 1155 2930 intervened
1170 2905 1208 2929 to
1222 2906 1371 2939 prevent
1387 2902 1578 2939 Grynueus
1590 2899 1687 2929 dedi-

123 2940 200 2970 tion
228 2941 321 2971 from
350 2941 525 2971 Erasmus
552 2943 588 2971 in
618 2942 741 2972 March
775 2951 867 2981 1531,
939 2944 1062 2984 cating
1081 2944 1135 2974 his·
1154 2943 1259 2974 Plato
1279 2949 1316 2974 to
1336 2944 1445 2974 More.

121 2984 168 3013 cf.
192 2983 289 3024 Epp.
309 2993 404 3024 2459,
424 2984 564 3027 2437—8,
584 2987 679 3025 2831.
730 2987 772 3016 111
799 2987 868 3027 Ep.

165 3057 285 3088 452.1o
888 3051 918 3078 D
