1966 3379
259 141 335 178 100
686 140 944 180 LETTERS
975 141 1046 180 OF
1076 141 1344 181 ERASMUS

1708 147 1829 195 [1532

175 261 235 292 135
256 246 538 296 deseriptam3
586 246 714 284 habet
759 250 803 284 et
848 247 1056 296 quosdam
1102 247 1151 285 D.
1198 247 1412 286 Ambrosii
1453 248 1584 286 libros
1623 250 1829 288 aduersus

257 301 450 346 Arianos,
473 314 580 350 quos
602 314 644 339 se
667 304 1096 347 communicaturum,
1120 304 1154 340 si
1175 302 1447 347 desiderabis,
1470 305 1679 353 promisit.

313 356 515 393 Ioannem
544 355 771 405 Georgium
799 356 1184 405 Paumgartnerum
1213 357 1387 405 dignum
1413 363 1489 395 tuo
1514 371 1657 397 amore
1685 359 1826 398 adole-

256 415 445 448 scentem
469 411 628 460 duplici
649 412 818 449 nomine
844 411 993 457 beasti,
1016 416 1059 449 et
1080 412 1194 461 quod
1220 413 1358 462 ipsum
1385 417 1462 450 tua
1490 413 1673 462 epistola
1700 414 1828 452 fueris

255 465 469 514 dignatus,
493 471 533 503 et
557 466 671 515 quod
694 467 808 516 patri
829 479 924 504 eum
951 467 1185 504 chariorem
1213 467 1458 511 reddideris,
1486 469 1828 507 commendando

173 535 235 565 ¹40
254 521 343 558 eius
375 521 417 558 in
448 521 583 558 literis
619 521 873 570 profectum.
934 522 1026 559 Hoc
1058 522 1160 558 mihi
1193 522 1314 559 crede
1347 521 1564 560 liberalius
1595 523 1827 561 educatum

254 576 469 624 ingenium
492 577 564 613 vix
587 576 701 613 aliud
725 577 911 626 reperiri,
935 589 1186 625 summaque
1207 580 1271 613 est
1294 577 1335 614 in
1358 577 1449 626 ipso
1471 578 1626 615 indolis
1645 578 1825 623 bonitas,

252 642 379 679 quam
402 631 537 680 patris
559 631 707 668 sedula
727 631 960 679 diligentia,
979 632 1351 681 praeceptorisque
1369 631 1502 669 tidelis
1522 633 1753 679 institutio,
1772 634 1826 671 ad

253 698 449 735 magnam
473 686 661 735 aliquam
684 685 847 735 frugem
870 686 1100 735 perducere
1122 686 1403 723 contendunt.
1465 687 1568 724 Mihi
1594 694 1739 725 autem
1764 688 1825 725 illi

251 752 397 777 omnes
420 753 594 790 magnas
615 742 776 791 gratias
799 746 945 789 agunt,
968 741 1081 790 quod
1105 754 1197 778 meo
1229 742 1466 790 patrocinio
1496 742 1609 791 apud
1642 747 1683 780 te
1712 743 1825 780 illius

170 808 229 838 145
251 795 506 833 desiderium
529 795 792 841 adiuuerim3
825 809 901 845 ego
922 809 1024 833 vero
1046 797 1230 833 vicissim
1259 796 1350 837 tibi,
1374 797 1447 845 qui
1475 809 1559 834 non
1586 798 1672 846 ipse
1699 798 1826 835 modo

250 862 316 887 me
336 863 468 896 amas,
492 850 565 888 sed
586 851 766 888 aliorum
788 852 917 888 etiarn
940 864 1037 900 erga
1060 863 1126 888 mc
1148 851 1490 888 beneuolentiam
1510 853 1596 888 tuis
1616 852 1825 889 beneficiis

249 906 424 943 excitas.
485 904 607 951 Quod
634 910 681 943 vt
707 910 751 943 et
776 905 913 943 facere
938 911 1146 955 perpetuo
1172 919 1320 956 pergas
1349 919 1462 956 rogo.
1523 906 1648 944 Multi
1677 912 1824 945 autem

249 964 363 1005 sunt,
387 961 458 1009 qui
481 973 547 997 me
569 960 622 998 ob
646 965 687 998 te
709 973 851 997 amare
873 961 1065 1010 eupiunt.

304 1014 385 1053 Sed
407 1015 509 1053 dum
532 1015 752 1053 considero
773 1020 959 1052 aetatem
987 1019 1279 1065 perpetuaque
1302 1020 1377 1053 tua
1411 1016 1452 1053 in
1480 1015 1614 1053 literis
1640 1017 1822 1065 negotia,

168 1082 229 1112 150
248 1082 377 1119 quam
409 1070 537 1108 multi
567 1070 621 1108 ad
653 1075 695 1107 tc
727 1070 929 1115 scribant,
959 1083 1089 1119 quam
1121 1071 1209 1121 ipse
1240 1070 1512 1108 rescribendo
1538 1070 1822 1121 distringaris,

248 1125 319 1162 vix
342 1126 430 1175 ipse
454 1126 556 1163 meis
579 1125 714 1162 literis
735 1126 859 1162 nimis
884 1124 1056 1175 prolixis
1079 1127 1261 1173 ignosce.
1313 1126 1411 1163 Duo
1433 1129 1533 1163 sunt
1556 1129 1701 1163 tamen
1720 1138 1822 1176 quo-

247 1180 399 1217 tidiani
428 1180 735 1229 domesticique
760 1180 864 1217 mihi
891 1180 1245 1230 interpellatores,
1276 1193 1458 1230 quorum
1489 1180 1632 1218 studio
1658 1181 1823 1218 dudum

246 1248 270 1272 a
292 1247 359 1272 me
386 1235 660 1273 satisfactum
683 1239 806 1281 esset,
829 1236 909 1272 nisi
937 1236 1100 1273 veritus
1126 1235 1301 1273 fuissem
1329 1248 1380 1273 ne
1406 1235 1486 1272 tibi
1508 1236 1675 1285 saepius
1698 1248 1821 1284 nego-

246 1290 355 1327 tium
383 1290 590 1328 exhibens
622 1290 750 1328 semel
782 1290 893 1328 male
924 1303 948 1327 a
977 1294 1019 1328 te
1051 1290 1256 1328 audirem.
1319 1290 1518 1338 Ignosces
1546 1295 1690 1328 tamen
1720 1290 1823 1328 mihi

211 1356 223 1362 ’
245 1344 424 1391 facilius,
448 1346 482 1382 si
504 1346 754 1395 cognoueris
774 1345 847 1394 qui
870 1346 968 1390 sint,
989 1350 1034 1382 et
1055 1357 1184 1394 quam
1207 1349 1324 1383 arcte
1346 1345 1702 1394 familiariterque
1729 1345 1823 1383 illos

244 1399 433 1449 diligam,
456 1412 671 1449 quamque
694 1401 780 1437 sint
802 1401 985 1438 nominis
1006 1401 1069 1437 tui
1092 1400 1286 1437 studiosi.
1339 1399 1418 1437 Vni
1440 1404 1564 1449 pater
1580 1404 1646 1437 est
1670 1400 1823 1438 Petrus

243 1453 557 1500 Grebouallius,
576 1454 802 1492 Flandriae
820 1454 1042 1501 Quaestor,
1059 1467 1185 1504 quem
1205 1455 1332 1504 vulgo
1351 1454 1633 1504 Receptorem
1649 1467 1821 1504 genera-

244 1508 325 1546 lem
348 1514 518 1547 vocant.
580 1510 657 1548 Est
680 1514 825 1548 autem
848 1511 1014 1548 iuuenis
1042 1522 1128 1547 non
1156 1509 1295 1547 solum
1324 1509 1479 1547 nobilis
1506 1514 1549 1547 et
1578 1509 1820 1559 opulentus,

242 1564 315 1602 sed
336 1565 467 1602 etiam
489 1565 614 1602 valde
641 1564 859 1602 studiosus
888 1569 931 1602 et
958 1565 1122 1603 doctus.
1182 1563 1361 1602 Carmen
1390 1565 1539 1614 pangit
1566 1569 1609 1602 et
1637 1564 1820 1614 elegans,

162 1623 223 1651 160
242 1623 285 1656 et
305 1619 442 1665 facile,
464 1620 725 1670 plenumque
743 1620 980 1665 sententiis,
999 1624 1047 1657 vt
1069 1621 1157 1669 ipse
1180 1624 1499 1670 praematuram
1522 1620 1563 1656 in
1585 1632 1634 1657 eo
1656 1620 1820 1669 sapien-

241 1674 346 1711 tiam
368 1674 565 1712 admirer.
628 1674 953 1725 Praeceptorem
976 1674 1129 1712 habuit
1154 1674 1333 1712 Louanii
1360 1674 1536 1712 Petrum
1559 1674 1756 1711 Amicum
1778 1679 1821 1712 et

240 1728 502 1767 Goclenium.
562 1729 760 1767 Aureliae
786 1742 882 1767 cum
904 1729 1088 1767 Beraldo
1115 1728 1344 1774 habitauit,
1374 1728 1526 1767 deinde
1554 1742 1655 1766 vero
1682 1728 1819 1766 Aleia-

240 1788 333 1821 tum
357 1797 443 1822 vna
464 1784 731 1834 Biturigibus
757 1785 938 1822 audiuit.
998 1783 1191 1833 Cumque
1219 1785 1301 1821 mei
1329 1796 1496 1833 semper
1517 1783 1642 1821 valde
1671 1796 1820 1821 amans

240 1838 382 1884 fuerit,
406 1839 487 1877 huc
510 1841 641 1877 etiam
664 1840 707 1877 in
729 1839 901 1877 Italiam
931 1843 1103 1877 secutus
1131 1843 1208 1877 est.
1269 1838 1350 1884 Qui
1379 1851 1475 1876 cum
1506 1851 1631 1888 saepe
1653 1839 1818 1888 quaesi-

206 1905 217 1909 ·
239 1894 339 1932 isset
369 1894 634 1932 occasionem
662 1907 748 1943 qua
775 1908 799 1932 a
824 1907 891 1932 me
919 1895 1184 1944 impetraret,
1206 1898 1255 1931 vt
1283 1907 1327 1931 se
1352 1894 1433 1931 tibi
1460 1893 1818 1939 commendarem,

240 1949 389 1986 incidit
421 1962 557 2000 nuper
587 1962 726 1987 sermo
756 1954 805 1987 vt
834 1949 886 1987 de
915 1949 1144 1999 iniquitate
1175 1949 1435 1986 nostratium
1468 1948 1689 1986 hominum
1720 1961 1819 1998 erga

240 2004 353 2041 viros
389 2004 585 2042 doctrina
619 2004 806 2042 celebres
842 2017 1052 2054 quererer.
1114 2003 1475 2052 Proferebamque
1507 2004 1620 2040 inter
1650 2007 1819 2041 caetera

238 2070 367 2107 quam
403 2060 559 2097 iniuste
590 2059 670 2097 tibi
701 2058 952 2097 Caesaream
979 2059 1229 2109 pensionem
1258 2057 1528 2104 Quaestores,
1561 2058 1817 2107 caeterique,

238 2114 311 2162 qui
351 2113 479 2151 rebus
514 2115 557 2151 in
598 2114 790 2152 inferiori
825 2113 1053 2151 Germania
1091 2117 1311 2164 praesunt,
1347 2112 1571 2162 denegent.
1632 2112 1713 2150 Hic
1748 2112 1818 2150 ille

238 2169 388 2206 statim
412 2168 612 2206 ‘Vtinam
636 2170 808 2218 (inquit)
832 2169 937 2206 mihi
954 2169 1153 2219 patrique
1175 2168 1278 2205 haec
1300 2167 1434 2217 gloria
1451 2172 1659 2213 seruetur,
1675 2171 1724 2204 vt
1741 2180 1818 2204 nos

238 2222 403 2261 Erasmi
424 2225 609 2273 gratiam
632 2223 711 2261 hoc
733 2224 870 2262 officio
890 2223 1014 2261 nobis
1034 2222 1355 2261 lucrifaciamus
1372 2223 1394 2260 '.
1454 2222 1603 2259 Laudo
1624 2223 1817 2260 animum

236 2282 366 2327 atque
388 2278 566 2324 dietum,
590 2278 825 2328 hortorque
847 2283 908 2324 vt,
931 2291 1028 2316 cum
1055 2273 1282 2327 tantopere
1308 2277 1473 2315 dudum
1494 2277 1550 2314 ad
1571 2281 1613 2314 te
1635 2276 1817 2314 scribere

631 2354 702 2385 147.
729 2346 871 2376 excitas
889 2345 1125 2385 scripsimus:
1152 2345 1292 2375 excites
1315 2343 1420 2374 ΓΖΕ.

158 2177 218 2208 170

1060 2431 1229 2462 Brussels
1255 2431 1329 2462 MS.
1365 2429 1475 2471 10401,
1510 2431 1555 2461 f0.
1585 2439 1636 2470 24.
1685 2429 1732 2461 Of
1760 2430 1817 2460 his

1059 2476 1183 2507 father
1200 2486 1253 2506 we
1271 2476 1380 2506 know
1398 2485 1445 2506 no
1462 2484 1562 2505 more
1580 2475 1672 2505 than
1690 2475 1720 2504 is
1736 2473 1816 2504 said

1059 2521 1156 2550 here.
1206 2520 1250 2549 In
1276 2520 1346 2559 Ep.
1368 2520 1454 2549 2810
1472 2518 1573 2558 (May
1593 2519 1689 2557 1533)
1708 2518 1814 2548 Eras-

282 2433 353 2472 138.
380 2432 551 2473 epistola]
570 2432 640 2474 Ep.
660 2434 757 2472 2683.

283 2486 355 2516 149.
383 2478 419 2507 111
459 2477 575 2510 literis
615 2477 778 2517 negotia]
816 2477 887 2507 For
926 2477 990 2508 the

235 2520 417 2561 difficulty
444 2521 482 2551 of
510 2520 656 2561 dealing
684 2521 774 2552 with
803 2521 860 2551 his
887 2521 988 2552 volu-

236 2565 381 2595 minous
394 2565 706 2605 correspondence
720 2565 766 2595 ef.
779 2565 876 2605 Epp.
892 2573 988 2603 2295.

236 2617 293 2644 2n,
313 2617 409 2648 2451.
432 2618 508 2645 1111,
528 2610 624 2639 2800.
645 2618 674 2647 5,
696 2609 791 2649 2846.
811 2609 907 2639 8—10.

282 2656 354 2690 150.
381 2652 467 2690 Vni]
530 2653 740 2684 Florentius
801 2652 989 2688 Griboval,

236 2695 254 2733 †
273 2698 367 2734 1562.
386 2696 464 2726 lord
482 2697 519 2726 of
541 2697 716 2737 Berquin,
736 2696 881 2729 Plessis,
906 2700 989 2732 etc„

235 2739 433 2770 eouncillor
455 2740 493 2770 of
516 2740 705 2771 Flanders.
754 2741 812 2771 He
831 2741 991 2770 married

235 2783 315 2813 first
339 2783 506 2814 Cornelia
530 2784 574 2814 de
600 2784 826 2815 Haemstede
850 2784 925 2814 and
949 2788 990 2814 at

235 2827 300 2857 her
316 2827 429 2858 death
448 2828 634 2858 Adrienne
651 2828 695 2858 de
713 2828 907 2868 Halewyn.
933 2828 992 2858 He

235 2881 309 2901 was
326 2872 531 2911 appointed
548 2882 569 2902 a
582 2872 747 2902 member
760 2872 797 2902 of
811 2872 875 2902 the
890 2871 990 2902 Mali-

236 2924 300 2945 nes
318 2914 542 2946 Parliarnent
558 2916 594 2945 in
612 2924 706 2955 1543.
756 2916 843 2946 Two
861 2915 991 2946 letters

235 2964 274 2989 to
286 2959 362 2989 him
374 2958 468 2989 from
480 2959 620 2999 Viglius
634 2970 695 2990 are
708 2959 869 3000 printed,
882 2959 988 2990 VZE.

235 3010 289 3041 55,
337 3003 375 3033 81
393 3014 401 3039 ;
450 3004 607 3034 another
649 3014 735 3044 may
774 3003 819 3034 be
860 3003 988 3040 found,

1059 2574 1142 2594 mus
1166 2563 1249 2594 tells
1266 2563 1407 2603 Viglius
1429 2563 1514 2593 that
1539 2562 1602 2592 the
1623 2566 1761 2592 matter
1778 2561 1816 2592 of

1059 2608 1123 2638 the
1149 2607 1317 2648 pension,
1341 2607 1426 2637 here
1448 2605 1609 2636 referred
1630 2610 1681 2642 to,
1701 2605 1730 2635 is
1752 2609 1816 2636 too

1060 2652 1268 2692 important
1283 2651 1339 2681 for
1361 2651 1480 2681 either
1493 2650 1557 2680 the
1575 2648 1758 2686 Quaestor
1775 2659 1816 2679 or

1059 2695 1116 2725 his
1128 2705 1193 2726 son
1208 2699 1247 2725 to
1261 2694 1407 2725 meddle
1419 2695 1467 2724 in.
1509 2694 1553 2723 In
1568 2693 1711 2723 aletter
1724 2692 1762 2723 of
1773 2702 1814 2732 24

1058 2739 1149 2779 July
1169 2748 1250 2778 1533
1264 2738 1446 2775 (Brussels
1470 2737 1543 2768 MS.
1565 2737 1676 2776 10401,
1694 2736 1738 2766 1⁶0.
1756 2737 1814 2774 65)

1059 2782 1200 2823 Viglius
1232 2783 1355 2812 writes
1387 2782 1471 2812 that
1508 2780 1717 2811 Florentius
1748 2780 1816 2810 has

1061 2836 1154 2867 gone
1181 2831 1220 2857 to
1245 2826 1382 2856 Rome:
1417 2825 1463 2855 cf.
1490 2825 1559 2865 Ep.
1590 2825 1687 2864 2854.
1715 2824 1812 2863 84-6.

1062 2872 1128 2901 See
1152 2870 1229 2901 also
1247 2870 1345 2910 Epp.
1365 2871 1462 2909 2767.
1481 2869 1556 2906 8—9,
1576 2877 1673 2908 2791.
1691 2876 1812 2907 39-43‚

1060 2915 1157 2952 2829.
1179 2916 1252 2944 1—6.

1106 2960 1179 2989 161.
1206 2958 1360 2989 Petrum
1400 2955 1584 2994 Amicum]
1632 2955 1697 2987 See
1741 2954 1811 2995 Ep.

1062 3011 1156 3042 1173.
1175 3011 1233 3040 9n.
