1966 3379
146 134 266 183 2682]
576 133 647 172 ΤΟ
678 131 907 171 VIGLIUS
936 131 1269 171 ZUICHEMUS
1654 134 1705 169 55

146 239 345 288 regiones.
406 237 502 275 Non
529 237 686 287 perlegi
713 241 867 282 totum,
894 240 1066 274 tantum
1095 236 1278 286 carptim
1305 235 1554 285 degustaui:
1587 239 1705 273 totus

146 306 170 330 a
199 294 338 342 capite
369 305 502 342 vsque
535 292 589 330 ad
621 291 779 329 calcem
810 295 948 329 scatet
980 290 1358 340 impudentissimis
1389 290 1632 335 mendaciis,
1663 294 1707 328 et

144 347 370 397 plusquam
390 347 558 384 furiosis
580 347 791 384 oonuitiis.
851 345 998 394 Neque
1020 345 1099 382 sibi
1120 348 1303 389 constat,
1324 357 1460 393 neque
1478 345 1706 394 quicquam
1728 359 1767 388 25

146 402 356 440 cohaeret.
400 401 592 439 Assumit
613 414 679 438 me
700 401 778 438 hoc
800 401 943 450 egisse,
961 404 1010 437 vt
1031 400 1282 437 oblitterato
1300 399 1354 436 M.
1375 399 1503 436 Tullii
1524 400 1706 444 nomine,

146 468 240 494 mea
260 456 385 493 vnius
407 457 565 506 scripta
587 456 841 505 legerentur.
882 454 956 492 Ait
977 467 1092 492 meos
1114 454 1244 491 libros
1262 453 1459 491 Lutetiae
1476 453 1708 503 publicitus

146 511 275 548 fuisse
303 514 490 556 exustos,
513 512 650 560 ignem
677 510 928 547 subiiciente
953 508 1159 547 carnifice.
1218 508 1293 546 Ait
1317 520 1383 545 me
1409 508 1523 558 apud
1550 507 1709 545 Aldum

145 566 257 602 serui
278 565 458 602 hominis
484 564 612 602 fuisse
637 565 834 602 functum
859 563 1006 609 officio,
1030 563 1108 601 hoc
1132 566 1209 608 est,
1231 563 1414 608 lectoria
1437 575 1569 612 quum
1593 562 1709 612 apud

145 619 300 657 Aldum
324 619 428 657 nihil
448 619 626 669 legerem
648 623 817 669 praeter
842 617 1124 668 penultimam
1148 617 1344 663 formam,
1368 618 1402 654 si
1427 617 1530 666 quid
1557 617 1710 655 vellem
1730 631 1771 662 30

146 674 312 712 addere.
372 674 507 712 Aldus
536 674 703 723 legebat
730 678 828 723 post
853 685 931 719 me,
958 673 1084 722 idque
1115 676 1288 710 tantum
1318 673 1361 709 in
1391 672 1495 709 meis
1522 671 1709 722 Adagiis,

145 741 254 778 quae
276 729 400 767 simul
422 733 466 766 et
491 742 516 766 a
540 741 605 766 me
632 728 930 766 scribebantur
953 732 997 765 et
1022 727 1075 764 ab
1104 726 1214 764 Aldo
1242 726 1577 764 excudebantur.
1638 726 1711 764 Ait

145 785 216 820 vix
247 787 535 834 temperatum
566 796 591 821 a
621 783 830 828 manibus,
862 782 977 831 quod
1009 783 1050 819 in
1084 794 1133 819 ea
1163 794 1311 819 mensa
1343 781 1544 826 sederem,
1578 793 1711 830 quum

146 837 333 876 sederem
354 851 482 888 supra
502 838 739 876 Asulanum
764 841 808 874 et
835 836 1006 881 Aldum,
1028 848 1245 886 quumque
1270 848 1437 873 summo
1462 835 1607 873 studio
1633 835 1711 874 hoc

145 893 307 942 egerint
342 897 392 930 vt
426 892 635 930 absolutis
669 892 842 941 Adagiis
876 904 942 929 me
975 903 1140 928 menses
1173 890 1340 940 aliquot
1379 894 1709 928 remorarentur.
1731 904 1772 935 35

146 946 339 993 Quodam
361 948 403 984 in
425 947 517 985 loco
538 948 674 985 citans
695 946 985 992 Aristotelem,
1003 947 1077 992 ait,
1096 945 1213 983 Haec
1230 945 1309 983 tibi
1330 958 1415 983 non
1436 945 1542 991 dico,
1561 949 1611 982 tu
1628 958 1712 983 non

145 1002 284 1052 legisti
310 1001 599 1047 Aristotelem,
629 1014 761 1051 quum
790 1001 885 1051 plus
913 1001 1115 1038 trecentis
1146 1000 1248 1038 locis
1279 1001 1405 1038 citem
1436 999 1713 1038 Aristotelem

145 1056 301 1094 Graece
315 1069 363 1094 ac
377 1056 542 1095 Latine.
584 1056 695 1103 Quid
708 1056 855 1094 multis
870 1059 885 1093 ‘3
926 1054 1078 1093 Omnia
1092 1058 1297 1105 superant
1312 1056 1506 1104 quemuis
1520 1053 1712 1093 Orestem

145 1116 275 1161 atque
291 1111 474 1150 Aiacem.
525 1111 604 1149 Est
620 1111 819 1149 Lutetiae
835 1110 982 1148 Bedda
999 1110 1078 1148 tibi
1093 1115 1233 1155 notus,
1252 1111 1325 1160 qui
1341 1110 1399 1147 sic
1416 1109 1522 1147 furit
1538 1109 1647 1155 odio,
1664 1114 1714 1147 vt

144 1165 249 1203 nihil
271 1166 326 1204 sit
346 1170 437 1204 tam
459 1166 668 1204 insulsum
689 1170 765 1203 aut
788 1166 999 1210 insanum,
1022 1164 1137 1214 quod
1158 1177 1244 1203 non
1264 1168 1384 1202 curet
1404 1164 1713 1210 excudendum,
1733 1179 1776 1210 40

146 1220 271 1258 modo
301 1221 411 1259 male
437 1225 598 1259 tractet
625 1221 866 1259 Erasmum.
925 1219 1006 1258 Sed
1036 1220 1207 1257 interim
1239 1232 1282 1257 se
1309 1219 1487 1269 praebet
1514 1219 1712 1257 omnibus

145 1275 436 1313 deridendum.
496 1276 539 1314 Is
566 1276 777 1325 quaedam
806 1287 971 1313 venena
1001 1274 1170 1312 addidit
1198 1274 1343 1312 libello
1371 1273 1482 1312 Iulii.
1542 1273 1714 1312 Titulus

145 1334 238 1368 erat
266 1330 365 1368 Iulii
389 1330 578 1369 Caesaris
606 1330 817 1380 Scaligeri.
876 1330 1020 1380 Fingit
1048 1342 1090 1367 se
1117 1341 1206 1367 esse
1236 1328 1420 1374 Gallum,
1445 1332 1489 1366 et
1519 1329 1716 1366 nominat

146 1385 285 1422 locum
316 1385 531 1435 quendam
561 1385 801 1423 obscurum.
861 1385 925 1422 Ex
957 1384 1114 1434 phrasi,
1146 1397 1198 1422 ex
1229 1396 1311 1429 ore,
1342 1388 1386 1421 et
1417 1384 1715 1421 criminatione

145 1441 367 1477 conuictus
384 1440 541 1486 Aldini,
557 1440 734 1490 aliisque
751 1440 949 1478 conuitiis
966 1439 1070 1477 mihi
1086 1439 1278 1488 persuasi
1294 1438 1372 1476 hoc
1389 1451 1509 1488 opuS‚
1527 1439 1715 1476 maxima
1734 1451 1775 1484 45

146 1494 299 1532 saltem
321 1507 372 1532 ex
395 1500 529 1545 parte,
548 1508 637 1533 esse
658 1495 911 1544 Hieronymi
933 1494 1156 1532 Aleandri:
1184 1506 1284 1531 nam
1306 1493 1410 1530 mihi
1430 1494 1579 1543 genius
1600 1493 1714 1530 illius

146 1549 379 1587 domestico
401 1551 601 1588 conuictu
629 1550 735 1588 adeo
763 1550 958 1599 cognitus
987 1552 1318 1599 perspectusque
1347 1552 1413 1586 est
1440 1552 1490 1586 vt
1516 1549 1606 1598 ipse
1634 1548 1715 1586 sibi

148 1617 231 1642 non
254 1605 388 1654 possit
417 1618 506 1643 esse
535 1606 688 1643 notior.
747 1604 962 1642 Continuo
990 1616 1065 1653 per
1092 1603 1259 1641 litteras
1288 1616 1384 1640 cum
1413 1602 1485 1640 illo
1513 1608 1713 1653 expostu-

146 1659 255 1697 laui:
301 1672 448 1697 verum
484 1660 518 1697 is
553 1673 604 1697 ex
646 1659 886 1697 Ratisbona
926 1658 1083 1696 litteris
1122 1662 1321 1696 amanter
1360 1658 1530 1708 scriptis
1567 1661 1714 1695 sancte

147 1714 311 1752 deierat
339 1727 382 1752 se
410 1727 577 1764 semper
605 1714 735 1752 fuisse
763 1714 948 1751 amicum
975 1716 1019 1751 et
1046 1713 1255 1751 futurum.
1316 1712 1368 1750 In
1395 1712 1613 1762 Apologiis
1642 1712 1713 1750 ad·
1734 1726 1776 1756 50

149 1781 295 1807 uersus
329 1769 451 1807 Pium
492 1769 739 1818 frequenter
778 1772 971 1806 attactus
1010 1772 1087 1813 est,
1124 1768 1224 1805 licet
1264 1780 1491 1818 suppresso
1530 1768 1714 1805 nomine.

148 1823 273 1861 Hunc
304 1823 493 1862 dolorem
525 1824 669 1861 vlcisci
700 1823 849 1862 voluit.
910 1822 990 1862 Sed
1027 1823 1114 1861 tale
1148 1822 1393 1872 exemplum
1426 1821 1549 1860 facile
1586 1822 1716 1860 fuerit

148 1879 320 1924 imitari,
354 1880 529 1916 tametsi
565 1879 735 1917 Beddae
772 1879 905 1929 magis
942 1879 1098 1916 irascor
1132 1890 1262 1928 quam
1302 1877 1362 1914 illi
1401 1878 1593 1927 quisquis
1632 1877 1717 1914 fuit

147 1933 319 1972 furioso.

205 1988 333 2026 Petro
366 1988 529 2027 Bembo
568 1989 714 2039 paucis
753 1987 1154 2026 commendaueram
1190 1986 1389 2026 Carolum
1425 1987 1715 2025 Vtenhouium
1735 2000 1776 2032 55

149 2043 347 2081 iuuenem
387 2043 493 2081 bene
527 2047 692 2090 natum,
729 2043 801 2081 sed
842 2055 994 2093 parum
1034 2043 1263 2088 eruditum,
1296 2055 1345 2080 ac
1384 2054 1436 2080 ne
1475 2041 1716 2080 studiosum

147 2097 333 2147 quidem.
374 2098 417 2135 Is
434 2098 649 2136 hominem
667 2099 774 2136 mira
791 2098 1062 2136 humanitate
1079 2097 1327 2147 complexus
1348 2101 1412 2135 est
1429 2111 1436 2143 ;
1464 2109 1539 2134 nec
1561 2096 1714 2134 dubito

148 2153 251 2201 quin
287 2153 491 2191 libentius
522 2153 880 2203 complecteretur
910 2154 944 2190 si
974 2157 1130 2190 nosset.
1191 2152 1241 2190 Ei
1272 2152 1323 2190 de
1355 2156 1397 2190 te
1429 2164 1542 2189 nunc
1578 2151 1716 2189 scribo

148 2207 231 2244 tria
251 2207 394 2246 verba.

203 2260 442 2312 Suoquetus
473 2262 526 2300 ad
559 2275 624 2301 me
656 2263 823 2313 copiose
854 2262 1058 2300 describit
1088 2274 1212 2300 suum
1244 2261 1536 2312 triumphum;
1572 2260 1716 2298 nullus
1735 2267 1778 2298 60

192 2361 245 2391 44.
271 2351 524 2382 criminatione
542 2362 572 2382 v.
592 2350 772 2383 Heussen:
799 2351 1016 2392 loquutione
1035 2350 1109 2382 LB.

148 2394 399 2435 compluribus
417 2395 490 2426 LB.

1215 2359 1269 2391 45.
1295 2350 1467 2382 conuitiis
1483 2360 1514 2381 v.
1535 2349 1715 2381 Heussen:

149 2542 372 2579 propagatos
391 2538 490 2569 itself
513 2539 592 2569 into
613 2538 683 2579 Ep.
706 2540 802 2578 2736.
852 2538 895 2569 In

150 2582 219 2622 Ep.
252 2584 349 2621 2632.
385 2583 511 2622 178—80
542 2582 682 2623 Viglius
714 2583 787 2613 had
818 2583 897 2613 told

150 2625 325 2657 Erasmus
337 2626 420 2657 that
431 2626 605 2657 Camillus
615 2636 689 2657 was
700 2627 898 2666 preparing

149 2678 171 2698 a
198 2670 371 2700 criticisrn
399 2670 437 2701 of
464 2670 520 2701 his
549 2670 808 2701 Ciceronianus
835 2670 896 2707 (cf.

150 2712 218 2753 Ep.
253 2715 350 2752 2716.
383 2715 519 2752 59—60).
568 2714 686 2744 When
722 2715 796 2745 this
824 2724 898 2744 was

149 2757 297 2787 written
311 2767 364 2787 we
381 2757 429 2788 do
440 2761 506 2788 not
520 2758 648 2796 know;
674 2758 742 2788 but
759 2758 796 2788 in
813 2766 896 2797 1544

151 2800 252 2830 Farri
269 2801 418 2841 printed
435 2805 476 2832 at
494 2801 627 2833 Venice
644 2801 723 2832 Due
741 2801 897 2832 Trattati

149 2844 227 2874 dell‘
246 2845 530 2876 eccellentissimo
542 2845 595 2876 M.
608 2845 707 2876 Iulio
719 2845 872 2877 Camillo
887 2856 896 2875 .·

152 2887 266 2918 L'uno
297 2888 381 2919 delle
414 2889 587 2920 Materie:
642 2889 775 2920 L‘altro
807 2889 898 2920 della

151 2931 368 2963 Imitatione.
416 2932 493 2963 The
507 2933 640 2963 second
654 2933 692 2963 of
709 2933 812 2963 these
826 2937 899 2964 two

152 2975 259 3006 iteins
291 2976 320 3006 is
351 2986 372 3006 a
403 2976 506 3007 short
542 2976 734 3016 pamplilet
766 2977 899 3013 (which

965 2538 1066 2569 lacks
1098 2538 1162 2569 the
1193 2537 1406 2578 beginning)
1444 2536 1642 2568 addressed
1678 2540 1716 2567 to

966 2582 1155 2618 Erasmus,
1199 2581 1340 2622 finding
1382 2581 1478 2612 fault
1517 2581 1606 2611 with
1653 2580 1717 2610 the

967 2626 1237 2656 Ciceronianus.
1278 2625 1322 2656 In
1340 2625 1406 2665 Ep.
1421 2627 1517 2663 2657.
1532 2628 1618 2663 (>3—5
1632 2624 1715 2663 Vig-

967 2670 1036 2700 lius
1060 2680 1144 2710 says
1169 2670 1253 2700 that
1277 2668 1451 2699 Camillus
1478 2669 1542 2698 has
1567 2668 1716 2698 written

966 2714 1076 2744 much
1093 2713 1167 2743 and
1192 2712 1387 2752 published
1411 2712 1517 2747 little,
1536 2711 1609 2742 and
1633 2711 1717 2741 that

966 2757 1052 2797 only
1071 2758 1106 2787 in
1126 2757 1273 2787 Italian.

1009 2802 1063 2841 48.
1089 2801 1247 2838 litteras]
1266 2800 1340 2830 Not
1358 2803 1502 2830 extant.

1010 2854 1062 2884 49.
1090 2844 1238 2882 litteris]
1257 2844 1354 2884 Epp.
1374 2845 1507 2882 20389.

1012 2897 1065 2927 51.
1091 2888 1272 2925 attactus]
1291 2888 1356 2917 See
1375 2888 1443 2927 Ep.
1464 2887 1547 2925 2038
1566 2884 1700 2916 introd.

1010 2934 1064 2962 60.
1091 2931 1312 2972 Suoquetus]
1338 2931 1391 2961 Cf.
1419 2931 1514 2970 ΕΜ).
1540 2932 1635 2968 2657.
1655 2930 1718 2958 88-

967 2985 1021 3013 90,
1042 2985 1137 3015 2700.
