1966 3379
255 125 334 162 280
716 125 972 163 LETTERS
1002 125 1073 164 OF
1104 124 1369 164 ERASMUS
1701 128 1824 175 [1533

255 229 358 266 nihil
374 229 613 267 iudicabam
628 242 714 267 csse
730 231 956 279 syncerius.
998 230 1132 275 Quam
1150 243 1249 267 vero
1264 231 1350 279 ipse
1364 231 1570 267 rationem
1587 234 1821 268 statueram

256 284 369 328 inire,
404 285 602 332 quoniam
640 284 741 321 nihil
780 286 818 321 in
856 298 898 321 re
930 290 1005 322 tua
1036 297 1128 322 sum
1160 288 1454 322 attentaturus
1486 289 1528 322 te
1557 285 1746 330 absente,
1778 290 1822 323 et

256 339 400 387 paucis
423 338 562 375 verbis
577 339 779 388 explicari
798 352 880 376 non
898 343 1052 389 potest,
1072 339 1323 388 supersedeo
1342 340 1382 376 in
1400 341 1638 389 praesentia
1655 340 1820 377 referre.

254 392 357 429 Cum
382 405 522 430 coram
544 393 732 430 adfueris
756 394 897 431 licebit
920 395 994 438 vti,
1018 394 1051 430 si
1074 393 1272 443 placebit.

194 463 235 494 40
310 447 437 485 Mitto
466 448 520 484 ad
552 452 593 485 tc
626 448 769 485 literas
805 448 998 485 Hectoris
1030 448 1308 491 H0x11irii‚vt
1340 449 1373 485 si
1405 461 1489 485 rem
1522 448 1692 486 tantilla
1723 462 1823 486 cura

255 501 423 550 dignam
451 506 576 551 putes
601 503 666 539 vel
694 504 780 552 ipsc
810 516 882 552 per
912 503 1173 540 occasionem
1203 503 1420 547 medeariS,
1450 503 1515 540 vel
1546 516 1610 540 me
1637 504 1822 540 instruas

254 557 355 605 quid
385 558 439 594 sit
468 558 821 607 respondendum.
869 558 1032 602 Quibus
1062 557 1207 594 addidi
1238 557 1441 607 epistolas
1471 558 1632 603 Carmii,
1668 558 1820 607 Lypsii,

254 611 479 660 Camingae
495 616 539 649 et
556 612 738 656 Sasboti‚
757 625 862 661 quas
882 612 948 649 illc
965 612 1017 649 ad
1038 613 1252 661 proximas
1270 612 1481 649 nundinas
1499 612 1551 649 ad
1571 617 1613 650 te
1630 613 1820 662 scripsit:

253 666 323 703 sed
347 667 547 715 quoniam
570 677 691 704 casus
713 667 774 704 ita
796 666 897 704 tulit
920 671 967 703 vt
990 679 1066 713 egro
1083 670 1175 703 tum
1193 680 1214 703 e
1232 667 1433 704 Bruxella
1450 666 1505 704 ad.
1524 671 1564 704 te
1582 667 1820 711 scriberem,

191 738 231 768 45
254 721 313 757 ita
347 721 509 758 factum
545 726 593 758 vt
629 721 789 758 diutius
823 721 939 770 apud
975 734 1040 757 me
1077 721 1299 758 haeserint.
1354 720 1464 767 Quid
1500 721 1671 759 Bcddac
1705 722 1820 771 apud

254 775 499 812 Parisiensis
519 776 720 813 acciderit
741 776 914 813 tametsi
936 780 978 813 te
999 788 1083 813 non
1106 780 1251 825 putem
1275 776 1418 821 latere,
1437 777 1530 813 misi
1553 780 1696 813 tamen
1719 776 1820 825 quid

251 830 303 867 ad
333 843 398 867 ine
426 830 540 868 illinc
572 831 623 868 de
653 844 701 868 ca
733 844 774 868 re
805 831 861 867 sit
892 831 1186 880 perscriptum.
1238 830 1369 880 Spero
1394 843 1459 868 me
1488 831 1604 868 breui
1632 832 1819 868 visurum

251 885 375 929 diem,
400 890 448 922 vt
478 885 680 923 Erasmus
710 890 910 935 superata
942 885 1102 922 inuidia
1133 886 1324 922 omnium
1356 890 1653 935 portentorum
1686 887 1822 923 victor

252 941 439 976 omnium
462 953 532 977 ore
554 940 798 981 celebretur,
822 953 1065 988 quanquam
1091 940 1339 977 iamdudum
1363 940 1404 977 id
1432 941 1635 990 (exceptis
1662 941 1820 990 paucis,

192 1012 232 1040 50
252 1006 430 1043 quorum
465 996 633 1032 animus
669 995 722 1032 ad
755 1000 870 1031 recta
906 994 1098 1032 indocilis
1129 998 1210 1043 est)
1247 995 1309 1032 ita
1342 999 1389 1032 vt
1423 1007 1545 1032 nemo
1576 995 1683 1032 alius
1714 996 1822 1032 inter

253 1049 452 1086 mortales
472 1062 515 1086 es
537 1054 834 1098 consequutus.

306 1103 540 1152 Augurium
563 1109 684 1141 tuum
707 1104 757 1141 ‹le
779 1105 897 1141 exitu
921 1103 1006 1141 litis
1028 1117 1146 1141 meae
1167 1103 1489 1154 Antucrpiensis
1515 1117 1636 1154 spero
1662 1117 1819 1142 vanum

252 1157 351 1196 fore.
396 1158 479 1196 Res
500 1163 563 1196 est
586 1160 627 1196 in
650 1159 740 1208 ipso
761 1159 941 1196 cardine.
994 1159 1080 1196 Nec
1110 1158 1207 1196 licet
1232 1158 1485 1196 aduersariis
1514 1159 1674 1196 diutius
1697 1160 1819 1208 tergi-

252 1214 433 1254 uersari:
466 1214 538 1263 qui
560 1227 647 1251 sese
673 1215 714 1251 in
740 1217 807 1251 tot
835 1226 974 1251 rerum
1004 1214 1161 1263 species
1186 1218 1412 1251 mutarunt
1438 1218 1486 1251 vt
1515 1214 1694 1251 Proteus
1721 1227 1821 1264 prae

191 1285 231 1315 55
252 1267 332 1304 illis
353 1280 437 1305 non
461 1268 587 1306 fuerit
610 1269 800 1306 Proteus.
851 1267 1040 1318 Cupiunt
1069 1269 1152 1305 iam
1179 1281 1343 1306 mecum
1370 1269 1536 1318 pacisci,
1563 1268 1710 1306 oblata
1738 1281 1822 1306 non

251 1323 559 1360 contemnenda
581 1324 786 1372 portione.
829 1322 910 1361 Sed
927 1323 1030 1360 mihi
1048 1323 1224 1360 infixum
1241 1327 1306 1360 est
1323 1323 1441 1368 illud,
1461 1327 1509 1360 vt
1527 1323 1651 1360 velim
1670 1323 1822 1361 vltima

250 1378 443 1426 experiri,
467 1382 514 1414 vt
537 1379 612 1414 sim
635 1379 757 1415 iuxta
778 1378 1051 1428 prouerbium
1071 1377 1259 1426 βασιλεὺς
1279 1376 1303 1426 ἦ
1325 1377 1427 1418 ὄνος.

307 1432 561 1470 Lambertus
584 1432 786 1469 Briardus
807 1433 896 1482 agit
917 1432 1056 1470 adhuc
1078 1432 1194 1482 apud
1211 1432 1526 1470 Ferdinandum
1547 1432 1822 1482 Imperatoris

252 1486 437 1535 legatum
461 1487 514 1524 ob
537 1487 770 1536 cogendum
799 1487 1033 1525 Concilium
1061 1500 1135 1524 nec
1161 1491 1416 1537 expectatur
1444 1487 1693 1525 Mechliniae
1722 1492 1822 1525 ante

190 1552 232 1580 00
252 1541 446 1590 hyemem
477 1546 553 1579 aut
579 1555 652 1579 ver
678 1543 931 1591 proximum.
982 1542 1156 1592 Cupiuit
1186 1541 1254 1579 ille
1283 1542 1611 1592 explicationem
1636 1546 1754 1579 tuam
1782 1543 1822 1579 in

253 1595 469 1633 Psalmum
505 1597 916 1646 quinquagesimum,
954 1596 1315 1646 quemadmodum
1351 1602 1499 1634 narrat
1535 1596 1686 1647 hospes
1723 1601 1822 1634 tuus

252 1650 462 1688 Martinus
484 1651 637 1688 Dauid.
689 1651 843 1689 Mirum
876 1652 941 1689 hic
972 1651 1099 1689 audio
1129 1652 1308 1701 enigma7
1330 1651 1384 1689 ad
1417 1651 1530 1700 quod
1562 1656 1706 1689 tamen
1737 1664 1821 1689 non

251 1703 412 1755 Oedipo
433 1705 505 1742 sed
527 1706 704 1743 Erasmo
726 1707 960 1744 coniectore
982 1719 1089 1756 opus
1109 1710 1185 1743 est.
1228 1705 1426 1752 Quirinus
1444 1710 1545 1743 tuus
1562 1719 1753 1743 reuersus
1770 1719 1820 1744 ex

253 1759 483 1798 Hollandia
514 1765 641 1810 negat
671 1762 899 1810 quicquam
931 1760 1044 1798 illinc
1076 1761 1290 1798 honorarii
1320 1762 1505 1798 muneris
1535 1761 1589 1798 ad
1616 1766 1658 1798 te
1684 1766 1820 1798 trans-

191 1825 232 1862 (25
253 1815 438 1852 missum.
498 1815 558 1852 Ac
595 1816 747 1853 Petrus
789 1815 1044 1853 Monfortius
1080 1820 1179 1853 ante
1219 1828 1377 1866 paucos
1417 1815 1504 1853 dies
1539 1828 1560 1853 e
1596 1815 1822 1853 Germania

253 1882 444 1907 reuersus
475 1870 576 1907 m-ihi
606 1871 848 1908 affirmabat
879 1871 1062 1920 seipsum
1093 1870 1147 1907 ad
1179 1875 1220 1908 te
1251 1870 1487 1920 pertulisse,
1516 1870 1642 1919 idque
1674 1870 1820 1908 eodem

253 1928 442 1973 tempore
458 1937 541 1974 quo
558 1925 765 1962 ducentos
781 1938 930 1963 aureos
948 1925 1059 1962 dono
1076 1926 1237 1962 miserit
1256 1925 1349 1962 Rex
1368 1925 1674 1962 Ferdinandus.
1718 1925 1821 1962 Mihi

252 1983 396 2016 tamen
422 1980 554 2029 magis
584 1979 688 2017 libet
719 1980 886 2017 credere
917 1980 1088 2017 oculato
1119 1981 1219 2017 testi
1244 1992 1371 2028 quam
1398 1980 1550 2021 aurito,
1573 1981 1820 2029 praesertim

251 2034 293 2070 in
315 2046 357 2070 re
379 2046 508 2083 quam
530 2034 645 2072 (licat
667 2047 709 2072 se
730 2039 880 2072 autore
904 2047 993 2072 esse
1020 2039 1195 2084 gestam.
1247 2034 1442 2083 Reliqua,
1465 2038 1514 2071 vt
1542 2047 1675 2084 spero,
1704 2035 1821 2071 breui

192 2106 232 2136 70
251 2100 391 2125 coram
414 2101 586 2138 agemus
602 2103 609 2134 3
640 2102 796 2139 oroque
814 2089 938 2127 deum
957 2094 1005 2127 vt
1022 2090 1191 2139 incepta
1207 2094 1283 2127 tua
1300 2090 1441 2126 omnia
1457 2089 1671 2134 secundet.
1694 2093 1821 2138 teque

628 2180 680 2217 46.
707 2178 880 2208 acciderit
898 2178 1113 2218 scripsimus
1128 2190 1134 2208 :
1154 2177 1341 2208 *accideret
1359 2176 1440 2208 MS.

295 2340 348 2370 40.
375 2331 544 2361 Hoxuirii
559 2355 563 2360 .
579 2355 583 2360 .
598 2355 603 2360 .
626 2339 722 2370 42—3.
736 2330 864 2361 Cannii
875 2331 1000 2371 Lypsii
1068 2331 1216 2371 staying
1232 2331 1321 2361 with
1338 2330 1540 2371 Grynaeus

251 2374 473 2414 Caminghae
490 2379 527 2404 et
544 2374 704 2412 Sasboti]
722 2375 826 2405 None
842 2375 880 2405 of
897 2375 1001 2405 these
1113 2384 1165 2413 52.
1192 2375 1280 2412 litis]
1299 2374 1375 2404 The
1392 2375 1465 2404 suit
1484 2374 1540 2404 for
1561 2373 1624 2404 the
1642 2374 1819 2414 Antwerp

251 2418 379 2448 letters
415 2419 480 2448 has
511 2418 795 2449 survived—the
826 2418 937 2449 letter
964 2419 1001 2449 of
1069 2429 1253 2458 canonry;
1280 2418 1324 2448 cf.
1354 2417 1450 2458 Epp.
1484 2420 1584 2457 1994a
1613 2417 1700 2454 (vol.
1728 2418 1818 2455 viii),

252 2461 423 2496 Sasbout‚
438 2462 534 2492 since
548 2462 577 2492 it
590 2472 664 2492 was
677 2462 826 2493 written
845 2464 852 2475 ‘
868 2462 924 2493 for
937 2462 1000 2493 the
1069 2465 1149 2503 67n‚
1170 2471 1264 2501 2573.
1284 2463 1402 2501 57-65,
1422 2462 1517 2501 2587.
1536 2462 1589 2500 38,
1610 2463 1704 2500 2644.

251 2505 323 2536 last
346 2505 435 2536 fair’
461 2509 598 2536 cannot
622 2506 666 2536 be
691 2506 760 2546 Ep.
788 2507 882 2546 2844.
931 2506 999 2537 Go-
1113 2515 1166 2545 57.
1190 2504 1342 2545 βασιλεὺς
1358 2504 1378 2544 ἢ
1397 2504 1613 2544 61·0;]Ada9.
1634 2514 1730 2544 2441.

251 2549 399 2579 clenius'
440 2559 521 2579 own
560 2549 680 2585 letter,
717 2550 865 2580 written
906 2550 1000 2581 from
1113 2551 1164 2588 58.
1191 2549 1383 2587 Briardus]
1429 2549 1623 2579 President
1669 2549 1707 2579 of
1755 2549 1819 2579 the

251 2593 429 2628 Brussels‚
451 2593 517 2623 has
542 2593 717 2633 similarly
739 2594 831 2624 been
852 2593 944 2624 lost:
970 2595 1000 2624 it
1067 2593 1217 2624 Council
1234 2593 1271 2624 of
1288 2593 1461 2628 Malines;
1488 2593 1544 2623 for
1560 2593 1616 2623 his
1629 2592 1745 2623 desire
1763 2593 1819 2622 for

251 2636 488 2677 presumably
519 2636 697 2667 travelled
733 2637 783 2677 by
814 2638 878 2668 the
914 2642 1000 2678 post
1067 2648 1089 2668 a
1104 2641 1358 2676 commentary
1374 2637 1424 2676 by
1440 2636 1616 2667 Erasmus
1632 2646 1678 2666 on
1697 2635 1818 2666 Psalm

251 2680 368 2710 which
385 2680 523 2710 carried
541 2680 635 2720 Epp.
656 2681 752 2720 2784,
772 2691 801 2719 5.
1069 2690 1105 2719 51
1127 2691 1186 2711 see
1203 2681 1272 2720 Ep.
1293 2690 1387 2719 2571.
1407 2689 1464 2719 7n.

294 2733 346 2763 45.
373 2723 536 2761 Beddae]
570 2725 620 2754 At
652 2725 715 2754 the
746 2725 817 2755 end
849 2726 887 2755 of
914 2725 1000 2765 May
1113 2733 1164 2763 59.
1190 2724 1406 2762 Concilium]
1428 2724 1505 2754 The
1525 2723 1713 2764 projected
1736 2733 1815 2754 ecu-

255 2777 336 2807 1533
357 2767 458 2798 Beda
481 2777 555 2798 was
575 2767 754 2798 banished
779 2769 872 2799 from
898 2768 1000 2799 Paris
1068 2768 1221 2798 menica]
1238 2767 1399 2799 Council.

251 2811 301 2851 by
317 2812 443 2841 decree
455 2811 567 2841 ofthe
581 2811 700 2851 King;
727 2813 861 2842 seethe
873 2812 1001 2843 letters
1112 2814 1165 2842 62.
1191 2811 1328 2849 Dauid]
1371 2811 1436 2842 See
1478 2811 1575 2851 Epp.
1619 2820 1693 2850 532.
1735 2820 1815 2850 32n‚

251 2856 289 2885 of
306 2855 344 2885 P.
364 2854 582 2886 Siderander
597 2856 669 2885 and
687 2855 721 2886 J.
744 2855 880 2893 sturm,
907 2856 997 2886 Her·
1069 2865 1162 2895 2571.
1181 2857 1278 2893 6-19.

251 2898 409 2938 minjard
426 2899 501 2938 418,
520 2907 594 2938 422.
643 2899 861 2930 Siderander
876 2900 999 2930 writes
1111 2902 1164 2939 64.
1191 2899 1388 2936 honorarii]
1407 2898 1471 2929 See
1489 2898 1584 2939 Epp.
1604 2899 1699 2935 2818,
1719 2898 1814 2935 2819.

251 2943 336 2973 that
358 2943 421 2973 the
445 2952 543 2972 news
565 2942 635 2972 will
659 2943 766 2973 reach
782 2943 889 2974 Basle
906 2943 1000 2974 from
1111 2945 1163 2982 67.
1191 2942 1460 2981 Ferdinandus]
1492 2942 1556 2973 Sec
1588 2942 1686 2982 Epp.
1721 2942 1816 2978 2801,

252 2986 389 3017 friends
413 2987 450 3016 of
476 2986 583 3017 Peter
607 2986 788 3023 Tusanus,
818 2987 898 3017 who
927 2997 1001 3018 was
1069 2987 1163 3017 2808.
