1966 3379
253 128 332 165 204
712 126 971 164 LETTERS
1002 126 1073 164 OF
1105 126 1373 165 ERASMUS
1708 130 1832 177 [1533

627 269 756 307 2797.
824 266 960 307 FROM
986 266 1222 306 BERNARD
1247 278 1304 306 OF
1327 265 1458 306 CLEs.

302 356 429 390 Trent
449 356 531 389 MS.
1539 356 1710 390 Vienna.

1473 416 1513 438 21
1539 406 1653 450 April
1678 416 1783 449 1533.

298 472 369 510 [An
388 473 596 512 autograph
615 472 849 510 rough-draft
866 485 872 507 ;
902 473 957 503 sor
975 473 1038 503 tho
1057 481 1115 502 Ms.
1136 483 1194 502 see
1216 473 1283 512 Ep.
1303 481 1388 510 2515
1408 473 1545 503 introd.
1564 485 1570 507 ;
1599 473 1725 513 placed
1746 478 1835 504 next

254 517 321 546 but
339 526 408 546 one
426 517 461 546 in
481 517 544 546 the
565 525 622 545 MS.
644 517 672 546 is
689 527 711 546 a
728 517 838 547 letter
856 522 895 547 to
914 517 1096 547 Aleander
1115 526 1149 547 m
1170 517 1286 547 which
1308 516 1487 557 similarly
1504 517 1583 547 Cles
1604 518 1690 547 asks
1707 517 1836 548 advice

253 561 369 591 about
387 561 449 590 tho
467 560 590 590 choiee
608 560 644 591 of
665 561 780 591 books
798 561 854 591 for
871 561 926 591 his
945 561 1110 600 library.]

953 631 1139 658 ERASMO.

309 691 439 737 QVVM
469 690 607 728 multa
636 691 687 728 de
719 704 898 741 persona
928 696 1084 737 vestra,
1115 691 1165 728 (le
1195 704 1280 740 qua
1306 691 1466 728 iamdiu
1498 691 1601 729 nihil
1634 693 1833 742 poenitus

255 745 603 783 intellexeramus
632 747 710 793 (ita
741 759 816 783 nos
852 747 909 783 dii
941 747 1160 791 adiuuent,
1196 751 1241 783 vt
1276 756 1376 783 vcra
1414 746 1657 795 loquimur),
1692 749 1833 784 animo

253 801 473 838 nobiscum
506 801 787 845 volueremus,
819 805 863 838 et
897 801 1050 850 [vobis]
1085 801 1252 838 litteras
1282 799 1451 838 nostras
1483 801 1638 850 quibus
1668 802 1828 851 aliquid

254 855 305 892 de
327 859 444 892 statu
468 860 613 893 vestro
634 857 947 906 perciperemus
976 856 1096 893 vobis
1125 856 1325 905 dirrigere
1352 857 1664 902 statuissemus,
1688 870 1830 906 super-

216 923 234 952 5
255 914 465 947 uenerunt
487 914 653 948 vestrae
675 910 797 948 nobis
818 911 1050 948 admodum
1079 924 1131 948 ex
1157 923 1272 948 more
1293 916 1521 960 accoeptae
1539 925 1545 948 :
1578 924 1689 960 quae
1716 912 1830 949 istud

254 965 521 1014 propositum
539 970 730 1002 nostrum
750 967 884 1015 magis
899 979 946 1003 ac
965 967 1098 1014 magis
1115 965 1436 1009 confirmarunt,
1453 978 1552 1015 prae
1567 978 1609 1002 se
1627 966 1832 1004 fcrrentes

254 1019 511 1057 vberrimam
553 1020 836 1070 respondendi
877 1021 1126 1058 materiam:
1171 1020 1326 1069 quibus
1366 1033 1450 1057 non
1490 1025 1540 1058 vt
1580 1034 1686 1071 opus
1721 1026 1833 1059 esset

253 1074 544 1120 rescribemus,
572 1088 720 1112 verum
749 1080 798 1112 vt
829 1075 950 1112 vobis
979 1079 1152 1113 tantum
1184 1077 1423 1112 innotescat
1454 1088 1529 1112 nos
1560 1089 1637 1126 pro
1668 1089 1717 1114 ea
1747 1089 1832 1125 qua

254 1142 330 1167 vos
344 1130 645 1179 amplectimur
661 1129 959 1167 beneuolentia
973 1134 1041 1167 tot
1054 1130 1404 1168 electissimorum
1420 1131 1654 1168 amicorum
1671 1134 1831 1169 vestro-

196 1197 234 1218 10
254 1197 345 1222 rum
377 1185 585 1222 iacturam
615 1197 738 1233 aegre
767 1185 941 1222 tulisse:
975 1186 1048 1234 qui
1078 1189 1122 1222 et
1152 1185 1292 1222 verbis
1323 1190 1367 1222 et
1398 1198 1454 1230 re,
1482 1186 1546 1223 vti
1577 1185 1830 1224 desiderium

253 1243 449 1276 nostrum
471 1239 682 1288 exigebat,
707 1244 849 1289 partes
872 1244 1038 1277 vestras
1067 1252 1150 1277 non
1180 1240 1276 1277 ficte
1298 1244 1525 1277 tuerentur
1546 1253 1594 1277 ac
1622 1240 1829 1278 fouerent.

255 1293 409 1331 Verum
428 1307 561 1343 quum
584 1295 617 1331 is
639 1295 694 1331 sit
716 1295 949 1343 praesentis
967 1298 1108 1332 status
1125 1294 1304 1345 fructus,
1322 1307 1374 1332 ne
1392 1307 1467 1332 vos
1485 1296 1568 1332 iam
1586 1295 1831 1345 capularem

254 1361 410 1393 senem,
443 1361 569 1398 quem
610 1361 756 1386 omnes
796 1349 1176 1399 prudentissimum
1218 1354 1451 1387 autumant
1486 1363 1534 1387 ac
1568 1350 1829 1400 praedicant,

254 1403 433 1441 vlterius
465 1404 781 1448 exacerbemus
815 1404 877 1442 his
908 1405 1072 1441 omissis
1102 1404 1156 1442 ad
1188 1404 1352 1454 reliqua
1381 1405 1674 1454 accingemur:
1717 1407 1830 1455 cupi-

195 1471 232 1500 15
252 1471 432 1508 musque
455 1472 542 1503 vos,
562 1471 687 1508 quem
706 1460 912 1508 superiori
930 1472 1072 1497 mense
1093 1459 1273 1497 aduersa
1290 1459 1539 1497 valetudine
1558 1473 1680 1497 vsum
1702 1460 1832 1498 fuisse

253 1526 305 1550 ex
323 1513 386 1550 his
404 1514 555 1550 vestris
572 1513 873 1560 intelleximus,
891 1515 1072 1564 pristino
1088 1514 1228 1551 robori
1245 1516 1562 1564 quamprimum
1580 1516 1830 1553 restitutum

254 1569 301 1605 iri
324 1581 348 1605 a
370 1581 471 1605 cura
492 1572 535 1606 et
557 1568 790 1618 diligentia.

308 1622 413 1660 Cum
437 1623 701 1661 Turcharum
719 1628 906 1673 tyranno
923 1637 1070 1674 pacem
1093 1624 1455 1675 subsequuturam
1473 1637 1550 1674 pro
1572 1629 1688 1662 certo
1710 1625 1831 1663 nobis

254 1678 582 1727 persuademus:
616 1691 724 1727 quae
746 1678 844 1716 licet
866 1691 961 1716 cum
985 1680 1134 1716 maiori
1155 1680 1289 1716 totius
1317 1678 1655 1717 Christianitatis
1682 1680 1830 1730 gloria,

194 1745 235 1766 20
254 1745 386 1782 quum
429 1733 469 1770 in
510 1732 644 1770 hostis
683 1733 933 1783 expeditum
974 1733 1238 1771 habebamus
1278 1735 1526 1778 exercitum,
1564 1734 1675 1772 forte
1715 1735 1830 1772 Vltro

254 1787 394 1825 offerri
415 1789 637 1837 potuisset,
661 1792 806 1827 tamen
828 1801 877 1826 eo
898 1790 1032 1838 magis
1054 1790 1095 1826 in
1123 1790 1460 1838 praesentiarum
1489 1789 1550 1826 illi
1578 1802 1828 1835 annuemus,

254 1855 338 1891 quo
355 1843 488 1892 magis
502 1855 599 1880 eum
617 1843 694 1880 hac
712 1844 961 1892 praesertim
980 1848 1239 1893 tempestate
1257 1843 1369 1881 bello
1386 1848 1603 1893 praestare
1621 1844 1827 1882 videmus.

254 1896 319 1934 Sic
342 1898 452 1934 enim
475 1893 559 1934 fert
581 1910 778 1947 praesens
799 1902 940 1936 status
962 1903 1107 1936 noster
1123 1903 1171 1935 vt
1192 1898 1299 1936 illud
1317 1911 1484 1936 summo
1502 1899 1646 1936 studio
1663 1912 1830 1949 semper

254 1952 477 2001 cupiamus
499 1952 614 2001 quod
637 1952 784 1990 oblata
806 1954 927 2003 copia
948 1953 1063 1990 vltro
1080 1966 1337 1990 recusamus.

194 2018 234 2048 25
310 2006 652 2045 Lutheranorum
676 2007 814 2045 labem
837 2008 971 2045 indies
993 2012 1249 2045 crescentem
1273 2007 1389 2045 haud
1405 2021 1541 2057 aequo
1558 2009 1700 2046 animo
1721 2008 1829 2046 ferre

255 2073 490 2110 possumus.
551 2062 608 2099 Et
636 2062 735 2099 licet
759 2063 813 2099 ad
842 2062 959 2100 illam
989 2063 1221 2100 sedandam
1250 2075 1326 2112 pro
1354 2063 1519 2100 concilii
1546 2063 1830 2101 celebratione

254 2119 297 2153 et
315 2116 533 2153 Pontificis
554 2121 597 2154 et
614 2116 803 2154 Caesaris
826 2122 1017 2155 oratores
1038 2118 1093 2155 ad
1115 2118 1325 2167 principes
1346 2117 1608 2155 Christianos
1624 2118 1829 2156 destinati

254 2171 340 2208 sint
361 2175 405 2208 et
426 2172 468 2208 in
490 2173 828 2221 praesentiarum
851 2172 967 2222 apud
988 2184 1064 2210 nos
1085 2173 1183 2217 sint,
1207 2185 1403 2209 veremur
1424 2177 1567 2210 tamen
1593 2173 1675 2210 iter
1703 2186 1827 2211 suum

254 2226 343 2262 sine
359 2225 503 2275 aliquo
520 2226 663 2264 fructu
682 2226 890 2272 futurum,
908 2231 1038 2276 atque
1060 2228 1121 2264 ita
1142 2240 1193 2264 ne
1210 2227 1343 2264 indies
1360 2228 1402 2264 in
1419 2227 1605 2265 deterius
1622 2227 1826 2266 labemus.

193 2292 235 2322 30
310 2279 397 2317 Nec
431 2282 570 2318 minus
610 2281 802 2319 dolemus
842 2281 1191 2319 florentissimum
1231 2282 1407 2331 Angliae
1446 2295 1623 2331 regnum
1656 2282 1826 2320 easdem

254 2334 437 2372 haeresis
469 2340 594 2372 notas
628 2336 711 2373 iam
744 2336 932 2373 subiisse.
994 2336 1112 2374 Licet
1150 2336 1262 2374 forte
1301 2349 1353 2374 ex
1395 2336 1537 2385 aliquo
1577 2337 1827 2386 particulari

253 2401 393 2427 errore
415 2402 492 2427 suo
513 2390 628 2427 istud
651 2391 730 2427 sibi
751 2392 940 2428 euenisse
969 2391 1238 2437 arbitremur,
1262 2391 1518 2441 condignum
1547 2395 1692 2429 tamen
1717 2397 1828 2430 esset

254 2448 303 2481 vt
324 2445 361 2481 ei
383 2445 456 2493 qui
477 2445 690 2482 erroribus
711 2458 883 2483 causam
905 2450 1141 2495 praestant,
1165 2445 1243 2483 soli
1263 2446 1566 2495 plecterentur.

310 2498 492 2536 Demum
507 2499 621 2548 quod
635 2501 677 2537 in
693 2500 805 2537 calce
817 2500 1023 2550 epistolae
1038 2505 1206 2538 vestrae
1218 2513 1389 2550 operam
1406 2501 1827 2550 vestram‚siquando

193 2565 234 2596 35
253 2565 303 2590 ea
343 2553 637 2603 indigebimus,
671 2555 793 2592 nobis
824 2556 1065 2592 enixissime
1105 2555 1375 2605 pollicemini,
1410 2556 1452 2592 in
1484 2555 1562 2593 hoc
1596 2555 1718 2593 vobis
1750 2568 1827 2606 pro

254 2607 432 2645 comodo
470 2613 617 2646 nostro
653 2622 811 2646 morem
847 2609 1078 2659 gerendum
1114 2622 1203 2647 esse
1239 2609 1464 2647 duximus:
1508 2611 1581 2659 qui
1615 2623 1747 2659 quum
1782 2611 1825 2647 in

253 2662 441 2711 quadam
462 2662 624 2700 fabrica
646 2676 775 2712 quam
797 2664 990 2702 Tridenti
1011 2664 1066 2702 ad
1093 2668 1337 2702 nostrorum
1365 2677 1653 2702 successorum
1681 2666 1825 2714 potius

253 2729 382 2766 quam
405 2722 597 2755 nostrum
620 2718 847 2756 comodum
864 2732 889 2756 a
905 2718 1198 2756 fundamentis
1214 2720 1459 2765 erreximus,
1477 2720 1587 2757 inter
1604 2719 1687 2757 alia
1703 2720 1826 2757 nobis

253 2784 418 2821 semper
448 2772 564 2809 cordi
593 2772 677 2810 fuit
707 2777 756 2810 vt
786 2774 908 2811 iuxta
938 2774 1116 2823 gradum
1145 2787 1193 2811 ac
1221 2773 1452 2811 facultates
1479 2779 1647 2812 nostras
1675 2774 1824 2812 biblio-

191 2838 234 2868 40
254 2825 422 2866 thecam
440 2828 629 2864 omnium
648 2829 689 2864 in
708 2828 900 2877 quolibet
921 2828 1180 2866 facultatum
1197 2841 1349 2878 genere
1366 2829 1581 2878 potiorum
1598 2833 1824 2866 auctorum

608 2908 657 2939 14.
683 2900 826 2930 omissis
843 2898 926 2930 MS.
1071 2908 1123 2939 35.
1150 2900 1371 2940 pollicimeni
1388 2899 1471 2931 MS.

801 2997 831 3026 5.
857 2988 1017 3027 vestrae]
1035 2987 1110 3020 Not
1127 2991 1272 3019 extant.
