1966 3379
147 106 268 155 2760]
583 103 654 142 To
686 102 997 142 THEOBALD
1029 101 1277 139 FETTICH
1642 102 1717 139 149

146 210 319 255 tissime,
337 208 610 258 παλιμβόλους
631 207 729 245 εἶναι
750 207 821 248 τὰς
841 206 1021 256 χάριτας,
1040 207 1150 244 redit
1171 206 1226 243 ad
1248 210 1291 243 te
1313 210 1414 243 tuus
1432 205 1717 251 Ptolemaeus,

146 277 272 314 quem
295 276 380 301 non
403 263 554 301 dubito
576 264 679 312 quin
700 275 777 312 pro
800 262 955 312 ingenii
977 262 1041 299 tui
1062 261 1247 298 candore
1269 261 1353 298 iam
1376 260 1455 298 tibi
1482 261 1717 298 chariorem

146 320 201 356 sis
229 318 467 363 habiturus,
496 319 714 367 magisque
742 322 866 354 tuum
895 316 1221 354 existimaturus
1249 315 1365 364 quod
1393 315 1472 352 tibi
1501 328 1596 352 cum
1627 317 1716 352 vni-

146 374 278 410 uersis
299 374 560 422 optimarum
589 372 912 421 disciplinarum
941 371 1144 408 studiosis
1172 370 1345 407 futurus
1373 374 1439 407 est
1467 372 1716 407 communis.
1739 392 1757 421 5

146 428 376 465 Bracteata
411 427 611 464 fortunae
649 427 762 464 bona
801 426 1098 464 communione
1134 425 1409 462 decrescunt:
1454 437 1556 462 vera
1592 425 1717 470 bona,

145 495 230 531 quo
265 482 395 519 latius
431 482 662 526 diffuderis,
697 481 775 519 hoc
815 485 859 518 et
894 480 1070 518 meliora
1110 479 1351 517 redduntur
1385 483 1429 516 et
1469 479 1717 517 illustriora.

144 536 288 574 Gratis
310 537 581 586 typographo
603 535 752 573 Graeci
774 535 1005 573 voluminis
1025 534 1163 572 fecisti
1185 535 1364 584 copiam.
1415 533 1512 571 Non
1535 539 1718 583 poteras,

145 591 248 629 mihi
280 592 414 636 crede,
445 591 608 628 felicius
638 591 835 636 vendere,
867 590 1035 627 etiamsi
1065 588 1295 626 Herculem
1327 588 1406 626 tibi
1437 588 1611 626 decimis
1647 589 1717 626 ob-

145 646 356 691 strictum,
387 659 435 683 ac
467 646 724 684 Mercurium
755 645 975 682 fauentem
1008 644 1240 681 habuisses.
1301 643 1426 681 Nunc
1458 648 1526 681 tot
1557 644 1718 681 studio-
1743 665 1782 685 10

145 713 287 738 sorum
317 701 433 738 milia
462 700 699 738 Theobaldi
726 713 882 737 nomen
910 698 1202 743 celebrabunt,
1226 698 1463 736 Theobaldi
1491 698 1719 736 candorem

144 755 521 800 exosculabuntur,
557 755 794 792 Theobaldi
829 754 1145 792 munificentiae
1184 754 1344 803 gratias
1380 757 1520 802 agent.
1582 753 1719 799 Quam

145 822 245 848 vero
267 810 504 847 mercedem
527 823 622 847 curn
646 810 722 847 hoc
746 810 935 859 praemio
957 808 1152 846 conferat
1172 820 1401 857 generosus
1424 809 1623 846 animus?

199 864 486 914 Sepenumero
508 866 651 902 mirari
672 864 786 902 soleo
807 869 897 902 tam
919 868 1141 901 vetustum
1164 868 1358 900 autorem
1383 866 1498 910 (nam
1529 863 1720 900 floruisse

144 919 222 956 sub
252 919 436 957 Traiano
461 924 505 957 et
530 919 748 957 Antonino
777 919 852 957 Pio
880 919 985 956 satis
1015 918 1163 967 liquet,
1187 922 1280 955 tum
1311 930 1363 955 ex
1395 919 1548 967 quinto
1580 919 1720 968 capite
1744 938 1781 967 15

144 974 316 1024 septimi
337 974 433 1011 libri
456 974 518 1011 De
548 987 702 1023 magna
730 974 1062 1019 constructione,
1089 977 1183 1010 tum
1212 985 1263 1010 ex
1293 973 1433 1022 capite
1458 973 1596 1022 primo
1624 973 1721 1010 libri

144 1029 318 1066 secundi
339 1029 526 1066 eiusdem
554 1029 720 1078 operis),
743 1029 798 1066 ad
824 1029 926 1066 haec
954 1041 1051 1066 eum
1073 1028 1147 1077 qui
1174 1027 1487 1077 Geographiam
1518 1031 1620 1077 (qua
1648 1030 1720 1065 vix

144 1083 228 1121 alia
256 1084 366 1121 inter
397 1084 725 1121 mathematicas
760 1083 1006 1134 disciplinas
1038 1083 1105 1120 vel
1138 1082 1362 1120 iucundior
1392 1087 1457 1120 est
1488 1083 1555 1120 vel
1587 1083 1719 1132 magis

144 1139 394 1185 necessaria)
433 1139 490 1176 sic
527 1139 727 1176 tractarit
762 1143 811 1176 vt
850 1138 974 1176 facile
1010 1138 1248 1188 superiores
1289 1150 1435 1175 omnes
1468 1138 1542 1187 qui
1583 1137 1635 1175 de
1671 1151 1721 1175 ea

144 1194 405 1243 scripserunt
434 1194 686 1239 obscurarit,
717 1194 898 1243 posteris
925 1193 1200 1243 praeluxerit‚
1231 1197 1299 1230 tot
1327 1192 1477 1230 seculis
1506 1193 1720 1230 neminem
1742 1213 1782 1234 20

143 1247 272 1285 fuisse
309 1252 485 1286 nactum
520 1262 544 1286 a
577 1261 662 1297 quo
697 1261 774 1298 pro
806 1248 1018 1298 dignitate
1050 1248 1215 1285 Latinis
1250 1247 1427 1285 auribus
1459 1247 1718 1286 traderetur.

143 1302 179 1339 A
201 1302 369 1340 duobus
392 1303 699 1353 interpretibus
720 1303 936 1352 quomodo
958 1307 1173 1340 tractatus
1195 1303 1262 1348 sit,
1286 1302 1390 1352 quid
1418 1303 1579 1340 attinet
1608 1315 1719 1340 com-

144 1370 391 1403 memorare,
423 1371 556 1407 quum
592 1362 635 1395 et
670 1359 761 1408 ipsa
794 1371 858 1395 res
891 1371 965 1408 per
997 1371 1039 1395 se
1075 1357 1283 1403 clamitet,
1317 1361 1361 1395 et
1393 1359 1459 1394 vir
1493 1357 1720 1395 excellenti

144 1412 339 1450 doctrina
357 1412 537 1450 Ioannes
554 1426 579 1450 a
595 1412 742 1450 Monte
761 1413 907 1462 Regio,
926 1414 1039 1450 iusto
1057 1412 1274 1450 volumine
1289 1412 1537 1462 prodiderit.
1575 1412 1722 1463 Nuper

144 1467 209 1504 vir
230 1468 489 1517 sempiterna
510 1467 663 1517 dignus
688 1469 893 1506 memoria
918 1467 1159 1505 Bilibaldus
1187 1467 1498 1517 Pyrchemerus
1526 1467 1719 1517 pulcher·
1743 1487 1782 1517 25

144 1523 297 1560 rimum
321 1535 427 1572 opus
448 1522 629 1560 feliciter
649 1535 870 1572 aggressus
896 1527 974 1568 est,
998 1522 1113 1572 quod
1136 1523 1302 1560 vtinam
1330 1522 1554 1560 absoluere
1582 1522 1719 1560 licuis-

143 1580 232 1622 set;
269 1589 381 1614 mors
411 1581 455 1614 et
485 1577 546 1614 illi
578 1590 817 1615 successum
846 1582 890 1616 et
917 1577 1040 1615 nobis
1067 1577 1257 1615 fructum
1290 1577 1401 1615 hune
1432 1577 1601 1615 inuidit.
1664 1578 1722 1616 At

142 1644 255 1669 nunc
291 1645 419 1681 opera
456 1632 749 1670 Frobenianae
788 1633 981 1671 officinae
1021 1632 1166 1682 prodit
1207 1632 1480 1670 Ptolemaeus
1519 1634 1608 1682 ipse
1644 1646 1722 1671 sua

144 1686 288 1736 lingua
310 1687 499 1736 loquens.
560 1687 671 1725 Nam
697 1687 798 1725 licet
818 1687 1137 1725 Alexandrinus
1164 1687 1307 1733 fuerit,
1331 1692 1476 1725 tamen
1498 1688 1721 1738 Aegyptus

143 1741 185 1779 id
216 1742 421 1791 temporis
451 1743 641 1780 maxima
670 1755 721 1780 ex
753 1747 876 1792 parte
908 1741 1040 1780 Grece
1074 1742 1345 1792 loquebatur,
1378 1743 1420 1780 in
1453 1755 1539 1792 qua
1575 1742 1721 1793 lingua
1741 1762 1783 1793 30

143 1802 324 1846 apparet
351 1797 564 1834 hominem
593 1810 679 1835 non
711 1798 989 1835 infacundum
1021 1797 1163 1842 fuisse,
1193 1810 1443 1847 quanquam
1474 1798 1719 1836 huiusmodi

143 1851 463 1901 disciplinarum
506 1853 712 1890 tractatio
757 1854 890 1902 magis
936 1853 1117 1902 requirit
1165 1865 1403 1890 sermonem
1449 1853 1719 1893 distinctum.

143 1919 295 1944 sanum
317 1919 365 1944 ac
387 1907 658 1957 perspicuum
680 1920 810 1956 quam
831 1907 1102 1957 splendidum
1125 1912 1203 1945 aut
1224 1908 1456 1958 copiosum.
1510 1908 1719 1957 Equidem

144 1973 229 1998 non
251 1974 358 2011 nego
374 1961 607 2011 plurimum
630 1962 769 2000 laudis
791 1962 935 2000 deberi
958 1962 1185 2007 Bilibaldo‚
1204 1963 1276 2000 sed
1300 1967 1444 2000 tamen
1467 1964 1539 2012 qui
1561 1962 1721 2001 Graece

142 2017 304 2065 peritus
329 2015 538 2054 Graecum
561 2016 709 2066 legerit
732 2017 1027 2055 Ptolemaeum
1056 2017 1266 2055 fatebitur
1294 2018 1487 2055 nonnihil
1517 2019 1721 2056 interesse
1742 2035 1782 2066 35

143 2071 256 2108 inter
277 2071 475 2109 lacunam
497 2072 696 2120 quamuis
717 2085 869 2122 puram
890 2077 934 2110 et
955 2072 1119 2111 fontem
1142 2074 1295 2123 ipsum.

197 2125 445 2176 Complures
462 2126 633 2175 quidem
651 2131 743 2167 tum
766 2127 881 2177 apud
898 2126 1093 2173 Graecos,
1109 2132 1202 2165 tum
1221 2128 1335 2177 apud
1354 2128 1533 2165 Latinos
1550 2129 1720 2166 mixtim

142 2180 193 2217 de
219 2179 487 2231 Geographia
515 2186 558 2218 et
586 2180 905 2232 Chorographia
933 2184 1291 2232 conscripserunt,
1319 2184 1431 2221 inter
1456 2196 1562 2232 quos
1596 2196 1721 2221 nemo

142 2234 352 2273 Strabone
389 2235 455 2273 vel
491 2235 736 2285 diligentior
771 2237 837 2274 vel
872 2239 1092 2287 copiosior.
1152 2238 1210 2275 At
1248 2238 1493 2275 Ptolemeus
1529 2239 1720 2276 omnium

143 2290 303 2339 primus
326 2291 433 2328 hanc
455 2290 723 2340 disciplinam
746 2292 799 2329 ad
822 2294 1047 2330 certiorem
1070 2294 1280 2330 rationem
1308 2293 1483 2343 redegit,
1508 2306 1719 2331 commen·
1741 2312 1783 2341 40

142 2350 212 2382 tus
233 2345 538 2383 dimensionem
562 2346 804 2384 latitudinis
821 2348 1007 2384 vniuersi
1031 2347 1143 2385 orbis
1165 2361 1190 2386 a
1211 2348 1310 2398 polo
1332 2348 1386 2385 ad
1409 2348 1569 2398 polum,
1588 2348 1719 2396 longl-

142 2400 306 2437 tudinis
322 2401 376 2438 ab
394 2405 545 2438 exortu
564 2401 617 2438 ad
631 2415 841 2447 occasum,
859 2402 1055 2440 adhibita
1073 2402 1301 2441 collatione
1317 2407 1454 2441 terrae
1472 2403 1721 2441 habitabilis

185 2482 217 2510 9.
244 2472 394 2503 decimis
410 2474 491 2504 add.
509 2473 541 2513 β.
650 2483 698 2512 15.
726 2478 807 2505 tum
825 2475 906 2504 add.
924 2473 955 2508 Β.
1061 2477 1111 2504 16,
1138 2479 1219 2505 tum
1236 2474 1257 2514 β
1274 2487 1279 2505 1
1306 2480 1344 2506 et
1362 2488 1393 2505 α.
1490 2485 1538 2515 17.
1566 2476 1613 2505 ad
1632 2476 1719 2505 haec

141 2526 225 2546 eum
242 2516 282 2555 β;
310 2520 390 2547 tum
409 2530 439 2547 a.
584 2528 699 2555 19—20.
726 2518 788 2558 qui
807 2518 851 2548 de
869 2528 912 2549 ea
929 2519 1157 2558 scripserunt
1175 2519 1256 2549 add.
1275 2518 1306 2557 β.
1442 2529 1494 2559 24.
1521 2530 1541 2550 α
1558 2519 1598 2555 B:
1625 2519 1670 2549 de
1689 2533 1718 2549 α.

143 2569 194 2599 27.
222 2560 319 2591 hunc
335 2560 376 2600 β;
404 2561 505 2592 illum
524 2575 554 2592 α.
648 2571 689 2599 29
714 2562 826 2593 suerit
842 2561 883 2601 β;
910 2563 958 2592 sit
977 2575 1007 2592 α.
1102 2573 1142 2602 35
1170 2563 1424 2594 Ptolemaeum
1443 2564 1524 2594 add.
1542 2563 1574 2603 β.

188 2657 216 2678 2.
243 2647 476 2688 παλιμβόλους]
506 2650 723 2689 Forgetting
750 2650 814 2680 the
844 2651 893 2680 in-
1009 2660 1061 2681 22.
1088 2651 1248 2689 duobus]
1268 2652 1425 2682 Iacobus
1441 2651 1718 2691 Angelus<Viw

142 2693 387 2732 terpretation
407 2694 444 2723 of
462 2694 490 2723 it
504 2694 620 2724 which
637 2694 680 2724 he
695 2694 768 2724 had
786 2695 893 2733 given
964 2705 1085 2729 venza.
1119 2696 1216 2735 1475)
1245 2695 1319 2726 and
1349 2696 1508 2726 Ioannes
1537 2695 1720 2725 vernerus

142 2736 178 2765 in
204 2736 317 2775 Aday.
348 2739 442 2775 1035,
466 2737 643 2768 Erasmus
667 2748 784 2768 seems
810 2738 895 2768 hore.
964 2739 1222 2778 (Nuremberg,
1255 2740 1364 2779 1514).
1413 2740 1531 2769 These
1562 2750 1622 2769 are
1656 2740 1720 2769 the

142 2783 182 2809 to
210 2790 274 2810 use
303 2780 366 2810 the
398 2781 497 2811 word
530 2792 570 2811 as
602 2782 816 2822 equivalent
856 2787 895 2812 to
965 2783 1294 2814 twotranslations
1306 2783 1580 2822 referredtoby
1598 2783 1718 2813 Pirek-

142 2822 388 2862 παλινδρόμους,
408 2826 619 2865 ‘retur-ning
633 2830 671 2856 to
687 2826 733 2856 its
746 2826 895 2861 author,
966 2828 1103 2857 heimer
1137 2828 1170 2857 in
1205 2828 1269 2858 the
1303 2827 1448 2867 piu-suco
1481 2832 1520 2857 to
1550 2828 1604 2857 his
1636 2837 1717 2856 own

141 2876 181 2896 or
197 2868 350 2898 owner'.
966 2872 1131 2905 version:
1157 2872 1202 2901 cf.
1225 2871 1292 2911 Ep.
1314 2874 1409 2901 2006.
1430 2881 1508 2901 2211.

185 2920 217 2947 9.
244 2911 438 2942 Herculem
483 2938 488 2943 .
532 2937 538 2943 .
583 2938 588 2943 .
630 2914 793 2951 decimis]
831 2914 896 2945 See
1010 2925 1063 2955 24.
1091 2915 1250 2946 loannes
1285 2926 1306 2945 a
1336 2915 1461 2945 Monte
1495 2915 1624 2953 Regio]
1654 2915 1719 2945 800

144 2954 255 2994 Adoq.
276 2964 372 2994 3003.
967 2959 1034 2999 Ep.
1056 2962 1150 2989 2600.
1173 2969 1250 2999 24¹¹·
