1966 3379
198 474 239 503 30
259 458 438 495 audisse.

194 2109 237 2137 60
257 2103 410 2141 valere.

193 2382 234 2419 65
255 2377 371 2414 dieta
392 2377 542 2415 fateor.

260 135 339 171 244

694 134 953 173 LETTERS
984 134 1055 173 OF
1084 133 1352 173 ERASMUS

1714 137 1837 185 [1533

316 239 409 277 Rex
446 238 754 283 Ferdinandus,
791 244 961 289 praeter
997 239 1326 277 humanissimas
1362 239 1540 285 litteras,
1577 241 1693 278 misit
1732 242 1836 280 mihi

260 294 468 331 ducentos
496 294 676 330 florenos
704 307 865 340 aureos,
894 298 938 332 et
966 307 1042 344 pro
1071 293 1295 339 Glarezmo,
1318 307 1445 344 quem
1475 295 1835 343 commendaram,

259 349 584 398 quinquaginta.

315 404 377 440 De
407 403 613 447 tumultu,
636 404 709 452 qui
735 403 817 441 fuit
846 403 1065 453 Augustae
1091 404 1133 441 in
1162 404 1228 441 die
1257 404 1525 449 ascensionis,
1549 409 1656 454 puto
1683 409 1724 442 te
1750 407 1834 444 iam

261 513 431 562 pensilis
471 513 579 550 solet
619 513 801 550 adorari.

260 568 535 617 perdiderant
567 568 819 616 Zuingliani.

260 623 345 660 tieri
389 635 558 660 nouam.

258 678 449 715 foramen
479 677 722 722 testudinis,
750 690 823 727 per
848 678 963 727 quod
992 679 1132 726 imago
1157 678 1265 715 solet
1294 678 1467 715 dimitti.

197 746 237 776 35
259 732 366 769 clam
398 733 439 769 vi
468 732 658 769 foramen
689 733 870 782 aperuit,
899 737 943 770 et
974 734 1201 782 imaginem
1234 745 1389 770 nouam
1424 734 1660 783 suspendit.

499 458 674 495 Occasio
704 458 787 495 fuit
820 459 959 507 imago
990 458 1158 503 Christi,
1188 471 1298 507 quae
1330 459 1409 496 sub
1439 459 1657 497 testudine
1685 462 1835 511 templi

869 514 969 551 Eam
1010 518 1110 551 ante
1146 513 1303 550 festum
1340 513 1450 551 clam
1484 514 1751 553 sustulerant
1785 529 1834 553 ac

882 568 929 605 ld
965 568 1145 605 odorata
1180 581 1276 618 pars
1311 568 1492 614 diuersa,
1525 569 1633 606 elam
1665 572 1834 608 curauit

620 622 712 659 Hoc
754 636 898 660 rursus
940 623 1109 660 odorati
1150 623 1402 671 Zuingliani,
1444 624 1585 661 valide
1625 625 1831 663 obturant

1531 678 1709 716 Diuersa
1737 693 1834 730 pars

1721 734 1832 772 Hinc

259 800 357 824 mox
375 793 500 824 atrox
523 787 688 832 seditio,
708 792 756 825 vt
779 788 931 824 mirum
955 789 1009 824 sit
1032 800 1115 824 non
1139 788 1179 824 in
1203 800 1252 825 eo
1269 787 1460 825 tumultu
1480 788 1620 837 plures
1642 789 1833 827 homines

258 842 386 879 fuisse
409 847 594 879 necatos.

258 897 515 935 deiecerunt.

259 952 430 1001 populo,
458 952 613 989 clausit
642 952 864 1001 templum.

656 842 908 889 Zuingliani,
928 855 1157 879 conscensa
1181 842 1329 892 templi
1353 843 1582 887 testudine,
1606 845 1831 893 imaginem

577 897 766 934 Tandem
797 901 841 934 et
870 898 1159 945 magistratus,
1191 898 1326 934 missis
1357 897 1630 943 satellitibus,
1659 899 1832 937 excluso

926 952 1108 998 Quidam
1138 952 1287 1001 templi
1316 957 1569 1001 procurator
1597 953 1679 991 fuit
1707 959 1832 991 autor

196 1022 238 1052 40
259 1007 476 1044 tollendae
506 1008 711 1055 imaginis.
743 1007 1010 1056 reponendae
1039 1007 1121 1044 fuit
1145 1008 1451 1055 antesignanus
1479 1007 1692 1045 Antonius
1724 1008 1830 1058 Fug-

257 1075 391 1109 gerus,
416 1062 487 1110 qui
510 1074 621 1099 nunc
643 1067 708 1099 est
731 1075 826 1098 reus
853 1062 1068 1099 excitatae
1097 1061 1328 1098 seditionis.

1390 1062 1481 1099 Hae
1508 1063 1547 1099 in
1579 1068 1699 1112 parte
1725 1063 1829 1100 desi-

257 1110 357 1154 dero
379 1118 420 1153 in
444 1116 632 1153 Antonio
654 1117 942 1165 prudentiam.
1002 1115 1249 1153 Cedendum
1271 1120 1363 1154 erat
1387 1116 1445 1154 illi
1468 1117 1690 1166 procellae.
1743 1118 1831 1156 Nec

257 1172 369 1208 tanti
392 1177 485 1209 erat
503 1171 606 1208 illud
628 1171 917 1209 simulacrum.
960 1171 1090 1208 Haud
1108 1172 1192 1208 scio
1214 1184 1268 1208 an
1291 1171 1576 1221 Mariangelus
1593 1172 1830 1211 Antonium

256 1226 311 1263 ad
334 1226 411 1263 hoe
434 1226 598 1263 facinus
619 1227 834 1264 animarit.

312 1281 437 1318 Nunc
478 1281 678 1328 intellige,
717 1294 827 1330 quur
868 1281 1090 1318 Luscinius
1130 1294 1297 1319 meeum
1338 1281 1510 1319 redierit
1551 1283 1592 1319 in
1632 1284 1828 1332 gratiam.

258 1336 511 1385 Resignauit
542 1336 712 1373 cuidam
744 1336 1018 1385 prebendam,
1045 1336 1123 1373 hae
1152 1336 1253 1385 lege,
1281 1340 1329 1373 vt
1357 1336 1573 1386 Fuggerus
1599 1339 1831 1386 quotannis

257 1396 500 1428 numeraret
523 1391 601 1440 ipsi
623 1391 686 1428 So.
711 1390 891 1428 florenos
913 1403 1077 1436 aureOS,
1100 1391 1233 1428 donec
1255 1396 1524 1441 procurasset
1545 1392 1830 1431 sacerdotium

257 1445 445 1483 eiusdem
479 1458 627 1483 census
661 1450 738 1483 aut
775 1447 957 1483 maioris.

1019 1445 1175 1483 Verum
1209 1446 1280 1483 Vbi
1314 1446 1530 1495 Fuggerus
1565 1459 1617 1484 ex
1652 1446 1831 1485 Cholero

257 1501 538 1550 cognouisset‚
576 1501 688 1538 hune
728 1501 831 1538 mihi
872 1513 960 1538 esse
1002 1501 1231 1545 inimicum,
1266 1501 1495 1538 videbatur
1530 1506 1830 1540 contracturus

258 1665 445 1702 subitam
469 1666 766 1703 mutationem.

196 1569 237 1598 50
258 1555 567 1605 benignitatem
596 1568 730 1600 suam,
757 1561 870 1593 certe
895 1569 991 1593 eum
1020 1556 1268 1605 scrupulum
1293 1555 1354 1593 illi
1382 1557 1585 1594 iniecerat
1612 1556 1828 1596 Cholerus.

258 1610 350 1647 Hoc
391 1615 587 1648 metuens
628 1611 862 1655 Luscinius,
904 1610 1030 1648 finxit
1070 1611 1257 1648 reditum
1298 1612 1340 1648 in
1380 1612 1575 1660 gratiam.

829 1665 911 1703 Sed
934 1666 1013 1703 sul)
1035 1665 1193 1703 testum
1220 1665 1488 1703 Ascensionis
1511 1666 1734 1704 Luseinius
1756 1680 1830 1717 per

1642 1612 1830 1650 Mirabar

257 1720 423 1757 litteras
457 1733 612 1769 inagna
644 1721 853 1758 instantia
884 1721 1009 1770 petiit
1039 1733 1064 1757 a
1095 1733 1161 1757 me
1193 1725 1241 1757 vt
1274 1734 1368 1758 mea
1403 1721 1475 1758 illa
1509 1721 1755 1770 eloquentia
1787 1735 1830 1760 se

257 1774 444 1812 Antonio
476 1775 667 1825 Fuggero
697 1775 1063 1812 commendarem:
1099 1788 1141 1812 se
1171 1788 1254 1813 non
1283 1788 1372 1813 esse
1400 1788 1513 1813 nunc
1541 1776 1673 1814 alium
1699 1790 1829 1826 quam

195 1844 234 1873 55
256 1829 339 1867 fuit
360 1829 459 1867 olim
478 1842 610 1879 quum
629 1830 846 1879 Fuggerus
868 1831 1007 1880 ipsum
1029 1843 1106 1868 sua
1123 1829 1388 1880 benignitate
1409 1830 1584 1880 dignum
1607 1831 1827 1870 iudicaret.

257 1884 349 1921 Hoc
373 1897 472 1921 sane
494 1892 642 1922 verum
665 1885 787 1930 dixit,
806 1885 886 1922 nisi
903 1885 1017 1934 quod
1034 1884 1280 1922 addendum
1298 1890 1414 1923 erat:
1441 1898 1585 1923 errans
1608 1886 1827 1925 iudicaret.

256 1938 367 1984 Quid
407 1939 589 1977 facerem
606 1945 621 1977 Υ

690 1940 899 1989 Negarem
940 1940 1125 1978 officium
1172 1940 1474 1978 reconciliato?

1546 1940 1713 1990 Scripsi,
1755 1942 1829 1979 sed

256 1994 394 2031 colore
413 1994 637 2032 rhetorico.
682 1994 759 2032 Ille
776 1995 956 2032 iactauit
970 1999 1163 2032 nostram
1181 1996 1428 2033 amiciciam.
1479 1995 1619 2033 Multa
1632 2001 1829 2034 amanter

257 2049 308 2086 de
341 2062 407 2086 me
450 2049 728 2099 praedicauit.

484 2103 594 2149 Quid
640 2105 818 2142 multis?

791 2049 841 2087 Se
882 2050 1096 2099 purgauit.

892 2104 1152 2154 Impetrauit
1196 2105 1312 2153 quod
1357 2105 1507 2142 voluit.

1158 2049 1360 2087 Addebat
1400 2050 1626 2088 Erasmum
1667 2052 1828 2101 optime

1579 2105 1828 2155 Numquam

256 2162 401 2196 tamen
432 2171 498 2195 me
536 2160 704 2196 inuisit:
748 2172 821 2209 per
853 2159 1021 2196 litteras
1053 2164 1097 2196 et
1129 2159 1340 2197 famulum
1375 2161 1476 2209 agit,
1511 2161 1544 2197 si
1580 2161 1682 2209 quid
1718 2161 1826 2199 vult.

257 2213 458 2263 Pelasgus
481 2226 555 2250 nec
574 2215 686 2259 visit,
705 2227 781 2251 nee
804 2214 963 2259 scribit,
982 2218 1030 2251 vt
1053 2214 1265 2263 intelligas
1288 2227 1375 2252 rem
1398 2214 1449 2252 de
1471 2216 1707 2264 composito
1727 2217 1826 2265 geri.

312 2268 521 2305 Venditur
549 2269 643 2306 istie
672 2269 1006 2306 commentarius
1034 2281 1172 2306 nouus
1202 2269 1387 2319 Philippi
1414 2269 1757 2308 Melanehthonis
1785 2271 1827 2308 in

256 2322 495 2372 Epistolam
524 2323 578 2360 ad
609 2323 852 2367 Romanos3
885 2325 928 2360 in
959 2336 1043 2372 quo
1071 2323 1150 2361 sibi
1179 2323 1423 2373 placet—et
1448 2324 1587 2362 multa
1612 2325 1827 2374 praeclare

298 2519 350 2548 27.
377 2509 570 2547 ducentos]
592 2506 670 2540 Not
688 2510 792 2549 quite
809 2514 938 2545 exact;
965 2519 1006 2548 5ο

254 2553 380 2583 florins
398 2553 471 2583 had
490 2553 581 2583 been
599 2564 620 2583 a
638 2553 807 2593 personal
825 2554 894 2593 gift
913 2554 1006 2584 froin

253 2597 333 2627 Cles
350 2598 424 2634 <see
442 2597 511 2636 Ep.
531 2597 641 2633 2801).

299 2650 351 2677 29.
377 2640 435 2670 die
449 2641 686 2678 ascensionis]
700 2651 738 2671 22
752 2641 849 2681 May.
897 2641 1004 2672 Eras-

253 2695 336 2714 mus
368 2685 480 2714 refers
507 2685 614 2724 again
647 2689 685 2715 to
717 2685 780 2715 the
809 2686 1007 2725 Augsburg

253 2728 511 2759 disturbances
528 2729 564 2758 in
584 2729 652 2768 Ep.
673 2729 768 2768 2845.

298 2781 350 2811 43.
377 2772 635 2812 Mariangelus]
649 2772 713 2802 See
727 2773 795 2813 Ep.
812 2774 909 2813 2854.
923 2775 1001 2812 76η.

254 2816 298 2846 In
317 2816 386 2856 Ep.
407 2817 501 2855 2814.
521 2817 618 2855 437-3,
633 2816 763 2846 Choler
780 2818 903 2847 writes
920 2817 1004 2847 that

254 2859 499 2900 Mariangelus
516 2860 545 2889 is
559 2860 718 2900 packing
734 2871 785 2900 up
803 2866 842 2891 to
859 2861 1004 2900 depart.

297 2906 349 2933 60.
378 2903 617 2943 Impetrauit]
646 2904 723 2934 The
752 2904 1004 2937 information.

253 2947 337 2977 that
377 2947 569 2977 Luscinius
608 2947 680 2977 had
720 2953 780 2987 got
823 2949 922 2978 what
961 2948 1006 2978 he

252 2991 412 3027 wanted,
430 2996 543 3027 must,
561 2991 633 3021 like
651 2991 714 3021 the
732 2991 952 3031 particulars
968 2991 1006 3022 of

594 2377 675 2416 Sed
698 2379 740 2415 in
762 2378 910 2416 multis
932 2378 1139 2428 displicet.

256 2433 392 2469 reiicit
417 2432 639 2481 Origenem
665 2437 708 2470 et
732 2433 1034 2482 Augustinum,
1057 2446 1142 2470 non
1170 2446 1306 2482 pauca
1333 2433 1534 2487 transilit.

1191 2378 1382 2427 Torquet
1403 2379 1554 2425 multa,
1577 2384 1828 2429 arroganter

1596 2434 1695 2484 Legi
1723 2447 1824 2484 qua-

1075 2510 1139 2540 tho
1164 2509 1303 2540 tumult
1323 2514 1363 2540 at
1385 2511 1593 2551 Augsburg‚
1615 2512 1709 2542 have
1725 2522 1827 2543 come

1076 2554 1169 2584 from
1183 2563 1282 2584 some
1297 2554 1404 2584 other
1416 2564 1542 2585 source
1557 2556 1648 2585 than
1665 2555 1827 2586 Choler’s

1076 2597 1186 2628 letter
1202 2597 1275 2635 01⁴5
1292 2598 1391 2628 June
1408 2598 1493 2638 (Ep.
1513 2599 1625 2638 2814).

1117 2643 1171 2671 62,
1198 2641 1387 2681 Pelargus]
1402 2642 1513 2672 What
1529 2643 1557 2672 is
1568 2643 1646 2673 said
1658 2648 1827 2683 suggests

1074 2686 1159 2715 that
1184 2686 1246 2715 the
1268 2685 1444 2721 coolness‚
1467 2686 1585 2716 which
1610 2686 1683 2716 had
1706 2688 1826 2718 arisen

1075 2730 1111 2759 in
1124 2729 1187 2759 the
1198 2733 1355 2759 autumn
1367 2729 1404 2759 of
1419 2738 1512 2769 1532,
1524 2730 1598 2760 still
1609 2731 1822 2767 continued;

1073 2773 1142 2803 but
1152 2772 1249 2812 Epp.
1262 2774 1563 2812 2832—2840sh0w
1573 2774 1658 2805 that
1668 2774 1826 2815 friendly

1073 2816 1249 2846 relations
1265 2827 1358 2847 were
1375 2827 1465 2847 soon
1482 2817 1658 2848 restored.

1117 2863 1171 2899 63.
1196 2862 1498 2899 commentarius]
1513 2861 1769 2893 Commentaric'
1786 2863 1826 2894 in

1074 2904 1278 2943 Epistolam
1295 2904 1406 2935 Pauli
1418 2905 1464 2935 ad
1474 2905 1666 2942 Romanos,
1679 2905 1707 2936 Ι.
1723 2906 1824 2947 Clug‚

1074 2947 1319 2988 VVittenberg,
1341 2957 1435 2988 1532.
