1966 3379
241 130 318 167 232
668 130 925 169 LETTERS
956 129 1027 169 OF
1056 129 1324 169 ERASMUS
1683 133 1806 182 [1533

179 250 220 271 20
240 235 502 283 tragoediam
529 235 766 277 decantaui,
790 235 889 273 licet
914 235 1181 280 festinanter,
1203 248 1279 273 nec
1308 236 1409 285 quid
1437 237 1673 286 scripserim
1702 238 1807 275 satis

240 291 337 335 scio,
356 303 430 327 nec
449 290 628 337 relegere
650 292 782 339 potui.
827 290 876 327 In
899 303 1077 334 summa,
1095 290 1152 327 nil
1171 291 1254 327 iam
1277 293 1519 340 supere<s>t
1540 292 1618 328 nisi
1640 296 1688 329 vt
1709 305 1804 330 con-

240 344 434 382 clamatis
468 346 578 382 vasis
614 345 710 381 hinc
743 346 1007 394 emigremus,
1040 350 1083 382 et
1123 345 1463 382 florentissimam
1501 345 1609 383 hanc
1645 346 1804 392 vrbem,

240 399 467 448 pat<riams
495 404 699 445 nostram,
731 400 830 436 feris
864 400 1155 437 animantibus
1188 400 1468 449 diripiendam
1502 400 1805 449 relinquamus.

241 454 331 490 Iam
360 466 460 504 prae
482 454 677 491 manibus
704 459 769 491 est
791 458 839 491 vt
865 454 1111 503 Zuingliana
1140 454 1270 491 factio
1296 454 1418 491 nobis
1444 455 1621 504 prim<os
1638 468 1806 505 quoque

180 523 219 552 25
239 508 306 546 dic
329 508 439 558 leges
460 509 697 558 proscribat
719 513 931 558 quatenus
952 509 1199 546 ceremoniis
1220 509 1326 558 v<tif
1344 509 1467 546 liceat
1485 523 1491 553 ;
1525 522 1630 558 quas
1647 511 1681 547 si
1698 510 1805 548 ferre

240 563 510 608 noluerimus,
546 563 671 600 liceat
706 564 827 601 nobis
863 563 1001 613 h<incl
1025 576 1119 600 cum
1156 563 1375 600 sarcinulis
1411 568 1454 601 et
1491 564 1802 614 impedimentis

239 619 453 667 emigrare.
514 618 594 655 sed
618 619 700 655 iam
723 622 850 656 antea
872 618 994 655 facile
1016 618 1137 655 nobis
1161 618 1351 655 diuinare
1374 618 1483 663 licet,
1506 619 1608 667 quid
1632 619 1686 657 ab
1714 621 1806 657 istis

239 671 490 721 euangelicis
514 673 739 722 praescribi
761 674 893 722 possit
915 678 991 710 aut
1013 673 1159 710 soleat.
1220 672 1299 710 Sed
1328 673 1497 710 interim
1522 686 1595 723 spe
1620 674 1738 711 dubii
1762 679 1807 712 et

238 732 356 764 metu
377 728 493 764 anxii
516 727 758 777 pendemus

178 796 220 825 30
294 782 335 819 Si
368 782 602 819 Sueuorum
636 782 785 820 foedus
818 782 949 832 (quod
984 782 1037 819 ad
1079 781 1267 819 natalem
1308 782 1418 819 diem
1460 783 1547 820 diui
1588 782 1807 822 Laurentii

238 836 421 874 dilatum
439 840 519 885 est)
538 837 682 886 pridie,
703 842 750 875 vt
771 842 1069 882 conuenerant,
1087 841 1342 874 renouatum
1360 837 1522 882 fuisset,
1541 850 1635 887 spes
1657 838 1807 876 fuisset

238 904 314 928 nos
336 891 402 929 hic
423 891 564 929 saluos
586 896 628 929 et
651 896 769 929 tutos
790 905 878 929 esse
900 893 1101 941 potuisse.
1163 891 1317 929 Verum
1339 905 1387 928 ea
1411 893 1493 929 iam
1521 898 1585 929 est
1612 892 1734 930 valde
1763 894 1805 930 in

239 946 380 991 dubio,
410 950 453 983 et
483 947 598 996 apud
630 959 695 984 me
727 947 813 984 fere
845 947 1071 996 desperata
1103 950 1145 983 et
1177 946 1443 984 conclamata
1474 960 1657 996 prorsus.
1718 947 1805 985 Nec

238 1000 376 1038 adhuc
405 1001 539 1050 liquet
561 1014 645 1050 quo
670 1005 794 1038 tanta
819 1002 1089 1039 sacerdotum
1114 1006 1288 1038 caterua
1315 1002 1369 1039 sit
1397 1003 1740 1051 commigratura,
1763 1007 1806 1040 ct

178 1068 218 1099 35
238 1055 310 1092 vbi
331 1068 465 1093 nouas
488 1056 606 1093 sedes
627 1057 761 1106 possit
783 1057 1054 1101 constituere,

566 1111 744 1148 Diuersa
765 1111 892 1148 exilia
913 1115 957 1148 et
978 1110 1167 1148 desertas
1189 1123 1361 1159 querere
1385 1116 1530 1155 terras,

567 1165 723 1203 Incerti
746 1178 830 1214 quo
851 1165 942 1203 fata
964 1165 1117 1209 ferant,
1141 1166 1212 1202 vbi
1234 1166 1379 1203 sistere
1401 1166 1538 1203 detur.

294 1220 448 1258 Verum
465 1220 567 1257 haec
582 1224 630 1261 ‚vt
647 1221 737 1257 ioco
753 1220 869 1257 dicta
885 1224 1148 1265 sunt,vereor
1163 1233 1215 1258 ne
1231 1221 1354 1257 nimis
1372 1233 1468 1258 vere
1486 1221 1594 1258 hanc
1616 1221 1805 1259 fabulam

237 1276 375 1312 acturi
415 1275 556 1313 simus.
617 1275 756 1312 Vnum
798 1275 901 1312 mihi
940 1275 1142 1312 solacium
1174 1278 1251 1320 est,
1285 1275 1399 1324 quod
1432 1288 1516 1312 non
1550 1276 1687 1313 solum
1723 1278 1806 1314 mei

176 1344 218 1374 40
238 1329 394 1367 ordinis
415 1330 654 1380 complures
679 1329 790 1367 exilii
816 1330 992 1367 comites
1017 1329 1242 1367 habiturus
1267 1330 1357 1375 sim,
1381 1343 1527 1368 verum
1556 1332 1740 1381 optimos
1762 1336 1806 1368 et

238 1385 627 1434 praestantissimos
644 1397 835 1434 quosque
852 1384 977 1422 huius
994 1385 1109 1422 vrbis
1130 1385 1255 1430 ciues,
1273 1385 1346 1433 qui
1364 1385 1634 1434 tyrannidem
1655 1386 1803 1424 hereti-

237 1451 383 1476 corum
422 1439 530 1476 ferre
566 1452 651 1477 non
684 1443 901 1489 poterunt.
961 1438 1177 1488 Quidquid
1208 1439 1403 1477 futurum
1436 1441 1528 1482 erit,
1561 1441 1806 1490 significabo

236 1506 411 1543 semper.
471 1493 557 1531 Nec
579 1499 644 1531 est
665 1494 779 1543 quod
801 1494 853 1532 de
880 1507 947 1532 me
969 1494 1150 1531 dubites.
1210 1494 1294 1531 Ero
1320 1495 1400 1531 mei
1428 1495 1574 1532 similis
1600 1500 1806 1545 perpetuo

235 1553 279 1585 et
313 1561 477 1598 semper
510 1549 660 1586 eodem
695 1549 837 1586 animo
868 1562 966 1598 erga
1001 1553 1056 1594 te,
1090 1549 1133 1586 in
1164 1561 1439 1598 quascunque
1473 1548 1655 1598 terra<s>
1686 1550 1805 1588 fuero

175 1618 215 1649 45
235 1603 415 1641 delatus.
476 1604 533 1641 Et
554 1603 747 1641 fortassis
769 1608 811 1642 te
836 1603 953 1641 breui
974 1603 1129 1641 videbo
1150 1616 1304 1642 coram.
1364 1604 1584 1642 Luscinius
1609 1605 1719 1643 idem
1741 1610 1806 1643 est

235 1659 307 1707 qui
328 1657 411 1695 fuit
431 1671 606 1708 semper.

291 1713 425 1750 Maria
457 1713 642 1762 Angelus
674 1713 841 1762 collegit
873 1713 1105 1751 sarcinulas
1138 1713 1233 1751 hinc
1265 1713 1471 1751 abiturus.
1533 1714 1806 1752 Profecturus

236 1768 372 1817 primo
402 1772 467 1805 est
488 1768 701 1813 Venecias,
728 1768 824 1806 inde
851 1772 969 1806 recta
999 1769 1040 1805 in
1071 1769 1255 1818 patriam
1287 1769 1505 1806 ciuitatem
1534 1769 1803 1818 Aquilanam.

235 1822 435 1859 Absoluit
456 1822 522 1860 hic
543 1822 772 1860 Amianum
795 1822 1136 1871 Mar<c>ellinum
1157 1827 1200 1860 et
1221 1823 1459 1861 Cassiodori
1480 1834 1619 1874 opera.

176 1893 217 1921 50
291 1877 551 1915 Litterarum
582 1882 756 1915 tuarum
787 1877 1036 1915 fasciculum
1067 1877 1118 1915 D.
1151 1877 1211 1915 Io.
1245 1877 1612 1927 Baumgartinero‚
1645 1883 1693 1917 vt
1723 1880 1803 1917 ius-

235 1932 376 1979 <s>isti
404 1933 492 1981 ipse
520 1945 596 1982 ego
624 1933 894 1982 consignaui3
928 1933 1086 1982 recepit
1113 1945 1156 1970 se
1180 1932 1382 1970 daturum
1409 1946 1579 1983 operam
1609 1938 1659 1971 vt
1688 1934 1805 1972 breui

236 1986 464 2023 Patauium
486 1988 718 2036 perueniat.

292 2041 523 2090 Reliquum
545 2046 610 2079 est
627 2046 676 2079 vt
696 2042 838 2079 valeas
860 2046 904 2079 et
924 2055 1000 2079 nos
1021 2054 1163 2079 amare
1185 2046 1337 2080 mutuo
1359 2055 1443 2080 non
1464 2043 1643 2081 desinas.
1688 2043 1803 2090 Vale,

236 2095 409 2133 Erasme
431 2097 733 2134 amantissime.

176 2167 215 2196 55
292 2150 406 2188 Data
426 2151 645 2201 Augustae
667 2151 745 2189 Die
767 2152 919 2201 quinta
941 2151 1053 2189 Iunii
1074 2164 1186 2189 anno
1210 2161 1325 2199 1533.

1097 2206 1214 2244 Tuus
1233 2206 1436 2244 Cholerus
1458 2220 1554 2244 vere
1575 2208 1747 2245 amicus.

290 2276 546 2315 Doctissimo
567 2281 697 2327 atque
719 2278 990 2328 integerrimo
1012 2277 1062 2316 D.
1080 2277 1258 2315 Erasmo
1281 2278 1572 2317 Roterodamo
1589 2279 1804 2330 Theologo

235 2330 361 2368 detur
381 2331 586 2382 Friburgi.

597 2457 726 2495 2815.
791 2454 930 2495 FROM
954 2452 1153 2495 GERARD
1178 2454 1433 2496 PHRYsms,

284 2542 444 2587 Leipzig
462 2542 543 2577 MS.
1520 2545 1703 2579 London.

283 2591 367 2625 EE.
391 2593 471 2634 187.
1476 2595 1497 2627 8
1516 2594 1624 2628 June
1647 2605 1751 2638 1533.

280 2658 353 2696 [An
373 2658 525 2699 original
550 2659 672 2696 letter,
690 2660 899 2700 autograph
923 2660 1163 2701 throughout.
1211 2660 1377 2702 Nothing
1399 2661 1427 2692 is
1449 2661 1582 2692 known
1602 2662 1640 2692 of
1663 2661 1802 2693 Gerard

216 2742 218 2745 ι
235 2701 411 2742 Phrysius
427 2702 573 2743 beyond
591 2703 660 2743 Ep.
680 2713 762 2743 2232
780 2704 853 2734 and
870 2704 944 2735 this
960 2704 1098 2742 letter]

846 2800 899 2830 24.
925 2801 1073 2832 quoquo
1089 2790 1171 2821 MS.

279 2866 374 2896 2814.
397 2867 492 2905 36—7.
514 2866 667 2897 Diuersa
683 2891 688 2896 .
704 2891 709 2896 .
725 2867 866 2905 .detur]
875 2867 982 2907 Verg.
1051 2867 1188 2898 similar
1204 2867 1291 2898 visit
1308 2877 1424 2898 seems
1441 2870 1480 2898 to
1498 2868 1591 2899 have
1609 2868 1700 2899 been
1718 2879 1800 2909 pro-

235 2910 324 2940 Aen.
344 2919 373 2949 3.
392 2920 411 2949 4
429 2910 503 2940 and
520 2919 550 2949 7.
1048 2912 1181 2951 jected,
1199 2921 1258 2942 see
1276 2911 1344 2951 Ep.
1364 2919 1460 2949 2505.
1482 2921 1509 2941 1.

278 2961 330 2993 45.
357 2953 503 2990 videbo]
532 2954 696 2993 Nothing
728 2954 756 2984 is
784 2954 917 2984 known
946 2954 983 2985 of
1095 2964 1146 2994 47.
1173 2955 1288 2985 Maria
1312 2955 1488 2995 Angelus]
1515 2955 1579 2986 See
1604 2955 1674 2996 Ep.
1701 2957 1797 2996 2854.

234 2997 307 3027 this
332 2997 519 3037 projected
536 2997 634 3027 visit.
683 2997 727 3027 In
744 2998 841 3028 June
862 3007 940 3038 1531
961 3008 982 3029 a
1050 3000 1130 3038 76n.
1178 2999 1236 3029 He
1253 2999 1282 3029 is
1299 2999 1457 3029 referred
1473 3003 1512 3030 to
1530 3000 1567 3029 in
1584 2999 1653 3040 Ep.
1673 3000 1767 3030 2818.
