1966 3379
168 126 288 174 2774]
580 122 650 160 To
679 122 831 160 JOHN
864 120 1301 159 PAUNGARTNER
1653 122 1722 157 171

220 226 322 277 Spes
352 231 416 264 est
447 231 591 264 autem
623 226 699 263 hoc
732 231 985 263 euenturum
1019 225 1111 262 aliis
1143 224 1430 273 compluribus
1463 237 1513 261 cx
1548 224 1727 262 lectione

166 281 280 330 quod
302 281 404 318 mihi
425 281 579 318 accidit
601 282 710 317 inter
727 280 994 317 vertendum.
1041 280 1157 316 Sensi
1180 280 1289 315 enim
1314 280 1354 315 in
1377 292 1453 319 1110,
1473 280 1581 315 sensi
1603 292 1724 327 quas-

165 336 264 372 dam
304 335 561 384 cupiditates
601 335 719 371 101111
760 336 1078 371 incantamento
1118 333 1315 370 delinitas
1355 334 1583 375 mitescere,
1624 333 1725 370 dum

164 389 492 438 Chrysostomus
521 389 572 426 ob
602 389 744 426 oculos
767 389 883 438 ponit
907 401 1035 437 quam
1064 389 1217 424 eximia
1246 387 1371 424 fuerit
1404 388 1443 423 in
1471 388 1616 436 priscis
1646 388 1726 424 illis

165 445 295 481 animi
316 444 562 481 moderatio.
623 443 794 480 Adhaec
812 443 1109 486 animaduerti,
1128 446 1390 490 quantopere
1413 441 1631 486 fallantur,
1655 443 1725 490 qui
1746 448 1763 476 S

165 499 320 535 veteris
342 499 589 535 testamenti
617 498 815 534 historias
843 497 990 534 eodem
1016 509 1121 546 pene
1142 497 1284 533 animo
1306 496 1452 542 legunt
1474 508 1557 544 quo
1580 496 1726 545 legunt

167 552 367 590 Liuianas
395 557 471 589 aut
499 552 773 590 Salustianas.
834 551 884 588 In
909 552 1036 588 sacris
1061 552 1171 588 enim
1199 550 1515 587 narrationibus
1543 551 1726 587 immane

163 611 327 655 quanto
357 608 491 644 maior
522 607 773 655 vberiorque
804 606 912 643 latet
939 605 1219 655 philosophia.
1270 605 1374 641 Eam
1396 603 1726 653 Chrysostomus

164 662 270 698 inira
300 662 545 698 curiositate
577 662 633 698 sic
661 661 783 705 eruit,
816 661 873 697 sic
901 660 1107 701 enucleat,
1134 661 1190 696 sic
1213 658 1346 708 infigit
1369 660 1511 696 animo
1534 664 1578 695 vt
1603 672 1726 696 nemo

162 716 400 753 crediturus
427 716 553 753 fuerit
581 716 659 752 sub
686 715 885 752 historiae
913 715 1059 752 tunica
1086 719 1257 751 tantum
1285 713 1416 750 latere
1441 713 1724 762 spiritualium
1746 727 1784 747 1-

161 769 420 807 deliciarum.
481 770 634 819 Itaque
670 771 702 806 si
736 769 976 806 huiusmodi
1009 768 1229 818 colloquiis
1265 768 1532 805 transmittes
1561 768 1725 816 aliquot

164 824 286 861 horas
312 825 353 861 in
379 825 490 862 hisce
516 825 862 873 quadragesimae
890 823 1049 868 diebus,
1073 823 1237 860 confido
1263 827 1305 860 te
1331 823 1372 859 id
1395 835 1477 859 non
1500 823 1587 859 sinc
1610 822 1726 859 lucro

162 878 296 916 bonae
317 880 472 916 mentis
492 879 719 916 facturum.

214 933 451 970 Additurus
473 946 587 970 eram
610 938 651 971 et
673 933 777 970 alias
798 933 964 981 aliquot
986 932 1192 976 homilias,
1216 931 1287 968 sed
1309 931 1567 980 deprehendi
1592 931 1723 980 plera-

160 1000 241 1036 que
270 987 335 1024 vel
364 1001 451 1025 esse
479 988 612 1025 notha
640 987 706 1024 vel
735 987 877 1024 nothis
908 988 1213 1024 contaminata.
1273 984 1408 1030 Quam
1438 986 1724 1022 temeritatem

161 1041 241 1079 heu
278 1042 454 1079 nimium
487 1055 611 1091 saepe
642 1042 861 1091 deplorare
897 1042 1086 1091 cogimur
1126 1041 1169 1078 in
1209 1045 1401 1077 veterum
1439 1041 1726 1077 monumentis

160 1101 390 1134 versantes
450 1096 592 1134 Codex
613 1101 706 1134 erat
728 1096 836 1133 belle
858 1096 1106 1145 descriptus,
1129 1096 1266 1133 aureis
1289 1094 1423 1132 literis
1444 1100 1484 1132 ct
1514 1094 1725 1132 coloribus

160 1151 378 1200 magnifice
422 1151 627 1200 depictus.
687 1150 767 1188 Sed
812 1152 1001 1188 omnium
1042 1151 1190 1200 prima,
1231 1151 1350 1187 cuius
1391 1150 1559 1186 initium
1601 1149 1726 1186 multo

158 1210 329 1254 tempore
350 1205 462 1251 silui,
480 1205 582 1242 nihil
606 1205 792 1243 habebat
813 1205 1127 1254 Chrysostomi:
1156 1217 1284 1253 quam
1308 1217 1391 1241 non
1415 1205 1454 1240 in
1477 1203 1591 1240 aliud
1615 1205 1723 1240 verti

159 1260 237 1296 nisi
271 1264 318 1297 vt
352 1262 563 1309 specimen
595 1265 705 1297 esset
740 1273 806 1297 me
839 1261 966 1297 toties
998 1272 1081 1297 non
1117 1260 1288 1296 omnino
1329 1259 1379 1295 de
1420 1258 1551 1295 nihilo
1592 1259 1722 1306 queri.

158 1313 428 1351 Occasionem
459 1316 698 1364 argumenti
729 1315 911 1363 sumpsit
942 1327 993 1351 ex
1028 1314 1216 1351 historia.
1278 1313 1472 1360 Vulgaris
1506 1313 1570 1349 hic
1603 1313 1724 1349 fucus

157 1374 234 1406 est.
287 1369 448 1406 Deinde
479 1382 607 1418 quam
639 1369 742 1406 nihil
774 1369 996 1406 cohaeret!
1047 1368 1083 1405 A
1112 1368 1249 1406 turbis
1281 1368 1399 1404 venit
1429 1367 1482 1404 ad
1511 1380 1581 1404 eos
1609 1367 1723 1416 apud

157 1436 263 1472 quos
285 1423 517 1472 tranquilla
538 1429 659 1461 erant
681 1425 834 1460 onmia.
896 1424 951 1460 Et
974 1423 1117 1460 subito
1139 1422 1259 1460 velut
1284 1422 1443 1459 oblitus
1467 1423 1542 1465 sui,
1566 1423 1723 1471 tragice

158 1477 428 1523 vociferatur,
460 1479 502 1515 111
533 1478 656 1515 rebus
688 1478 884 1515 humanis
916 1478 1093 1515 turbata
1126 1490 1214 1514 esse
1250 1478 1403 1521 omnia,
1439 1476 1541 1513 nihil
1578 1476 1722 1521 fidum,

157 1532 259 1569 nihil
291 1545 527 1581 syncerum.
587 1533 652 1570 Ab
685 1533 762 1570 hoc
793 1532 927 1581 gradu
958 1532 1097 1570 desilit
1131 1532 1185 1569 ad
1212 1532 1379 1573 diuites,
1409 1536 1451 1568 et
1480 1532 1722 1575 3031101301,

157 1586 275 1624 velut
306 1587 458 1625 horum
489 1587 697 1625 malorum
728 1587 915 1632 fontem;
951 1592 1083 1636 atque
1119 1586 1184 1624 hic
1217 1591 1431 1623 tractatur
1465 1585 1580 1622 locus
1613 1598 1721 1622 com-

156 1642 295 1678 munis
327 1641 378 1679 de
410 1642 732 1691 reprehensione
763 1642 1012 1679 diuitiarum
1043 1654 1091 1679 ac
1123 1641 1248 1678 laude
1279 1641 1559 1690 paupertatis.
1621 1640 1723 1677 Post

155 1695 256 1733 haec
272 1696 348 1733 Iob
371 1696 637 1746 protrahitur
658 1698 697 1733 in
720 1696 917 1741 medium,
935 1709 1019 1745 quo
1036 1696 1185 1746 probet
1209 1708 1417 1732 sumniam
1435 1708 1522 1732 esse
1539 1695 1722 1732 diuitum

155 1750 479 1800 philosophiam,
506 1752 539 1788 si
569 1751 609 1787 in
639 1751 800 1788 diuitiis
829 1755 1059 1800 expectent
1089 1755 1401 1800 paupertatem.
1463 1749 1511 1786 In
1544 1763 1721 1791 summa,

155 1806 311 1842 sentias
330 1810 486 1842 temere
503 1805 623 1842 fundi
640 1805 782 1847 verba,
799 1818 1036 1854 vocumque
1055 1805 1193 1842 turbis
1209 1804 1369 1853 expleri
1387 1804 1568 1845 chartas,
1587 1817 1722 1852 neque

154 1860 382 1908 quicquam
411 1873 462 1897 ex
498 1861 639 1897 animo
671 1861 764 1897 dici.
817 1860 942 1897 Hunc
976 1859 1226 1909 sacrilegum
1258 1859 1405 1896 ludum
1438 1860 1478 1895 in
1508 1860 1719 1907 gratiosis-

154 1914 268 1950 simis
290 1915 529 1963 quibusque
550 1915 774 1952 autoribus
796 1914 897 1952 lusit
915 1914 1241 1964 bibliopolarum
1263 1914 1457 1954 auaritia,
1477 1926 1560 1950 non
1583 1914 1721 1950 minus

153 1968 268 2017 apud
285 1968 464 2006 Graecos
486 1982 613 2018 quam
636 1969 750 2018 apud
774 1969 963 2006 Latinos.
1006 1969 1062 2006 Et
1083 1968 1198 2018 quod
1219 1973 1344 2017 turpe
1366 1968 1482 2004 111010
1505 1973 1580 2007 est,
1601 1968 1720 2015 longe

154 2024 287 2060 maior
317 2023 398 2060 fuit
429 2023 766 2061 Christianorum
798 2025 1017 2061 temeritas
1051 2025 1091 2060 in
1124 2036 1265 2060 sacros
1298 2023 1495 2059 ecclesiae
1527 2022 1721 2059 doctores

153 2090 281 2125 quam
304 2091 491 2127 vnquam
514 2078 598 2115 fuit
621 2079 901 2116 Ethnicorum
925 2079 966 2115 in
989 2078 1118 2115 libros
1140 2077 1393 2127 prophanos
1442 2076 1563 2113 Hanc
1587 2078 1719 2113 canti-

154 2131 289 2169 lenam
306 2133 433 2170 toties
448 2133 599 2177 recino,
615 2146 699 2182 quo
713 2133 860 2170 doctos
875 2134 1055 2170 excitem
1071 2133 1123 2170 ad
1140 2133 1450 2181 incorruptiora
1465 2131 1721 2180 exemplaria

153 2187 415 2236 vestiganda,
438 2191 481 2224 et
502 2187 556 2224 ad
582 2187 850 2237 repurganda
878 2200 953 2237 pro
976 2187 1137 2224 viribus
1159 2199 1267 2236 quae
1297 2191 1490 2223 tenemus
1515 2187 1718 2223 contami-

152 2246 266 2278 nata.
327 2241 452 2278 Hunc
484 2241 673 2278 libellum
704 2254 787 2278 non
816 2241 1013 2279 iudicabo
1043 2243 1242 2291 exiguum
1274 2254 1376 2282 esse,
1406 2242 1440 2277 si
1471 2240 1720 2277 intellexero

153 2295 247 2332 hinc
270 2296 354 2332 tuis
376 2297 455 2345 piis
477 2296 629 2333 studiis
651 2296 811 2345 aliquid
834 2297 1066 2334 accreuisse
1089 2297 1205 2333 lucri.
1266 2296 1379 2332 Bene
1402 2295 1507 2332 vale.

207 2350 333 2399 Apud
356 2350 609 2400 Friburgum
634 2350 848 2400 Brisgoiae
869 2350 1009 2388 Calen.
1030 2351 1207 2388 Martiis.
1250 2350 1374 2387 Anno
1392 2363 1414 2387 a
1432 2349 1600 2387 Christo
1618 2356 1719 2386 nato

150 2415 406 2442 M.D.xxxm.

515 2547 644 2584 2775.
708 2544 775 2584 ΤΟ
800 2543 1042 2584 BONIFACE
1066 2544 1349 2584 AMERBACH.

203 2633 322 2669 Baslo
338 2633 418 2666 MS.
440 2634 527 2666 AN.
550 2634 626 2667 III.
653 2644 706 2675 15.
728 2638 787 2677 40.
1370 2655 1372 2657 -
1395 2633 1617 2673 Freiburg-rx*

199 2682 244 2722 Q,
266 2692 325 2725 43,
1319 2684 1339 2713 S
1360 2682 1495 2715 March
1544 2692 1667 2722 1533.-

194 2748 266 2785 [An
293 2749 443 2787 original
474 2749 592 2784 letter,
620 2749 826 2789 autograph
857 2749 1096 2788 throughout.
1150 2749 1227 2779 The
1256 2748 1445 2788 year-<luto
1476 2749 1503 2777 is
1532 2749 1636 2785 given
1669 2747 1715 2786 by

149 2793 378 2831 comparison
401 2793 488 2822 with
515 2793 612 2832 Epp.
632 2798 728 2832 ²7s‘5·
754 2795 846 2832 2788.
866 2793 937 2822 and
965 2793 1012 2832 by
1034 2794 1097 2823 1111·
1122 2794 1284 2822 mention
1309 2793 1345 2821 of
1371 2793 1432 2821 tlw
1457 2792 1631 2820 llmmlsur
1653 2815 1657 2819 .
1680 2815 1685 2819 .
1708 2814 1713 2819 .

149 2836 401 2874 chrysostomi.
421 2836 492 2865 and
512 2837 574 2866 the
594 2837 813 2875 Explanatio
831 2837 992 2875 symboli,
1011 2837 1134 2866 March
1157 2846 1248 2874 1533.
1299 2838 1326 2865 A
1350 2836 1458 2865 letter
1480 2835 1516 2863 of
1543 2834 1715 2863 Bonifuce

149 2882 188 2908 to
209 2879 378 2909 Sadolcto
401 2880 522 2916 (Bas-ile
542 2880 614 2910 Ms.
633 2880 670 2909 C.
692 2880 773 2910 vlu.
794 2889 845 2919 73.
865 2882 942 2915 282)
963 2891 1047 2920 says
1068 2880 1147 2910 11131
1175 2880 1348 2909 Bonifucc
1371 2885 1448 2908 sent
1476 2879 1577 2908 thcsc
1602 2877 1715 2906 books

151 2922 197 2961 by
214 2922 397 2953 Erasinus'
413 2923 536 2953 orders
550 2934 595 2953 on
614 2933 650 2961 23
667 2924 768 2963 April
788 2933 880 2962 1533.
929 2924 1099 2954 Sadolcto
1118 2924 1187 2953 liud
1208 2923 1290 2953 rcud
1311 2923 1372 2952 tlic
1390 2922 1593 2961 Symbolum
1610 2921 1714 2950 when

149 2966 192 2996 he
211 2972 322 2996 wrote
342 2967 409 3007 Ep.
432 2969 514 2997 „⁷516
531 2977 576 2997 on
595 2978 614 3004 ι)
631 2968 858 3006 ι1011015334

1746 1000 1787 1027 90

1747 1544 1806 1564 IOO

1747 1817 1804 1845 105

1746 2090 1804 2109 110

1745 2360 1801 2389 115
