1966 3379
254 142 333 179 340
684 141 944 180 LETTERS
974 141 1045 179 OF
1076 140 1343 180 ERASMUS
1704 143 1828 192 [1533

256 255 350 285 1533.
400 246 575 276 Erasmus
593 246 665 276 had
683 246 854 286 reported
873 246 910 277 of
928 247 1003 276 him
1022 251 1060 276 to
1078 247 1134 276 his
1152 246 1275 276 father
1291 246 1577 286 unfavourably.
1625 246 1743 277 Thero
1761 247 1790 278 is
1807 257 1829 277 a

254 290 399 320 further
416 290 526 320 letter
544 290 636 320 from
655 290 818 320 Bernurd
838 296 876 321 to
896 291 1071 320 Erasmus
1084 300 1130 319 on
1150 300 1160 320 1
1180 290 1303 320 Man-11
1321 299 1401 329 1534
1417 291 1501 330 (Ep.
1518 291 1638 327 2910);
1660 291 1696 320 in
1711 291 1829 321 which

255 334 299 364 he
316 334 401 363 asks
420 334 596 364 Erasmus
613 338 651 364 to
670 334 849 373 persuade
868 335 923 364 his
943 334 1064 364 father
1084 339 1122 364 to
1145 334 1249 366 ullow
1270 334 1343 363 him
1363 338 1402 364 to
1424 334 1532 363 fmish
1554 334 1609 363 his
1631 334 1829 364 education

253 382 293 407 at
312 378 490 407 Louvain.
532 378 640 407 From
662 388 683 407 a
704 378 813 408 letter
836 382 874 408 to
898 378 1074 408 Erasmus
1098 378 1190 407 from
1214 378 1406 407 Tichuann
1430 378 1588 407 Gravius
1610 377 1648 408 of
1673 386 1710 416 17
1734 379 1827 418 Aug.

258 430 338 462 1535
365 421 532 457 (Breslau
558 421 631 451 MS.
651 430 725 460 254.
745 431 785 460 79
805 435 830 445 :-
851 422 920 461 Ep.
940 423 1039 460 3040)
1062 422 1090 451 it
1111 421 1231 451 would
1256 431 1396 461 appear
1421 422 1505 451 that
1529 421 1628 451 John
1654 421 1830 452 Emmeus

254 465 327 495 had
348 465 463 495 thrice
488 465 635 495 written
658 470 697 495 to
717 466 781 496 tho
805 465 937 501 father,
956 466 1087 503 asking
1112 465 1186 495 him
1211 469 1249 495 to
1274 475 1387 504 repay
1408 465 1548 494 monies
1570 465 1673 495 owed
1694 468 1733 495 to
1753 465 1830 495 him

255 509 304 548 by
322 509 386 539 tho
403 518 480 543 son,
499 509 631 549 chiefly
649 509 704 539 for
722 509 850 545 books,
870 509 1012 548 though
1031 510 1134 539 thero
1152 519 1244 539 were
1261 509 1367 539 other
1384 508 1597 546 liabilities]

309 582 347 621 S.
374 584 416 621 P.
475 584 805 622 Excusationcm
835 585 1128 633 angustiarum
1158 585 1293 621 nostri
1321 585 1524 633 temporis
1551 584 1829 634 intercapedi-

255 651 435 687 nemque
466 639 686 676 literarum
720 639 818 676 boni
849 639 1046 676 consulas
1077 652 1189 688 rogo,
1222 639 1286 675 vir
1316 639 1479 676 eximie.
1531 638 1641 676 Nam
1674 639 1830 689 partim

255 693 548 730 tumultuosae
592 695 858 743 negotiorum
910 693 1120 743 procellae
1170 693 1325 742 quibus
1375 693 1623 738 distinebar,
1672 694 1830 743 partim

254 748 776 797 grammatophor<or>u111
808 749 947 798 inopia
980 761 1056 785 nos
1089 748 1143 784 ab
1175 748 1307 785 offitio
1338 748 1656 785 scribendarum
1690 748 1829 785 litera-

217 815 349 851 5rum
380 804 531 840 arcuit.
584 803 735 840 Enitar
765 807 910 840 tamen
946 816 1022 853 pro
1058 802 1181 847 virili⁷
1218 815 1268 839 ne
1304 802 1472 839 casdem
1510 803 1832 840 intermissionis

255 857 475 895 literarum
499 861 624 895 notas
650 859 875 901 incurram,
902 857 1135 894 dummodo
1162 861 1375 894 certorum
1402 857 1621 894 hominum
1646 856 1831 894 facultas

255 911 377 949 nobis
398 912 515 949 facta
537 912 667 950 fucrit
688 916 732 950 et
754 913 833 949 tibi
859 916 1049 950 nostram
1078 911 1399 949 scribendarum
1429 911 1649 948 literarum
1679 911 1830 949 seduli-

255 970 391 1004 tatem
413 979 498 1004 non
518 967 738 1016 displicere
759 967 1116 1004 animaduertam.

310 1021 529 1059 Coloniam
574 1022 825 1059 felicissimis
869 1022 1065 1071 auspitiis
1103 1022 1406 1071 expectatique
1447 1020 1704 1070 appulimus,
1747 1034 1831 1059 non

197 1095 237 1116 ιο
256 1080 401 1114 tamen
433 1077 595 1126 absque
629 1077 773 1125 aliquo
809 1077 1153 1113 saeuissimorum
1189 1076 1405 1113 latronum
1444 1075 1641 1125 impulsu,
1678 1076 1833 1124 quibus

256 1132 409 1168 itinera
445 1131 498 1168 ob
535 1131 743 1168 inferioris
774 1130 1026 1168 Germaniae
1059 1130 1168 1167 bella
1200 1131 1281 1167 iam
1315 1134 1496 1175 scatent,
1528 1134 1577 1166 vt
1607 1130 1831 1167 confusum

255 1185 430 1234 aliquod
452 1186 579 1223 chaos
602 1185 965 1223 rabidissimorum
988 1198 1142 1222 canum
1165 1185 1302 1222 dicere
1324 1198 1479 1234 posses.
1532 1184 1636 1230 Iam,
1662 1186 1720 1222 mi
1742 1198 1831 1235 pre-

256 1245 403 1290 ceptor
425 1240 734 1285 candidissime,
757 1240 858 1277 nihil
886 1244 1046 1278 restare
1073 1240 1235 1289 opinor,
1262 1240 1341 1276 nisi
1364 1243 1412 1276 vt
1434 1244 1534 1276 tuae
1556 1239 1833 1277 excellentiae

256 1295 520 1332 immortales
541 1296 701 1344 gratias
728 1308 851 1344 agam
874 1308 951 1345 pro
979 1296 1064 1332 tuis
1092 1307 1191 1344 erga
1218 1307 1294 1331 nos
1322 1295 1484 1331 meritis
1512 1293 1627 1331 haud
1650 1294 1831 1343 vulgari-

198 1368 236 1398 15
258 1349 348 1394 bus⁵
386 1350 541 1398 quibus
577 1351 648 1386 vix
686 1363 875 1398 vnquam
916 1358 993 1399 par
1028 1362 1117 1386 esse
1153 1353 1327 1398 potero;
1365 1348 1553 1386 conabor
1587 1353 1745 1394 tamen,
1782 1362 1834 1386 ne

257 1405 454 1454 propensi
484 1405 614 1441 animi
644 1404 846 1442 voluntas
878 1404 1000 1441 nobis
1031 1403 1214 1441 defuisse
1245 1403 1456 1448 videatur,
1486 1404 1519 1440 si
1546 1416 1731 1452 vnquam
1762 1416 1834 1453 per

256 1459 500 1496 fortunulas
530 1459 710 1496 licuerit.
761 1458 1009 1496 Cicatricem
1039 1459 1122 1496 iam
1151 1458 1398 1503 obductam,
1427 1459 1729 1508 preteritorum
1759 1459 1832 1495 im-

257 1526 430 1559 memor,
452 1527 504 1551 ne
526 1514 694 1551 refriccs
716 1527 792 1563 pro
814 1527 981 1551 summa
1007 1518 1084 1550 tua
1108 1526 1207 1562 erga
1233 1526 1309 1550 nos
1337 1513 1609 1550 humanitate
1635 1513 1832 1561 efflagito.

257 1567 322 1605 Sit
343 1568 550 1606 confessio
572 1569 736 1618 peccati
759 1568 980 1613 medicina,
1004 1567 1388 1616 Bernhardumque
1406 1571 1529 1605 tuum
1548 1567 1692 1604 infimo
1709 1567 1832 1605 clien-

197 1642 238 1662 20
258 1622 447 1660 tulorum
479 1627 651 1660 tuorum
683 1622 776 1660 loco
806 1635 1050 1672 asspergere
1086 1622 1270 1671 dignare.
1323 1621 1389 1659 Ad
1425 1622 1741 1659 rescribendum
1777 1626 1832 1667 te,

258 1678 397 1715 virum
419 1678 715 1722 excellentiss,
739 1677 905 1715 allicere
930 1690 1015 1714 non
1040 1677 1188 1714 audeo.
1241 1676 1283 1713 Si
1311 1680 1455 1714 tamen
1484 1677 1655 1726 propria
1681 1681 1834 1726 sponte

258 1733 531 1781 rescripseris,
574 1732 869 1770 Bernhardum
912 1732 1036 1781 plane
1075 1731 1337 1776 exhilararis,
1381 1744 1612 1780 omnesque
1652 1732 1835 1781 pectoris

257 1788 393 1824 nostri
411 1788 525 1824 sinus
543 1787 681 1824 letitia
698 1787 993 1824 transfuderis
1043 1786 1262 1836 Copiosius
1279 1790 1421 1823 tecum
1438 1798 1618 1835 agerem,
1637 1787 1670 1823 si
1686 1799 1833 1835 vrgen-

258 1842 313 1879 tis
347 1842 714 1891 grammatophori
749 1842 1054 1891 importunitas
1089 1853 1173 1878 non
1204 1840 1397 1878 obstaret
1426 1845 1503 1878 aut
1534 1844 1610 1877 tua
1641 1840 1833 1878 humani-

197 1914 238 1943 25
258 1900 326 1933 tas
356 1896 573 1946 prolixiori
605 1897 797 1934 oratione
826 1896 1124 1934 delectaretur.
1176 1895 1332 1933 Vereor
1359 1896 1483 1940 enim,
1512 1908 1564 1932 ne
1593 1896 1634 1932 in
1663 1895 1836 1945 publica

258 1951 482 1988 commoda
519 1964 697 2001 peccans
729 1954 794 1996 (vt
824 1951 885 1988 ait
916 1951 1002 1999 ille)
1034 1955 1110 1988 tua
1141 1954 1337 1999 tempora
1368 1962 1552 1987 remorer
1584 1950 1836 1987 rectioribus

259 2005 475 2043 destinata
507 2006 671 2043 studiis.
724 2005 827 2043 Vale
858 2006 999 2055 igitur,
1029 2010 1210 2054 patrone
1240 2018 1288 2042 ac
1319 2009 1544 2054 preceptor
1574 2005 1834 2054 incompara-

259 2059 364 2105 bilis,
397 2064 768 2109 monstrosamque
796 2060 1091 2097 characterum
1119 2060 1355 2109 congeriem
1385 2059 1485 2096 boni
1513 2058 1696 2096 consule.
1748 2059 1836 2097 Nos

258 2115 441 2164 denique
462 2116 671 2152 mutuiter
691 2128 835 2152 amare
856 2127 991 2164 perge.

197 2186 239 2216 30
315 2169 493 2219 Raptim
525 2183 577 2207 ex
607 2169 784 2207 aedibus
814 2170 1017 2219 paternis,
1050 2170 1091 2206 in
1124 2169 1267 2218 vigilia
1303 2168 1560 2206 Natiuitatis
1595 2167 1719 2206 Anno
1755 2172 1834 2206 etc.

261 2233 407 2272 1.5.33.

1142 2277 1417 2315 Bernhardus
1442 2277 1497 2315 ad
1519 2277 1647 2327 pedes
1669 2281 1779 2315 tuos.

315 2366 554 2404 Literarum
592 2379 759 2404 summo
794 2366 982 2404 antistiti
1018 2366 1198 2404 Erasmo
1234 2365 1538 2410 Roterodamo,
1570 2366 1838 2415 praeceptori

259 2421 413 2470 iugiter
434 2420 714 2458 obseruando.

604 2573 733 2610 2894.
801 2570 939 2610 FROM
974 2570 1231 2610 TIELMANN
1267 2569 1496 2610 GRAVIUS.

310 2660 471 2704 Leipzig
488 2660 572 2694 MS.
1478 2659 1662 2702 Cologne.

310 2710 394 2743 ΕΕ.
418 2718 498 2752 197.
1372 2711 1416 2742 26
1435 2708 1657 2742 December
1679 2717 1784 2751 1533.

305 2793 378 2830 [An
396 2792 550 2833 original
568 2792 688 2828 letter,
707 2793 916 2832 autogr-aph
934 2793 1176 2832 throughout.
1221 2792 1298 2822 The
1315 2791 1507 2831 year-date
1525 2791 1554 2820 is
1570 2791 1769 2822 confirmed
1787 2791 1837 2831 by

262 2837 324 2867 the
339 2836 522 2867 reference
536 2841 575 2867 to
589 2836 778 2867 Cornelius
792 2836 990 2876 Agrippa’s
1004 2837 1181 2876 Apoloyia
1194 2841 1314 2866 contra
1328 2836 1552 2874 tlzeoloqe'stas
1565 2835 1836 2873 Louaniensea]

488 2912 584 2942 2893,
615 2922 663 2943 12.
691 2912 775 2942 EE:
802 2913 912 2943 cahos
929 2912 1011 2943 MS.
1075 2945 1080 2949 ⁴
1104 2922 1156 2942 22.
1185 2912 1268 2942 EE:
1295 2911 1506 2942 exhileraris
1523 2910 1604 2941 MS.

713 2989 808 3021 2893.
836 2991 888 3020 26.
916 2989 987 3028 ille]
1006 2989 1096 3020 Hor.
1117 2989 1184 3030 Ep.
1205 2998 1234 3018 2.
1258 2998 1284 3018 1.
1304 2997 1378 3028 3-4.
