1966 3379
252 119 304 155 46
688 117 946 156 LETTERS
976 117 1046 156 OF
1077 117 1344 156 ERASMUS
1704 120 1827 168 [1532

252 224 341 261 eius
356 224 519 272 generis
536 223 802 261 aromatibus
819 224 992 273 opipare
1011 223 1204 268 conditis,
1221 236 1328 272 quos
1346 222 1546 261 hesterno
1568 223 1635 261 die
1654 224 1825 262 iamiam

193 292 234 322 30
254 283 487 316 coenaturo
514 279 680 316 misisti.
741 278 822 315 Sed
845 279 911 315 0111
934 278 1109 315 tandem
1134 279 1191 315 rei
1213 278 1420 316 obsecro?
1479 278 1536 316 Vt
1558 291 1690 316 coena
1715 284 1827 316 esset

253 333 545 382 splendidior?
592 333 749 369 Verum
773 333 895 381 longe
918 332 1045 370 aliam
1070 333 1280 370 rationem
1305 333 1487 377 institui,
1512 333 1690 382 illosque
1713 334 1825 371 inter

253 387 458 425 amieulos
473 388 660 437 partitus
675 400 782 433 sum,
799 400 883 436 quo
899 387 1182 425 humanitatis
1198 392 1298 425 tuae
1316 388 1357 424 in
1377 400 1441 425 me
1459 388 1641 425 officium
1657 392 1827 438 pateret

254 442 395 479 latius.
458 442 572 480 Bene
594 441 701 480 vale.

599 680 791 732 26722673
854 677 921 717 To
957 677 1188 717 AMBROSE
1222 676 1491 718 PELARGrs.

304 757 505 801 Pelargus,
528 756 705 790 Bellaria
726 756 771 790 f0.
792 757 863 790 ΗΖ.
1496 757 1746 801 <Freiburg.>

1455 811 1509 846 (e.
1529 806 1628 850 July
1651 813 1778 850 1532.>

678 900 878 926 ERASMVS
901 900 997 927 ROT.
1022 900 1061 926 D.
1086 900 1288 927 PELARGO
1312 899 1343 926 S.
1368 899 1403 927 P.

310 961 596 998 BENEDICTVS
612 960 715 998 deus
733 974 739 997 :
768 960 883 1010 quod
901 973 975 997 nee
995 961 1218 1010 principes,
1238 973 1314 998 nee
1332 961 1530 1010 episcopi,
1550 973 1624 998 1100
1643 960 1830 1011 theologi

254 1020 472 1066 praestare
490 1019 739 1065 potuerunt,
756 1019 946 1064 praestat
963 1015 1126 1052 mulier.
1165 1015 1215 1052 Id
1230 1016 1433 1064 quoniam
1452 1016 1538 1052 seio
1556 1016 1635 1053 tibi
1650 1028 1828 1065 magnae

255 1070 471 1121 voluptati
493 1071 703 1115 futurum,
727 1071 866 1108 visum
888 1074 955 1107 est
976 1070 1168 1107 libellum
1192 1071 1375 1108 mittere.
1438 1070 1552 1107 Bene
1576 1070 1682 1108 vale.

549 1315 756 1355 2⁶⁷22673.
824 1315 962 1356 FROM
998 1315 1230 1355 AMBRosE
1265 1315 1535 1356 PELARGUs.

306 1394 508 1437 Pelargus,
532 1394 708 1428 Bellaria
728 1395 774 1428 f0.
796 1395 865 1428 H2.
1496 1395 1746 1439 (Freiburg)

1457 1444 1629 1488 (c..Ju1y
1652 1450 1779 1487 1532>

688 1538 791 1565 AMB.
817 1538 1043 1565 PELARGVS
1067 1538 1241 1565 ERASMO
1264 1539 1344 1565 SVO
1366 1538 1398 1565 S.

312 1598 432 1636 MIRE
455 1603 673 1636 amantem
704 1600 767 1637 tui
796 1612 886 1637 esse
914 1612 1011 1637 eum
1042 1604 1226 1649 oportet,
1249 1601 1321 1649 qui
1350 1604 1392 1637 te
1422 1600 1499 1637 1100
1528 1604 1617 1637 tam
1646 1599 1830 1649 eleganti

257 1654 381 1690 xenio
412 1653 601 1691 literario
632 1654 823 1692 donauit.
883 1654 1006 1700 Quod
1038 1656 1084 1695 si,
1117 1655 1205 1692 siue
1236 1658 1394 1692 natura
1425 1656 1514 1692 siue
1544 1654 1736 1692 moribus
1767 1655 1829 1692 ita

256 1712 553 1758 comparatum
571 1710 627 1746 sit
641 1714 689 1746 vt
706 1709 819 1746 dona
837 1721 944 1758 quae
961 1710 1086 1747 amici
1104 1710 1334 1755 missitant,
1350 1709 1488 1747 multo
1505 1709 1627 1746 nobis
1641 1710 1829 1759 gratiora

255 1775 345 1800 esse
367 1763 536 1801 soleant
559 1765 825 1813 (praesertim
848 1765 882 1801 si
904 1769 947 1801 et
969 1777 1043 1814 per
1065 1777 1108 1801 se
1130 1777 1283 1814 magna
1306 1765 1404 1809 sint,
1427 1769 1471 1802 et
1493 1765 1709 1801 mittentis
1731 1777 1827 1801 eum

218 1837 235 1865 5
257 1817 496 1862 voluntate,
528 1822 621 1856 tum
656 1820 892 1856 autoritate
923 1819 1239 1866 commendata)
1272 1831 1401 1868 quam
1432 1823 1481 1857 vt
1517 1832 1663 1856 reeens
1697 1820 1826 1856 etiam

256 1876 431 1922 accepta
457 1872 550 1910 aliis
578 1873 788 1911 inferioris
820 1874 1080 1924 praesertim*
1100 1878 1227 1911 notae
1255 1875 1402 1911 amieis
1430 1874 1823 1924 largiamur—quin

256 1928 400 1976 potius
422 1940 548 1977 penes
571 1941 647 1966 nos
671 1929 744 1966 illa
765 1933 974 1978 tanquam
1002 1928 1235 1978 μνημόσυνα
1264 1929 1475 1978 quaedam
1501 1933 1710 1978 perpetuo
1738 1941 1828 1966 esse

257 1981 525 2028 volumus—‚
548 1996 697 2021 vereor
725 1984 898 2021 omnino
927 1987 976 2021 vt
1004 1983 1082 2021 1100
1105 1987 1194 2020 tam
1218 1983 1443 2033 magnifico
1465 1996 1639 2021 munere
1661 1987 1737 2021 aut
1759 1996 1825 2021 me

257 2049 342 2073 non
371 2037 611 2083 donaueris,
642 2042 719 2075 aut
747 2042 861 2076 certe
890 2051 975 2076 non
1007 2039 1111 2076 satis
1143 2038 1308 2075 liberali
1340 2039 1497 2076 animo.
1558 2038 1680 2084 Quod
1712 2039 1746 2075 si
1777 2051 1826 2076 eo

199 2109 238 2130 10
257 2092 401 2128 animo
422 2091 613 2129 libellum
636 2093 789 2130 misisti
808 2097 856 2130 vt
878 2094 1012 2143 pastis
1034 2092 1166 2130 0011113
1189 2094 1421 2139 remittam,
1440 2094 1523 2130 iam
1546 2093 1690 2131 oeulos
1711 2094 1824 2143 paui,

258 2158 437 2195 sumque
459 2159 484 2184 a
507 2147 742 2196 spectando
764 2147 860 2197 plus
883 2152 1015 2185 satur.

312 2200 377 2237 En
409 2201 489 2238 tibi
520 2206 616 2239 tuas
652 2202 833 2245 delitias,
865 2215 935 2240 eas
968 2203 1056 2253 ipse
1093 2216 1216 2240 serua
1250 2203 1341 2240 tibi.
1404 2202 1608 2240 Attamen
1642 2203 1825 2252 gratiam

257 2254 394 2292 habeo
411 2256 525 2304 quod
546 2256 678 2301 illum,
697 2258 786 2294 siue
803 2257 917 2295 dono
934 2258 1022 2295 siue
1044 2258 1266 2307 pascendis
1288 2257 1421 2295 oeulis
1443 2270 1491 2295 ao
1513 2270 1612 2294 mox
1632 2261 1824 2307 repeten-

258 2309 373 2355 dum,
397 2311 572 2348 miseris.
628 2310 709 2349 Sed
731 2312 905 2349 remitto
928 2312 994 2350 vel
1018 2312 1095 2350 hoe
1118 2314 1288 2350 nomine
1312 2325 1363 2350 ne
1385 2316 1433 2350 tu
1455 2316 1623 2362 spretae
1645 2312 1827 2350 liberali-

199 2381 238 2411 15
258 2364 362 2401 tatis
385 2365 625 2414 ingratique
647 2366 753 2404 adeo
775 2367 906 2404 animi
935 2380 1124 2416 arguare.
1186 2367 1301 2405 Vale.
1362 2366 1404 2404 Si
1425 2367 1528 2416 quid
1556 2379 1632 2416 ego
1654 2379 1822 2416 quoque

258 2418 422 2463 olfacio,
453 2420 623 2458 subolet
650 2421 739 2458 eius
768 2421 899 2458 libelli
927 2426 1123 2459 autorem
1153 2421 1487 2459 Chartusianum
1518 2434 1607 2458 esse
1638 2421 1824 2470 aliquem

257 2476 334 2510 aut
363 2478 475 2511 certe
507 2474 737 2512 foeminam
766 2475 1049 2514 Chartusiano
1077 2476 1309 2514 admodum
1342 2476 1608 2514 familiarem.
1671 2476 1823 2513 Vtrum

258 2528 327 2571 sit,
362 2527 440 2565 tibi
472 2530 544 2577 qui
579 2531 854 2567 emunctioris
888 2532 1002 2568 naris
1038 2531 1165 2569 homo
1200 2544 1255 2576 es,
1289 2535 1331 2568 et
1369 2530 1570 2568 mirificus
1604 2530 1827 2569 diuinandi

258 2582 427 2627 artifex,
451 2583 727 2621 iudicandum
750 2585 957 2634 relinquo.
1022 2586 1183 2623 Iterum
1206 2585 1313 2624 vale.

198 2654 239 2675 20
312 2636 377 2673 Ex
399 2637 573 2675 Musaeo
594 2644 753 2676 nostro.

302 2737 398 2768 2672.
425 2747 454 2776 3.
480 2737 659 2775 libellum]
722 2738 875 2768 Neitlier
936 2739 1010 2770 this
1079 2740 1229 2770 thusian
1262 2750 1302 2770 or
1334 2743 1373 2770 to
1409 2742 1451 2770 ‘a
1482 2749 1625 2770 woman
1657 2740 1736 2770 well
1772 2750 1827 2771 ac-

258 2781 445 2812 letternor
458 2781 526 2821 Ep.
544 2782 687 2820 2673,in
704 2782 820 2812 which
837 2782 1010 2823 Pelargus
1077 2783 1257 2823 quainted
1285 2784 1373 2814 with
1402 2794 1423 2813 a
1450 2783 1703 2814 Carthusian'.
1752 2784 1829 2815 The

258 2825 536 2865 acknowledges
575 2825 761 2855 Erasinus'
807 2827 887 2865 gift,
934 2827 1007 2856 sur·
1078 2827 1194 2857 whole
1228 2827 1371 2867 subject
1407 2828 1444 2857 of
1479 2827 1542 2857 the
1579 2827 1763 2858 ‘libellus’
1800 2829 1829 2858 is

259 2869 382 2898 nishes
406 2878 480 2908 any
504 2868 583 2898 elue
607 2872 646 2898 to
671 2869 734 2899 the
758 2870 948 2900 character
972 2870 1009 2900 of
1077 2870 1221 2901 treated
1245 2881 1284 2901 as
1309 2881 1330 2900 a
1348 2871 1444 2910 joke,
1466 2871 1539 2901 and
1561 2871 1586 2900 it
1615 2871 1643 2901 is
1668 2872 1828 2911 possible

260 2913 323 2942 the
356 2912 552 2942 ‘libellus'.
602 2912 777 2942 Erasmus
808 2914 1010 2943 attributes
1077 2914 1162 2944 that
1190 2915 1290 2944 what
1318 2914 1494 2945 Erasmus
1522 2918 1601 2945 sent
1628 2925 1702 2945 was
1729 2924 1829 2945 some

260 2956 289 2986 it
314 2959 352 2986 to
380 2966 401 2986 a
425 2965 580 2991 woman,
611 2955 783 2996 Pelargus
811 2961 849 2987 to
877 2967 898 2987 a
926 2957 1007 2987 Car-
1077 2957 1227 2998 literary
1244 2958 1330 2989 skit.
