1966 3379
157 267 197 297 35

156 541 198 571 40

157 814 197 844 45

157 1085 198 1114 50

159 1360 198 1389 55

159 1628 201 1655 60

163 2183 204 2213 70

164 2457 203 2487 75

165 2723 206 2752 So

168 2995 208 3032 85

222 148 269 183 14
649 144 906 182 LETTERs
938 144 1008 183 OF
1040 144 1306 183 ERAsMUs
1669 146 1790 193 [1532

217 264 241 288 a
263 263 477 300 quoquam
501 250 613 299 quod
637 249 830 298 equidem
862 250 1005 292 sciam,
1030 249 1179 286 Latine
1210 262 1390 294 versum,
1413 262 1461 286 eo
1490 249 1692 286 libentius
1714 249 1792 287 hoc

218 306 374 342 laboris
407 305 507 342 mihi
539 306 713 354 sumpsi,
745 305 858 353 quod
890 304 1170 341 subodorarer
1204 304 1314 341 hisce
1346 304 1612 353 temporibus
1643 304 1791 341 furtim

218 361 465 397 reuiuiscerc
488 364 712 397 conantem
738 360 819 396 iam
842 359 941 395 olim
964 360 1180 395 extinctae
1208 360 1377 408 viperae
1407 359 1662 408 progeniem,
1685 372 1793 408 quae

220 428 362 452 rursus
384 415 490 452 duas
514 427 727 464 personas,
754 414 936 450 Verbum
959 418 1003 450 et
1028 414 1247 462 Spiritum,
1272 414 1508 451 meditatur
1532 427 1555 450 a
1586 426 1686 451 vero
1716 414 1791 451 Dei

217 471 464 518 cognomine
496 469 717 518 depellere,
745 472 791 505 vt
823 469 903 505 iam
939 468 1014 505 hae
1047 469 1086 505 in
1121 472 1241 517 parte
1273 468 1404 506 nihilo
1435 469 1627 505 meliores
1658 468 1793 505 futuri

217 526 303 562 sint
347 524 575 561 (¹hristiani
621 536 746 572 quam
802 523 947 559 Iudaei
993 527 1069 560 aut
1119 523 1302 561 Tureae:
1357 524 1442 572 qui,
1490 524 1657 572 quoties
1706 536 1793 560 sese

218 583 482 629 componunt
517 579 569 615 ad
610 578 781 627 pietatis
812 577 1129 627 professionem,
1168 578 1288 615 facile
1322 579 1546 627 patiuntur
1576 578 1792 615 Christum

217 634 423 683 appellari
452 633 704 682 Prophetam
731 637 807 669 aut
828 633 957 669 etiam
987 633 1132 674 Deum,
1155 633 1187 669 si
1210 646 1382 681 vrgeas:
1417 633 1487 670 sed
1508 633 1636 670 talem
1655 632 1793 682 qualis

218 689 300 726 fuit
346 689 482 725 Moses
527 688 767 736 caeterique
815 687 1066 736 Prophetae.
1132 686 1173 724 Si
1219 689 1313 736 quis
1360 688 1601 736 indignetur
1646 688 1790 725 Mosen

218 744 391 792 aequari
421 743 602 783 Christo,
626 742 820 779 fatentur
847 742 1063 779 Christum
1093 742 1213 789 longe
1240 743 1477 792 potioribus
1505 743 1626 780 donis
1653 756 1678 780 a
1706 742 1793 779 Deo

219 798 542 847 locupletatum.
603 798 682 843 Qui
706 797 981 834 modestiores
1003 801 1116 839 sunt,
1140 797 1333 835 fatentur
1359 799 1564 847 Spiritum
1595 801 1790 835 sanctum

217 853 494 890 excellentem
535 865 624 889 esse
666 856 921 897 creaturam,
963 852 1032 889 sed
1075 852 1243 889 (¹hristo
1284 852 1591 890 famulantem:
1639 852 1793 901 quibus

218 909 357 945 minus
386 912 451 944 est
480 907 647 951 frontis,
670 907 793 944 aiunt
824 907 1029 956 Spiritum
1059 911 1255 944 sanctum
1287 907 1447 945 nullam
1477 921 1567 944 esse
1593 907 1791 944 substan-

219 964 336 1007 tiam,
374 962 445 999 sed
487 966 656 999 tantum
702 962 834 999 bonae
876 962 1029 999 mentis
1069 963 1410 999 concitationem.
1471 962 1549 999 Sed
1592 962 1705 999 absit
1746 966 1795 999 vt

219 1017 462 1054 huiusmodi
492 1018 732 1066 viperarum
763 1016 887 1054 sibila
914 1030 1157 1066 quenquam
1189 1017 1334 1054 afflent
1366 1018 1407 1054 in
1440 1018 1608 1054 nomine
1640 1018 1792 1062 Patris,

219 1072 326 1115 Filii,
348 1076 390 1109 et
413 1072 596 1121 Spiritus
617 1072 755 1108 saneti
778 1076 988 1109 renatum.

275 1127 369 1164 Non
405 1127 470 1163 hic
503 1140 667 1163 sumam
703 1139 875 1175 operam
909 1127 950 1163 in
986 1126 1282 1176 praedicandis
1317 1127 1461 1164 Basilii
1498 1126 1709 1171 laudibus,
1743 1139 1795 1164 ne

218 1183 390 1220 audiam
414 1181 459 1218 τὸ
482 1181 541 1221 τίς
570 1180 689 1218 αὐτὸν
711 1181 836 1230 ψέγει.
869 1181 965 1218 Νο11
987 1181 1118 1219 silebo
1144 1186 1287 1219 tamen
1313 1182 1414 1231 quid
1439 1182 1541 1219 mihi
1570 1183 1681 1219 inter
1704 1195 1793 1219 ver-

219 1237 396 1274 tendum
429 1236 643 1274 acciderit.
705 1236 827 1273 Visus
863 1249 955 1274 sum
988 1237 1090 1273 mihi
1128 1237 1168 1273 in
1200 1237 1277 1273 hoc
1311 1249 1435 1286 opere
1467 1237 1795 1286 deprehendisse

219 1292 395 1337 factum,
419 1291 532 1341 quod
557 1292 596 1328 in
620 1291 903 1328 celeberrimis
931 1291 1172 1340 quibusque
1203 1291 1592 1341 laudatissimisque
1618 1292 1794 1341 scripto-

220 1347 348 1392 ribus,
372 1347 492 1384 velut
514 1347 554 1383 in
584 1346 833 1391 Athanasio,
856 1345 1174 1395 (flirysostomo,
1197 1351 1240 1383 et
1270 1347 1533 1396 Hieronymo
1561 1347 1723 1384 factum
1752 1351 1796 1383 et

220 1402 413 1439 videmus
435 1405 478 1438 et
501 1401 783 1449 indignamur.
834 1400 944 1446 Quid
967 1401 1119 1446 isthuc,
1143 1402 1314 1451 inquis?
1366 1402 1651 1451 Posteaquam
1675 1401 1794 1438 dimi-

219 1457 336 1494 dium
358 1457 496 1506 operis
517 1456 785 1493 absolueram
807 1457 915 1493 eitra
936 1456 1111 1502 tedium,
1134 1457 1226 1494 visa
1247 1461 1312 1494 est
1342 1457 1444 1494 mihi
1473 1457 1638 1506 phrasis
1666 1456 1794 1494 alium

220 1511 373 1549 referre
396 1516 613 1561 parentem
634 1511 849 1560 aliumque
867 1512 1028 1561 spirare
1044 1512 1227 1561 genium.
1274 1512 1497 1549 Interdum
1516 1512 1568 1549 ad
1587 1512 1795 1561 tragicum

220 1566 477 1604 cothurnum
514 1566 829 1603 intumescebat
865 1567 1014 1612 oratio,
1048 1579 1192 1604 rursus
1223 1566 1277 1604 ad
1310 1567 1527 1616 vulgarem
1559 1579 1795 1604 sermonem

219 1621 480 1659 subsidebat.
542 1621 766 1658 Interdum
789 1621 994 1659 subinane
1016 1621 1221 1670 quiddam
1239 1621 1395 1659 habere
1413 1622 1654 1667 videbatur,
1678 1621 1798 1658 velut

221 1677 482 1713 ostentantis
501 1689 542 1711 se
565 1676 773 1719 didicisse,
793 1689 901 1725 quae
923 1676 1174 1714 Aristoteles
1198 1677 1239 1714 in
1263 1677 1380 1714 libris
1402 1677 1464 1713 De
1488 1677 1796 1714 Enuntiationc

219 1735 263 1768 et
305 1731 678 1775 Praedicamentis‚
723 1731 984 1780 Porphyrius
1025 1732 1065 1768 in
1107 1731 1250 1769 libello
1290 1732 1352 1769 ‘De
1393 1733 1581 1780 quinque
1624 1731 1798 1768 vocibus

221 1785 596 1827 Praedicabilibus,
620 1785 905 1824 tradiderunt.
967 1786 1031 1823 Ad
1055 1786 1170 1831 hacc,
1195 1786 1372 1824 subinde
1397 1786 1716 1836 digrediebatur
1743 1785 1796 1823 ab

222 1842 436 1885 instituto,
451 1854 525 1878 nec
541 1841 644 1878 satis
659 1841 863 1878 concinne
881 1840 1047 1878 redibat
1062 1854 1086 1878 a
1100 1841 1367 1890 digressione.
1408 1841 1641 1885 Postremo,
1661 1840 1797 1878 multa

184 1934 193 1938 -
222 1896 482 1933 videbantur
513 1896 736 1946 admisceri
768 1908 876 1944 quae
910 1908 994 1933 non
1027 1896 1258 1933 admodum
1296 1896 1484 1934 facerent
1518 1896 1573 1933 ad
1609 1896 1650 1933 id
1683 1896 1796 1945 quod

220 1952 384 2000 agitur:
417 1950 627 2000 quaedam
650 1951 779 1987 etiam
799 1954 1054 2000 repetuntur
1071 1951 1283 1988 obliuione
1301 1952 1453 1996 verius,
1471 1964 1600 2000 quam
1619 1951 1773 1988 iudicio
1791 1964 1796 1988 :

222 2019 354 2055 quum
377 2005 559 2042 Basilius
581 2005 738 2054 vbique
756 2006 811 2042 sit
829 2018 967 2051 sanus,
987 2006 1166 2055 simplex
1185 2010 1228 2043 et
1246 2006 1464 2051 candidus,
1487 2006 1566 2043 sibi
1584 2010 1796 2051 constans,

222 2064 351 2110 atque
368 2061 496 2097 etiam
517 2061 693 2105 instans,
712 2073 931 2109 nunquam
950 2061 1004 2097 ab
1021 2074 1070 2098 eo
1088 2061 1201 2109 quod
1219 2062 1362 2110 agitur
1378 2074 1607 2098 excurrens
1626 2066 1797 2106 temere,

222 2128 432 2164 nusquam
465 2115 621 2152 diuinis
655 2115 870 2164 mysteriis
903 2115 1141 2152 admiscens
1174 2115 1486 2166 philosophiam
1522 2115 1797 2160 mundanam,

224 2171 302 2207 nisi
350 2183 423 2219 per
469 2170 737 2207 aduersarios
784 2173 969 2215 coactus,
1008 2170 1133 2219 idque
1178 2172 1456 2220 contemptim
1475 2184 1481 2208 z
1529 2171 1600 2207 sed
1642 2171 1799 2219 vbique

223 2225 428 2274 placidus,
451 2237 498 2261 ac
521 2226 711 2274 virgineo
732 2225 918 2274 quodam
941 2225 1101 2274 pudore
1118 2225 1289 2270 incedit,
1308 2226 1361 2262 ab
1379 2226 1494 2263 omni
1513 2226 1800 2262 ostentatione

223 2279 516 2324 alienissimus,
554 2292 605 2316 ne
638 2280 679 2316 in
716 2293 857 2329 pugna
892 2279 1062 2329 quidem
1099 2280 1154 2317 ab
1186 2281 1342 2329 ingenii
1376 2281 1552 2318 lenitate
1587 2280 1798 2317 recedens.

224 2334 288 2371 Ex
312 2334 375 2371 his
397 2334 521 2371 rebus
543 2334 674 2371 subiit
696 2335 886 2372 animum
909 2347 1051 2372 meum
1069 2336 1264 2384 suspicio,
1281 2336 1520 2373 studiosum
1541 2335 1799 2384 quempiam,

223 2401 308 2437 quo
340 2389 540 2426 volumen
571 2389 768 2427 redderet
797 2390 979 2433 auctius,
1009 2389 1148 2427 multa
1178 2390 1493 2434 intertexuisse,
1526 2389 1593 2427 vel
1623 2402 1673 2426 ex
1707 2389 1800 2426 aliis

224 2444 447 2481 autoribus
469 2444 670 2493 decerpta
690 2444 948 2481 emblemata
972 2448 1087 2492 (nam
1110 2444 1187 2482 hoc
1209 2449 1513 2492 argumentum
1530 2458 1554 2481 a
1575 2444 1799 2494 compluri-

226 2498 304 2535 bus
334 2497 503 2535 Graeeis
534 2503 731 2536 accurate
764 2503 999 2536 tractatum
1031 2504 1112 2546 est)
1146 2499 1211 2536 vel
1243 2513 1294 2537 ex
1327 2512 1415 2536 sese
1450 2504 1629 2549 reperta.
1692 2498 1801 2536 Sunt

224 2554 337 2590 enim
355 2553 396 2590 in
415 2553 478 2589 his
499 2554 710 2602 quaedam
732 2554 912 2597 erudita,
931 2554 1045 2591 seda
1061 2554 1306 2592 charactere
1325 2554 1469 2591 Basilii
1486 2554 1775 2603 discrepantia
1793 2568 1799 2592 :

224 2607 433 2657 quaedam
471 2621 614 2645 rursus
648 2608 868 2652 eiusmodi,
907 2613 955 2645 vt
990 2609 1130 2646 indole
1171 2609 1358 2646 referant
1398 2613 1621 2658 parentem
1662 2621 1799 2653 suum,

226 2662 420 2700 videlieet
442 2675 552 2705 eum,
577 2663 647 2711 qui
670 2663 926 2699 doctissimis
947 2662 1173 2701 Athanasii
1196 2663 1348 2700 libellis
1372 2664 1432 2701 De
1455 2663 1614 2713 Spiritu
1638 2667 1800 2707 sancto,

225 2730 323 2754 suas
344 2716 554 2766 loquaces,
578 2717 650 2754 sed
671 2717 875 2762 elumbes,
898 2719 1089 2755 attexuit
1109 2712 1299 2763 naenias,
1319 2719 1475 2767 quique
1497 2719 1539 2754 in
1562 2718 1799 2768 Epistolam

226 2771 280 2809 ad
302 2771 543 2809 Corinthios
566 2773 854 2821 posteriorem,
878 2776 921 2809 et
943 2773 984 2809 in
1006 2773 1311 2822 Apostolorum
1334 2773 1442 2810 Acta
1469 2772 1801 2822 Chrysostomus

228 2826 373 2863 haberi
399 2826 578 2863 studuit.
640 2827 782 2868 Porro,
810 2827 1181 2864 sceleratissimum
1205 2828 1528 2864 contaminandi
1559 2841 1690 2877 genus
1721 2831 1802 2872 est,

226 2881 487 2930 egregiorum
511 2881 697 2917 virorum
722 2881 963 2918 clarissimis
991 2883 1191 2931 purpuris
1220 2895 1318 2919 suos
1340 2895 1504 2931 pannos
1532 2883 1800 2926 intertexere,

229 2940 316 2979 aut,
336 2939 384 2972 vt
406 2935 555 2972 melius
578 2935 728 2977 dicam,
746 2948 947 2985 generosa
966 2936 1134 2973 illorum
1152 2938 1250 2976 vina
1267 2938 1351 2974 suis
1370 2938 1490 2986 vapis
1506 2949 1775 2985 corrumpere
1793 2950 1799 2973 :

229 2990 341 3039 quod
371 2991 413 3026 in
443 2990 541 3027 Diui
569 2990 820 3039 Hieronymi
848 2992 1176 3036 commentariis,
1210 2991 1365 3040 quibus
1395 2996 1567 3029 enarrat
1597 2991 1800 3035 Psalmos,
