1966 3379
257 107 336 144 224
689 107 947 145 LETTERS
978 107 1049 146 OF
1078 107 1346 148 ERASMUS
1705 113 1827 161 [1533

256 211 474 260 pensando
514 211 650 249 officio
681 224 765 249 non
797 216 861 250 est
894 212 1008 261 quod
1048 213 1103 250 sis
1135 213 1338 258 solicitus
1373 215 1532 264 optime
1567 215 1825 254 adolescens.

256 265 375 303 Inter
395 265 640 304 Gratiarum
668 266 836 304 foedere
863 267 1087 316 copulatos
1112 272 1287 305 mutuae
1315 274 1415 306 sunt
1444 269 1676 307 officiorum
1703 271 1826 317 vices,

217 335 235 364 5
256 320 459 358 mercedis
489 320 607 358 nulla
638 326 704 358 est
734 322 856 359 ratio.
917 322 973 359 Et
1005 326 1149 360 tamen
1183 324 1315 372 patris
1349 324 1411 360 tui
1444 323 1682 374 benignitas
1713 325 1827 364 Vltro

255 387 340 412 non
377 375 542 425 vulgari
576 388 751 413 munere
786 377 983 426 pensauit
1019 376 1095 414 hoc
1131 377 1357 415 officiolum
1397 391 1550 424 meum,
1583 391 1716 428 quum
1751 393 1828 430 ego

254 429 401 467 sedulo
423 431 640 475 cauissem,
663 443 714 468 ne
736 443 863 480 quam
887 430 1106 479 ἀντιδώρου
1126 431 1475 481 significationem
1497 433 1655 471 darem.
1711 435 1827 472 Misit

254 484 453 534 poculum
494 485 752 530 inauratum,
793 498 948 523 munus
987 490 1137 536 aptum
1179 486 1338 524 homini
1378 487 1557 532 Batauo,
1598 488 1670 526 sed
1715 502 1827 527 nuno

255 540 427 576 minime
458 539 662 577 Batauice
690 540 848 577 bibulo.
910 540 997 578 Iste
1026 545 1126 578 tuus
1154 542 1195 578 in
1224 554 1289 579 me
1317 542 1490 592 pietatis
1516 542 1695 580 affectus
1722 544 1826 582 mihi

196 609 235 629 10
253 594 519 643 gratissimus
541 598 617 639 est,
640 593 791 644 Georgi
813 594 1068 639 charissime,
1091 608 1214 645 quem
1239 609 1315 645 par
1335 601 1400 634 est
1422 610 1487 634 me
1509 602 1707 635 mutuum
1729 611 1827 648 erga

254 653 295 686 te
317 661 470 697 gerere.
531 648 654 695 Quod
676 650 709 687 si
731 650 833 698 quid
854 662 905 686 ex
928 663 993 687 me
1016 651 1095 688 tibi
1115 654 1285 699 gratum
1308 651 1474 695 accidit,
1494 652 1607 701 quod
1629 665 1728 690 sane
1750 657 1826 691 aut

254 703 357 740 nihil
377 716 465 741 esse
486 716 590 749 reor,
608 708 685 741 aut
705 717 833 753 quam
856 706 1019 742 minimi
1041 707 1258 751 momenti,
1279 719 1364 743 non
1386 705 1469 743 alia
1490 707 1655 744 ratione
1678 708 1828 746 melius

253 758 448 795 retuleris
474 760 669 807 gratiam,
693 772 821 808 quam
849 760 882 796 si
909 760 1100 808 quotidie
1127 759 1200 797 des
1228 773 1398 810 operam
1427 765 1475 798 vt
1502 762 1639 811 teipso
1666 762 1826 808 melior,

254 812 331 850 hoc
359 818 423 850 est
451 814 601 863 optimi
631 815 819 864 parentis
847 814 1033 860 similior,
1061 814 1231 852 euadas.
1292 815 1384 861 Quo
1411 816 1581 865 quidem
1614 817 1656 854 in
1687 817 1826 855 stadio

194 883 233 912 15
253 871 405 918 tuapte
427 872 580 918 sponte
605 870 802 919 gnauiter
823 874 1063 907 currentem
1093 882 1177 906 non
1202 874 1266 907 est
1292 870 1406 919 quod
1433 883 1525 908 meo
1550 871 1726 909 hortatu
1755 885 1823 910 ex—

254 922 459 960 timulem.
520 923 616 961 Non
647 928 688 961 te
720 924 923 973 poenitet,
954 928 1002 962 vt
1029 924 1187 969 scribis,
1215 926 1305 962 voti
1334 926 1409 970 tui,
1435 938 1510 963 nec
1537 939 1603 963 me
1634 927 1826 976 poenitet

253 977 414 1015 consilii
442 979 534 1015 mei.
596 978 758 1016 Idcirco
785 979 915 1016 etiam
943 983 1075 1028 atque
1102 979 1232 1017 etiam
1257 979 1477 1025 admoneo,
1501 984 1547 1018 vt
1573 994 1623 1017 ex
1653 982 1826 1031 optimis

252 1032 475 1070 autoribus
501 1033 630 1082 eligas
658 1034 833 1083 optima.
891 1033 941 1071 In
969 1033 1046 1071 hoc
1074 1033 1172 1071 albo
1197 1047 1282 1071 non
1308 1039 1373 1072 est
1402 1035 1615 1081 Erasmus,
1645 1037 1717 1085 qui
1746 1036 1825 1073 tibi

252 1086 431 1124 fortasse
462 1087 632 1125 videtur
662 1101 789 1137 quam
820 1092 885 1125 est
916 1088 1149 1133 formosior,
1182 1090 1382 1126 nimirum
1413 1091 1568 1127 amoris
1604 1090 1824 1136 lenocinio,

194 1156 233 1178 20
253 1142 319 1179 cui
341 1141 389 1179 τὰ
409 1142 464 1191 μὴ
486 1141 588 1180 καλὰ
609 1142 712 1179 καλὰ
732 1142 927 1191 πέφανται
948 1147 995 1180 vt
1017 1144 1078 1181 ait
1100 1143 1168 1181 ille
1189 1143 1366 1182 Siculus.

307 1196 421 1234 Bene
444 1197 549 1235 vale.
610 1197 804 1246 Friburgi
826 1198 883 1235 xii
903 1198 970 1236 die
992 1198 1091 1235 Maii
1114 1209 1369 1236 M.D.xxxl11.

567 1369 836 1426 279128102854
899 1370 966 1411 To
990 1370 1190 1412 VIGLIUS
1214 1371 1509 1412 ZmoHEMUS.

302 1459 547 1494 Rotterdam
566 1460 649 1494 MS.
1503 1462 1751 1507 <Freiburg»

302 1510 385 1543 Lss.
407 1510 511 1554 App.
533 1518 616 1553 372.
1480 1522 1521 1556 14
1542 1512 1638 1556 May
1661 1523 1765 1555 1533.

297 1577 370 1614 [An
388 1577 541 1617 original
565 1577 686 1611 letter.
708 1578 917 1618 autograph
938 1578 1180 1619 throughout,
1199 1578 1356 1609 collated
1378 1579 1427 1619 by
1444 1578 1484 1609 P.
1505 1579 1538 1610 S.
1558 1579 1662 1610 Allen
1685 1580 1721 1610 in
1743 1589 1825 1617 1909

252 1621 357 1652 when
383 1621 419 1651 in
445 1621 508 1651 the
534 1620 662 1652 Alfred
685 1621 865 1652 Morrison
890 1622 1080 1653 collection
1107 1623 1143 1652 in
1166 1622 1341 1653 London:
1367 1623 1465 1653 after
1489 1624 1639 1663 passing
1663 1624 1824 1664 through

252 1665 359 1696 other
376 1662 521 1706 pri'vate
539 1665 658 1695 hands
676 1666 703 1696 it
722 1666 763 1698 is.
782 1666 880 1696 since
902 1668 995 1705 1936,
1016 1667 1051 1696 in
1070 1667 1133 1697 the
1151 1666 1279 1696 Public
1298 1667 1462 1707 Library,
1482 1667 1716 1698 Rotterdam.

296 1709 373 1739 The
390 1709 500 1739 letter
518 1709 546 1739 is
564 1709 745 1740 endorsed
763 1710 813 1750 by
831 1710 971 1750 Viglius
992 1710 1210 1740 Zuichemus
1230 1714 1237 1723 ⁴
1252 1710 1435 1741 Redditae
1453 1711 1542 1741 xxvi
1559 1711 1668 1742 Iunii.
1692 1720 1772 1750 1533
1786 1711 1824 1750 '.]

307 1768 468 1813 ERRAS,
491 1769 525 1805 si
546 1773 589 1806 te
614 1769 748 1806 credis
776 1770 879 1807 scire
906 1769 1171 1807 millesimam
1196 1774 1362 1820 partem
1388 1770 1693 1816 molestiarum,
1717 1784 1825 1820 quae

251 1823 354 1861 mihi
376 1828 546 1873 praeter
566 1825 799 1861 senectutis
826 1837 874 1861 ac
900 1824 1159 1862 valetudinis
1184 1825 1465 1871 incommoda,
1488 1829 1589 1863 sunt
1616 1825 1822 1864 deuoran-

251 1878 353 1915 dae:
386 1877 487 1915 ἀλλὰ
507 1881 556 1927 τῇ
577 1877 731 1927 ἀνάγκῃ
752 1878 843 1916 οὐδὲ
864 1878 947 1916 θεοὶ
965 1878 1174 1929 μάχονται.

310 1932 388 1969 Τοῦ
409 1932 558 1982 ἀλόγου
579 1933 800 1971 Moecenas
817 1935 984 1984 scripsit
1001 1934 1226 1984 epistolam
1244 1935 1606 1980 humanissimam,
1624 1936 1823 1985 misitque

213 2001 231 2030 5
251 1992 470 2033 craterem,
494 2001 619 2036 quem
637 1988 828 2026 nondum
851 1990 1005 2038 accepi,
1029 2002 1160 2039 quum
1182 1994 1283 2027 ante
1305 2002 1465 2027 annum
1491 1990 1543 2027 sit
1570 1990 1710 2028 datus.
1771 1990 1822 2027 In

251 2043 354 2080 meis
384 2043 610 2092 postremis
640 2043 695 2080 ad
726 2043 845 2081 illum
878 2044 1032 2081 litteris
1067 2044 1259 2082 nonnihil
1290 2049 1467 2094 questus
1499 2045 1551 2082 de
1581 2044 1824 2095 petulantia

250 2096 418 2145 linguae
440 2097 634 2143 hominis,
657 2097 729 2135 sed
752 2098 1100 2144 moderatissime,
1123 2112 1241 2137 secus
1263 2112 1391 2148 quam
1413 2099 1481 2137 ille
1502 2104 1701 2137 meretur.

306 2151 407 2197 Quis
441 2153 496 2189 sit
528 2152 597 2189 ille
629 2152 980 2203 Archiepiscopus
1013 2166 1097 2191 non
1133 2166 1242 2203 queo
1277 2153 1480 2199 diuinare,
1515 2154 1629 2203 quod
1668 2167 1822 2192 nomen

251 2207 544 2256 suppresseris,
566 2208 646 2244 nisi
670 2207 781 2245 forte
802 2209 857 2245 sit
878 2207 1143 2246 Guilhelmus
1164 2208 1340 2254 Knicht,
1363 2208 1477 2258 quod
1500 2221 1598 2246 sane
1622 2210 1819 2259 optarim.

193 2275 231 2295 10
252 2261 416 2298 Rursus
441 2261 665 2299 emendaui
687 2261 908 2307 Quirinum
931 2263 1116 2312 Hagium
1137 2263 1347 2301 famulum
1370 2276 1511 2301 meum
1533 2264 1576 2301 in
1597 2263 1793 2313 Angliam
1811 2277 1818 2301 :

251 2328 350 2353 nam
371 2317 566 2365 proxima
588 2316 798 2365 legatione
820 2312 946 2355 redist
967 2330 1150 2363 vacuusg
1183 2331 1259 2355 nec
1280 2317 1397 2355 aliud
1419 2331 1531 2355 nunc
1553 2322 1744 2368 expecto.

306 2370 438 2408 Doleo
470 2383 534 2407 res
562 2370 793 2420 Anglorum
822 2376 1014 2421 spectare
1046 2372 1099 2410 ad
1126 2385 1276 2421 graues
1304 2373 1530 2410 tumultus.
1590 2373 1677 2410 Neo
1704 2373 1821 2422 apud

251 2424 440 2463 Batauos
461 2425 598 2463 multo
620 2430 721 2463 sunt
743 2426 1068 2476 tranquilliores.
1111 2427 1310 2465 Pontifex
1333 2427 1451 2465 iubet
1468 2432 1516 2466 vt
1534 2427 1627 2465 Rex
1644 2427 1822 2478 Angliae

778 2498 874 2528 2809.
904 2508 953 2537 15.
981 2499 1036 2529 N:
1061 2499 1224 2539 grauiter
1242 2499 1280 2529 L.

294 2567 390 2598 2809.
416 2569 447 2597 8.
474 2568 662 2608 poculum]
677 2569 741 2600 See
755 2569 882 2610 Major,
898 2578 999 2610 p.57.
1113 2580 1145 2607 9.
1172 2570 1328 2608 Knicht]
1354 2570 1513 2601 william
1534 2570 1690 2610 Knight,
1715 2573 1821 2610 1476—

250 2620 347 2684 3-{16-
374 2654 529 2693 Siculus]
546 2655 763 2687 Theocritus
779 2659 810 2687 6.
833 2666 882 2693 19.
1069 2613 1387 2698 hyrgffiffglogagf
1411 2614 1511 2688 ἓξὲξ
1543 2614 1820 2689 ῗὲὲθὲἒίῐῐῐὶ49ἰ311

294 2699 390 2729 2810.
418 2708 449 2738 3.
476 2697 557 2728 ἀλλὰ
591 2723 597 2729 .
634 2724 640 2730 .
677 2724 683 2730 .
716 2698 888 2740 μάχονται]
936 2700 1001 2732 See
1070 2701 1224 2732 Oxford.
1273 2701 1317 2731 In
1355 2710 1435 2741 1532
1472 2701 1517 2731 he
1551 2711 1624 2732 was
1659 2706 1741 2732 sent
1780 2711 1820 2732 as

250 2742 1000 2785 Simon.8.2o‚Ada9.1241;cf.Ep.286o.
1069 2745 1307 2776 ambassador
1341 2745 1390 2785 by
1422 2745 1551 2785 Henry
1582 2754 1653 2774 vul
1685 2749 1724 2776 to
1756 2745 1820 2776 the

250 2788 328 2816 2611.
1070 2789 1155 2819 Low
1172 2788 1378 2821 Countries.
1397 2788 1552 2822 Brewer.
1571 2800 1606 2818 v.
1625 2790 1701 2828 804,
1723 2791 1817 2826 1056.

294 2841 324 2870 4.
353 2828 417 2860 Τοῦ
434 2828 570 2869 ἀλόγου]
585 2831 724 2871 Logus:
743 2832 800 2862 his
811 2832 1002 2863 Moecenas
1070 2833 1114 2863 In
1141 2841 1219 2872 1541
1245 2833 1290 2863 he
1314 2833 1462 2863 became
1484 2833 1547 2873 bp.
1571 2833 1608 2863 of
1628 2832 1727 2863 Bath
1744 2832 1819 2863 and

250 2884 324 2904 was
356 2874 389 2904 S.
423 2874 541 2904 Turzo
573 2875 645 2905 and
679 2875 742 2905 the
774 2875 884 2906 letter
916 2876 1001 2906 here
1070 2876 1191 2907 wells.
1239 2876 1303 2907 See
1321 2876 1434 2906 DNB.

249 2918 390 2958 spoken
408 2918 445 2948 of
461 2918 490 2948 is
508 2918 576 2958 Ep.
595 2921 691 2955 2699.
1115 2930 1164 2952 10.
1191 2919 1399 2958 Quirinum]
1418 2920 1482 2951 See
1500 2920 1569 2960 Ep.
1589 2929 1685 2960 2704.

294 2964 325 2992 6.
352 2962 562 3004 postremis]
581 2963 650 3003 Ep.
670 2963 766 2993 2608.
785 2972 881 3003 43—7.
