1966 3379
91 169 211 219 2674]
1602 172 1653 207 47

390 277 581 329 26742675
645 273 782 314 FROM
817 273 1048 314 Aassnussss
1082 273 1349 315 PELARGUs

139 353 338 397 Pelargus,
361 352 535 386 Bellaria
556 352 603 385 f0.
625 352 681 385 Η2
702 358 758 385 v0.
1322 352 1570 396 <Freiburg>

1281 406 1334 441 (c.
1354 401 1453 446 July
1477 407 1604 444 1532>

508 510 611 536 ΑΜΒ.
636 509 860 537 PELARGVS
882 509 1057 537 ERASMO
1078 510 1174 537 ROT.
1198 510 1230 537 S.

142 570 239 608 Hoc
256 570 382 607 velim
399 573 541 607 tecum
558 569 786 619 expendas,
801 569 977 607 Erasme
994 569 1248 615 doctissime,
1266 582 1368 607 num
1386 570 1490 607 satis
1508 574 1653 608 tutum

88 625 143 662 sit
173 624 374 673 neglectis
404 624 610 674 probatae
631 623 727 661 fidei
757 624 992 669 autoribus,
1025 624 1278 673 Augustino,
1310 624 1574 674 Hieronymo
1606 638 1654 662 ac

87 679 179 716 aliis
200 679 366 727 aliquot
386 678 598 716 Ecclesiae
620 678 877 728 proceribus,
899 679 1081 728 pendere
1103 679 1157 716 ab
1185 678 1466 716 Ethnicorum
1495 681 1652 717 autori-

87 737 190 778 tate,
230 734 480 783 praesertim
520 737 800 782 posteaquam
839 733 923 770 iam
963 746 1063 770 vsus
1103 733 1316 771 Ecclesiae
1362 733 1564 778 obtinuit,
1605 739 1654 771 vt

87 787 319 826 coelibatus
358 787 633 839 vocabulum,
656 788 791 825 vitam
826 792 988 824 castam
1022 792 1153 836 atque
1185 788 1301 824 omni
1336 800 1487 825 venere
1522 788 1651 826 absti-
1673 800 1691 830 5

86 846 257 879 nentem
279 841 507 892 significet:
535 842 577 879 id
599 841 713 891 quod
735 842 950 880 Prisciano
971 854 1140 891 quoque
1160 842 1381 891 probatur,
1399 843 1467 879 cui
1488 842 1654 880 coelebs

86 896 241 934 dicitur
262 897 383 946 quasi
404 896 652 934 coelestium
673 897 808 933 vitam
830 896 1000 936 ducens.
1060 896 1117 934 Et
1138 896 1428 946 Hieronymus
1450 897 1653 935 coelibem

85 963 181 988 eum
203 963 291 988 esse
312 951 427 996 dicit,
450 951 523 1000 qui
543 951 659 988 coitu
681 954 825 988 careat
845 951 1101 1000 dignamque
1122 951 1240 989 caelo
1260 952 1396 989 vitam
1426 952 1558 989 viuat.
1602 952 1653 989 In

86 1005 198 1042 hunc
223 1005 397 1043 modum
424 1005 690 1055 Augustinus
719 1006 820 1043 item
849 1006 1008 1043 scribit.
1070 1006 1275 1051 Breuiter,
1303 1005 1447 1043 nullus
1474 1010 1539 1043 est
1566 1019 1651 1043 om-

85 1060 202 1097 nium
223 1059 630 1105 Ecclesiasticorum‚
653 1060 725 1108 qui
748 1060 877 1109 (quod
898 1060 1094 1109 equidem
1111 1061 1258 1107 sciam)
1275 1060 1401 1098 aliter
1417 1060 1653 1098 coelibatus
1676 1074 1714 1094 10

86 1113 343 1152 vocabulum
374 1115 568 1163 accipiat.
627 1114 751 1152 Addo
783 1114 896 1163 quod
928 1119 972 1152 et
1007 1115 1307 1152 iureconsultis
1338 1115 1519 1153 coelibes
1549 1115 1653 1153 dicti

86 1172 187 1206 sunt
208 1169 329 1218 quasi
350 1168 534 1214 coelites,
557 1182 581 1206 a
602 1169 756 1218 quibus
777 1169 899 1219 longe
920 1169 1041 1207 abest
1062 1170 1211 1207 coitus.

139 1222 220 1261 Sed
250 1227 299 1260 vt
328 1223 438 1261 forte
469 1224 524 1260 sit
554 1236 638 1272 quo
669 1227 711 1261 te
741 1225 911 1269 tuearis,
935 1237 1019 1273 qua
1052 1225 1215 1262 ratione
1247 1224 1343 1261 hinc
1371 1228 1413 1262 te
1443 1224 1652 1274 expedies,

85 1278 198 1327 quod
225 1281 525 1328 paupertatem
553 1279 834 1316 monasticam
863 1291 888 1315 a
915 1278 1084 1316 Christo
1111 1279 1354 1316 consultam
1382 1280 1532 1316 misces
1557 1292 1652 1317 cum

83 1345 133 1369 ea
162 1344 270 1381 quae
301 1345 326 1370 a
356 1331 525 1370 Christo
555 1337 783 1383 praecepta
813 1333 1011 1370 omnibus
1039 1346 1091 1371 ex
1122 1346 1258 1383 aequo
1288 1334 1525 1371 communis
1555 1337 1652 1372 est?
1676 1344 1713 1373 15

84 1386 181 1424 Non
217 1390 307 1424 tam
339 1387 567 1425 obscurum
599 1391 665 1425 est
696 1400 781 1436 quo
815 1388 856 1425 id
889 1388 1070 1426 artificio
1108 1388 1269 1426 feceris.
1329 1388 1469 1426 Verba
1501 1392 1577 1426 tua
1611 1390 1652 1426 in

85 1441 220 1479 Milite
237 1446 312 1479 tuo
329 1442 387 1479 sic
408 1455 451 1479 se
472 1442 655 1479 habent:
683 1447 691 1460 ‘
708 1442 771 1479 Tu
794 1442 994 1480 credebas
1015 1442 1114 1480 solis
1136 1442 1356 1480 monachis
1377 1443 1652 1480 interdictam

84 1508 172 1533 esse
189 1497 507 1546 proprietatem,
529 1496 735 1534 indictam
757 1501 1070 1546 paupertatem.
1119 1497 1300 1535 Errasti.
1351 1497 1576 1547 Vtrimque
1598 1498 1653 1535 ad

85 1563 230 1588 omnes
265 1550 529 1589 Christianos
562 1552 761 1601 pertinet.
823 1552 1052 1589 Enimuero
1085 1553 1119 1589 si
1150 1555 1382 1602 paupertas
1417 1553 1653 1590 monastica

86 1605 301 1655 (expedita
340 1605 537 1643 videlicet
577 1605 661 1651 illa,
703 1619 810 1655 quae
846 1619 932 1643 non
972 1607 1057 1644 iam
1093 1608 1206 1644 intra
1240 1607 1485 1656 praeparati
1521 1608 1652 1644 animi
1674 1617 1714 1638 20

84 1660 271 1709 pomeria
292 1660 486 1698 concludi
507 1661 683 1710 patitur,
706 1661 808 1709 quin
830 1662 967 1711 reipsa
987 1662 1131 1711 potius
1152 1674 1320 1699 omnem
1342 1661 1652 1699 haereditatem

84 1714 256 1752 abdicat
293 1718 337 1752 et
372 1715 529 1760 abiicit,
565 1715 766 1753 nimirum
801 1715 856 1753 ad
891 1717 1135 1765 primitiuae
1170 1716 1383 1754 Ecclesiae
1418 1717 1652 1766 exemplar)

85 1769 280 1806 omnibus
301 1768 551 1807 Christianis
572 1770 733 1807 indicta
755 1774 832 1815 est,
855 1783 1119 1820 consequens
1140 1770 1189 1808 fit
1210 1775 1259 1808 vt
1277 1784 1421 1808 omnes
1437 1775 1653 1820 quotquot

84 1836 181 1860 vere
208 1822 437 1862 Christiani
466 1828 579 1870 sunt,
609 1824 888 1862 Monasticem
913 1825 1093 1875 professi
1123 1826 1236 1863 sint.⁷
1294 1825 1362 1863 An
1391 1839 1477 1863 non
1507 1838 1558 1863 ex
1589 1826 1653 1863 his

84 1877 224 1915 verbis
245 1879 331 1916 tuis
352 1878 585 1928 periculum
607 1880 709 1917 item
731 1884 796 1917 est
817 1883 866 1917 vt
894 1879 1094 1929 perfidiae
1119 1893 1220 1918 suae
1248 1881 1511 1918 occasionem
1540 1880 1651 1918 Ana·
1674 1889 1712 1919 25

84 1932 299 1982 baptistae
320 1933 416 1970 inde
440 1934 678 1983 arripiant?
736 1933 778 1971 Si
803 1938 936 1984 poteS,
963 1947 1014 1972 ex
1044 1935 1123 1972 hoc
1148 1935 1300 1972 erroris
1325 1935 1486 1984 pelago,
1509 1948 1560 1972 ex
1589 1935 1653 1973 his

84 1986 264 2036 denique
281 1987 362 2025 huc
379 1987 562 2037 illucque
578 1988 917 2038 propellentibus
933 1989 1147 2035 fluctibus,
1163 1990 1204 2027 in
1218 1994 1391 2039 portum
1409 1994 1451 2027 te
1468 1990 1650 2028 vindica.

84 2040 193 2078 Nam
216 2041 281 2079 hic
304 2055 438 2091 neque
461 2043 634 2080 consilio
656 2056 791 2093 neque
812 2044 972 2082 auxilio
993 2044 1191 2093 prodesse
1213 2045 1441 2094 quicquam
1464 2057 1650 2094 possum.

83 2094 204 2133 Certe
232 2096 346 2145 quod
375 2110 507 2134 vnum
535 2110 720 2147 possum,
750 2102 853 2148 opto
881 2098 960 2136 tibi
987 2103 1036 2136 vt
1064 2103 1153 2137 tete
1180 2099 1361 2136 feliciter
1386 2099 1581 2149 expliceS,
1604 2112 1652 2137 ac

83 2150 257 2188 tandem
278 2163 478 2201 emergas.
1671 2163 1712 2193 30

138 2203 259 2250 Quod
281 2205 569 2255 Hieronymus
590 2207 692 2244 alibi
712 2207 815 2245 dicit
835 2207 989 2257 Ioseph
1012 2209 1162 2257 viginti
1183 2208 1320 2246 aureis
1342 2208 1580 2253 venditum,
1603 2213 1651 2246 tu

84 2260 203 2307 quasi
233 2272 457 2309 operarum
488 2262 651 2299 incuria
686 2262 888 2300 mendum
924 2263 1152 2312 irrepserit,
1183 2263 1474 2313 reponendum
1510 2267 1650 2313 putas,

83 2315 304 2363 argenteis.
364 2315 497 2364 Atqui
519 2315 584 2353 hic
606 2317 846 2354 meminisse
867 2317 1095 2367 oportebat
1117 2317 1429 2367 Hieronymum
1451 2331 1526 2355 sua
1544 2331 1649 2355 nun-

84 2380 224 2416 quam,
246 2368 403 2418 vbique
431 2374 575 2407 autem
601 2370 884 2421 Septuaginta
909 2373 1099 2410 versione
1124 2385 1261 2410 vsum.
1323 2372 1512 2409 Tametsi
1537 2373 1650 2421 quod

83 2421 152 2459 isti
182 2427 370 2469 vertunt,
394 2424 656 2474 Hieronymo
688 2438 770 2463 non
797 2425 1028 2464 admodum
1054 2427 1284 2476 probatur:
1319 2426 1359 2464 id
1385 2427 1500 2476 quod
1525 2427 1650 2476 plane
1671 2435 1710 2465 35

83 2479 301 2514 testantur
321 2479 451 2528 ipsius
473 2479 615 2517 verba.
677 2480 846 2518 Etenim
870 2481 912 2517 in
934 2481 1255 2519 Traditionibus
1278 2482 1367 2518 eius
1389 2482 1430 2518 in
1455 2480 1649 2519 Genesim

84 2530 126 2567 in
152 2531 252 2569 haec
278 2533 409 2570 verba
436 2533 613 2582 legitur:
648 2535 968 2573 ‘Vendiderunt
994 2536 1148 2585 Ioseph
1174 2537 1327 2586 viginti
1354 2537 1506 2573 aureis.
1568 2536 1650 2573 Pro

83 2587 220 2623 aureis
241 2587 283 2623 in
306 2587 500 2625 Hebraeo
522 2588 652 2626 habet
673 2591 896 2637 argenteis,
919 2603 1054 2639 neque
1076 2590 1222 2628 viliore
1248 2590 1420 2628 metallo
1443 2590 1650 2627 Dominus

84 2640 209 2677 vendi
237 2641 385 2679 debuit
407 2655 534 2692 quam
557 2643 738 2693 Ioseph.'
788 2645 844 2681 Et
868 2645 908 2681 in
930 2645 1224 2683 Matthaeum:
1258 2645 1433 2694 ‘Ioseph
1451 2645 1472 2690 ‘,
1497 2646 1648 2694 inquit,

126 2784 157 2812 6.
184 2783 572 2822 Prisciano]2.18.1o.
902 2796 984 2825 ¹520
1019 2787 1091 2817 and
1128 2788 1355 2827 subsequcnt¹
1393 2787 1550 2817 editions
1586 2787 1648 2816 the

126 2835 156 2861 Q.
185 2827 428 2866 Augustinus]
457 2839 482 2858 c.
514 2829 705 2860 Iulianum
733 2840 762 2870 4.
788 2840 830 2867 90
898 2831 1017 2861 words
1033 2831 1080 2860 do
1098 2835 1159 2861 not
1179 2841 1328 2871 appear.

70 2868 283 2909 -(Opp.v01.
304 2873 352 2907 x).
944 2884 996 2913 31.
1032 2875 1295 2914 Hieronymus]
1339 2874 1415 2903 le
1449 2874 1649 2903 references

131 2921 178 2951 17.
206 2914 334 2952 Milite]
365 2915 605 2956 Presumably
634 2917 696 2947 ilie
724 2917 829 2947 collo·
899 2917 1648 2955 nrotoJerome'siioivson(lmi‹*sis37.28

84 2965 158 2995 quy
178 2957 315 2987 Militis
335 2963 363 2988 ct
382 2959 603 2989 (furtu-sioni.
654 2961 717 2989 &Vc
736 2961 829 2990 hav<-
898 2961 970 2991 nnd
1000 2961 1105 2991 Matr.
1137 2966 1187 2990 zo.
1217 2971 1252 2998 ¹5
1280 2961 1408 2993 (Hvisr.
1436 2960 1584 2996 Qiuwst.
1614 2960 1646 2988 in

84 3004 149 3030 not
172 3010 255 3030 seen
280 3002 341 3032 the
363 3003 499 3033 edition
521 3003 559 3033 of
585 3013 677 3042 1523,
703 3004 770 3034 but
794 3005 828 3034 in
900 3006 1056 3035 Genesin
1077 3006 1305 3044 304.C01uin.
1327 3004 1433 3034 Muti.
1456 3006 1542 3042 214).
