1966 3379
248 149 298 185 28
677 147 934 185 LETTERS
965 147 1036 186 or
1067 147 1334 187 ERASMUS
1696 152 1818 199 [1532

246 257 311 283 not
337 252 424 292 only
449 253 512 283 the
538 253 648 287 Basil.
669 253 735 283 but
763 253 827 283 the
854 253 1118 284 Declaratz'ones
1143 253 1203 289 (ef.
1223 253 1292 293 Ep.
1318 254 1401 293 2048
1427 254 1590 291 intr-od).
1639 255 1716 285 The
1740 256 1821 286 first

245 300 331 370 ἔξιτέ
344 296 608 380 ῒῖῐίὲξῖέίεέῗῗ
628 297 811 327 furnishcs
833 307 880 326 an
905 297 1157 327 introduction
1181 297 1237 327 for
1260 308 1281 327 a
1305 307 1436 337 person
1462 298 1582 328 whom
1604 309 1655 328 wc
1676 309 1736 329 are
1755 304 1821 330 not

246 410 328 437 1Ac.
353 410 601 437 sADOLETvs
630 410 760 437 muse.
786 410 999 437 CARPENT.
1028 412 1109 437 Des
1137 411 1311 437 ERASMO
1338 411 1638 439 ROTERODAMO
1661 412 1693 439 S.
1718 412 1753 440 P.
1778 413 1820 440 D.

300 470 343 507 Is
371 471 443 520 qui
472 470 550 508 tibi
582 471 656 507 has
686 470 830 507 literas
863 471 1047 508 reddidit
1077 472 1217 508 minus
1247 471 1349 508 mihi
1378 483 1478 509 sanc
1506 473 1700 521 cognitus
1729 477 1818 510 est:

244 538 380 575 neque
401 538 477 573 ego
500 525 680 562 hominis
703 538 840 562 mores
863 531 1146 575 naturamque
1169 527 1376 576 perspexi.
1425 526 1503 563 Sed
1527 540 1622 564 cum
1645 527 1821 565 adiisset
1872 551 1877 554 -

243 580 298 617 ad
320 593 386 617 me
409 580 653 629 diceretque
676 594 717 617 se
740 580 990 617 celebritate
1013 581 1151 618 famae
1179 586 1223 617 et
1250 594 1394 618 amore
1423 581 1608 630 quodam
1637 583 1820 619 nominis

245 635 309 672 tui
329 640 592 672 commotum
617 635 724 671 velle
746 635 798 671 ad
822 640 863 672 te
885 636 1104 684 proficisci,
1124 640 1169 672 vt
1188 635 1267 672 sub
1285 640 1326 672 te
1344 637 1549 683 magistro
1566 636 1820 674 lautioribus

206 702 224 732 5
245 689 379 727 literis
401 702 572 739 operam
596 689 730 733 daret,
755 702 838 726 non
862 691 981 739 potui
1005 703 1089 727 non
1107 690 1287 739 probare
1306 690 1383 727 hoc
1401 692 1490 727 eius
1507 692 1793 728 constitutum
1811 705 1818 729 ;

244 757 341 782 nam
365 749 407 782 et
430 757 517 781 rem
536 744 864 793 pulcherrimam
882 750 923 782 et
942 745 1160 782 doctorem
1180 746 1598 795 praestantissimum
1621 750 1820 795 appetere

244 799 347 836 mihi
387 800 502 836 visus
543 803 619 836 est.
682 798 863 836 Proinde
897 801 1061 849 petenti
1094 813 1116 837 a
1155 813 1220 837 mc
1261 800 1635 838 commendatitias
1675 800 1820 838 literas

244 853 426 891 libenter
465 854 715 891 conseruaui
756 854 1108 891 consuetudinem
1146 867 1307 892 meam:
1354 860 1398 892 et
1438 856 1479 892 in
1521 855 1584 892 his
1620 868 1728 904 quae
1765 855 1819 892 ad

244 908 559 946 humanitatem
591 909 809 957 pertinent
840 908 1007 946 facilem
1039 910 1074 946 ei
1107 922 1171 946 nie
1200 909 1388 957 praebui.
1449 908 1711 947 Commendo
1741 910 1820 947 tibi

186 976 224 997 xe
244 976 339 1000 eum
363 964 514 1012 igitur;
547 963 619 1000 sed
642 963 701 1000 ita
724 967 784 1008 vt,
807 975 902 1000 cum
925 964 1013 1013 ipse
1034 964 1085 1001 de
1106 978 1154 1001 eo
1172 964 1318 1001 feceris
1337 964 1536 1001 iudicium
1560 964 1820 1014 dignumque

243 1019 446 1055 statueris
468 1030 592 1067 quem
615 1018 657 1054 in
679 1018 912 1055 amicitiam
935 1023 1055 1056 tuam
1079 1020 1268 1068 recipias,
1292 1024 1385 1056 tum
1413 1032 1510 1056 eum
1537 1020 1594 1056 sic
1616 1019 1820 1057 adhibeas

242 1077 286 1109 et
308 1072 574 1121 benignitate
596 1077 671 1110 tua
693 1072 977 1122 complectare
1000 1077 1061 1117 vt,
1084 1074 1198 1122 quod
1221 1075 1311 1110 sine
1333 1073 1422 1111 vllo
1450 1078 1526 1111 tuo
1551 1074 1821 1112 incommodo

243 1127 331 1171 fiat,
355 1127 538 1176 aliquem
561 1128 648 1177 ipse
670 1127 858 1164 fructum
883 1128 946 1164 sui
971 1127 1094 1165 huius
1117 1129 1337 1165 rectissimi
1359 1128 1491 1165 studii
1516 1133 1817 1178 consequatur.

298 1182 387 1231 Ego
402 1187 683 1231 posteaquam
699 1181 752 1219 ad
768 1186 809 1219 te
822 1183 1013 1231 proxime
1029 1184 1337 1233 rescripseram,
1355 1183 1484 1220 biduo
1496 1183 1568 1221 illo
1584 1188 1661 1221 aut
1675 1183 1820 1221 triduo

186 1250 223 1279 ¹5
243 1238 385 1286 accepi
414 1236 579 1274 libellos
610 1241 720 1281 tuos,
747 1249 927 1286 quorum
962 1238 1043 1274 iam
1077 1238 1231 1275 bonam
1265 1238 1419 1287 perlegi
1445 1242 1637 1287 partem:
1676 1239 1818 1288 impri-

243 1293 406 1341 misque
434 1304 527 1329 sum
556 1292 642 1329 tuis
671 1291 989 1329 defensionibus
1019 1293 1223 1330 aduersus
1252 1292 1347 1330 illos
1379 1293 1693 1331 obtrectatores
1722 1297 1820 1331 tuos

242 1346 497 1384 mirabiliter
526 1346 787 1387 delectatus:
826 1359 1037 1384 summam
1072 1349 1184 1384 enim
1221 1347 1317 1385 illae
1352 1347 1591 1385 doctrinam
1628 1352 1671 1385 et
1702 1347 1819 1385 illam

242 1414 370 1450 quam
389 1414 464 1451 ego
482 1402 666 1438 maxime
682 1401 995 1451 probo-egregie
1013 1402 1206 1440 redolent
1219 1403 1350 1439 animi
1365 1402 1714 1440 moderationem.
1757 1402 1818 1440 De

243 1456 401 1493 Basilio
431 1457 585 1493 iterum
616 1468 695 1505 ago
726 1456 804 1493 tibi
835 1457 965 1493 etiam
994 1461 1123 1506 atque
1154 1458 1284 1494 etiam
1315 1458 1486 1505 gratias,
1520 1457 1634 1506 quod
1668 1470 1733 1494 me
1766 1457 1821 1494 ad

182 1524 223 1545 20
242 1523 389 1548 eorum
420 1523 643 1548 numerum
675 1523 781 1559 quos
809 1511 874 1547 tui
902 1511 1057 1560 ingenii
1083 1513 1372 1549 monumentis
1402 1511 1616 1549 illustrare
1645 1511 1820 1549 voluisti

242 1578 467 1616 aggregare
489 1565 689 1615 dignatus
710 1579 764 1603 es.
826 1565 877 1602 In
905 1578 990 1615 quo
1019 1567 1052 1602 si
1081 1566 1159 1604 tibi
1188 1579 1273 1604 non
1302 1579 1378 1616 par
1406 1579 1533 1616 opera
1562 1566 1820 1616 rependetur

243 1633 267 1657 a
288 1633 367 1666 me,
390 1625 434 1658 at
463 1633 556 1658 mea
584 1633 719 1669 aequa
747 1624 861 1658 certe
890 1625 990 1658 tuae
1018 1621 1087 1658 isti
1115 1622 1353 1671 praestanti
1382 1634 1481 1670 erga
1508 1634 1574 1659 me
1603 1621 1820 1659 voluntati

243 1675 446 1713 reddetur
467 1675 680 1713 voluntas.

298 1729 413 1772 Vale,
436 1731 493 1767 mi
515 1730 703 1775 Erasme,
726 1735 769 1767 et
791 1729 1121 1770 Amerbachium
1143 1736 1338 1768 nostrum
1367 1731 1470 1768 meis
1493 1731 1633 1768 verbis
1663 1730 1817 1768 saluta.

183 1798 222 1827 25
243 1784 407 1822 Iterum
429 1784 534 1822 vale.

298 1838 632 1890 Carpentoracti‚
656 1850 730 1877 vn.
755 1839 858 1877 Idus
880 1839 1037 1886 Iunias,
1059 1851 1298 1878 M.D.xxxn.

559 1957 750 2009 26572632
814 1954 952 1994 Fsson
987 1953 1186 1994 VIGLIUS
1219 1953 1514 1994 ZUICHEMcs.

294 2028 384 2061 Van
405 2027 589 2061 Heussen
607 2027 661 2061 iv.
687 2038 752 2061 112
775 2031 837 2072 (β).
1556 2027 1709 2061 Padua.

294 2077 410 2110 VZE.
432 2087 478 2120 30
498 2080 560 2119 (γ).
1490 2078 1510 2110 8
1529 2076 1638 2110 June
1662 2087 1766 2119 1532.

780 2154 954 2181 ERASMO
976 2153 1275 2181 ROTERODAMO

299 2213 395 2252 CVM
418 2214 616 2252 Venetias
638 2227 702 2252 me
725 2214 1000 2252 contulissem
1023 2214 1076 2252 ob
1098 2214 1316 2251 solennem
1337 2214 1416 2257 (vti
1434 2214 1530 2260 scis)
1550 2213 1607 2251 ibi
1626 2213 1814 2251 Domini-

245 2282 316 2306 cae
347 2269 616 2306 Ascensionis
652 2269 958 2309 celebritatem,
995 2269 1267 2306 commodum
1303 2268 1451 2306 eodem
1488 2274 1680 2318 tempore
1716 2268 1816 2306 illuc

244 2323 488 2373 Ephorinus
519 2336 614 2361 cum
648 2325 733 2361 tuis
763 2323 817 2360 ad
847 2336 914 2361 me
942 2323 1098 2361 litteris
1125 2323 1304 2373 appulit.
1365 2323 1612 2372 Eademque
1643 2323 1748 2360 hora
1773 2328 1817 2361 et

245 2378 403 2415 alteras
431 2378 486 2415 ab
508 2378 709 2428 Baptista
737 2378 922 2428 Egnatio
950 2379 1105 2428 accepi,
1128 2379 1171 2415 in
1200 2378 1355 2427 quibus
1383 2382 1557 2415 tantum
1587 2377 1814 2423 adieceras,

207 2443 224 2472 5
245 2432 470 2482 epistolam
492 2434 609 2482 prius
630 2433 804 2470 missam
826 2433 966 2471 denuo
988 2437 1031 2470 te
1059 2434 1229 2470 mittere
1259 2445 1332 2482 per
1359 2431 1563 2482 Cyprium
1585 2432 1814 2481 quendam,

245 2488 317 2536 qui
339 2499 552 2536 nusquam
577 2492 723 2525 tamen
753 2488 868 2538 apud
896 2500 972 2525 nos
1001 2488 1214 2537 apparuit.
1275 2487 1332 2524 Et
1361 2487 1571 2536 Egnatius
1599 2500 1624 2524 a
1652 2486 1813 2524 Bebelii

244 2541 408 2579 famulo
439 2542 605 2579 litteras
637 2542 716 2580 sibi
748 2542 932 2580 traditas
962 2542 1118 2580 aiebat.
1178 2542 1267 2591 Ego
1302 2546 1448 2579 autem
1483 2541 1695 2591 prioribus
1728 2542 1814 2579 iam

245 2596 408 2646 pridem
441 2601 569 2634 antea
605 2597 916 2646 responderam.
977 2597 1071 2634 Tali
1102 2609 1202 2634 vero
1232 2597 1403 2637 vicario,
1437 2596 1610 2645 quando
1645 2600 1687 2633 te
1723 2597 1814 2645 ipso

244 2650 328 2688 frui
350 2664 436 2688 non
458 2651 568 2693 licet,
592 2652 716 2688 valde
738 2653 909 2701 gauisus
932 2664 1038 2696 sum,
1061 2651 1141 2688 tibi
1163 2652 1293 2688 etiam
1316 2663 1400 2688 non
1430 2650 1625 2699 vulgares
1652 2651 1813 2700 gratias

186 2715 226 2736 10
245 2718 386 2754 agens,
415 2705 529 2754 quod
555 2705 710 2743 litteris
738 2707 824 2743 tuis
851 2707 1051 2743 notitiam
1076 2705 1179 2743 mihi
1206 2705 1322 2754 apud
1344 2705 1464 2742 illum
1486 2705 1811 2755 praestruxeris.

245 2759 381 2805 Quam
403 2772 479 2809 ego
500 2772 551 2796 ex
573 2773 667 2798 mea
688 2766 810 2810 parte
831 2762 947 2798 omni
969 2761 1113 2798 studio
1133 2760 1324 2797 excolere
1345 2772 1531 2809 pergam.
1583 2759 1813 2797 Patauium

245 2819 390 2852 autem
426 2814 544 2851 illum
577 2815 748 2861 deduxi,
781 2815 1061 2864 omnibusque
1092 2815 1248 2864 quibus
1278 2815 1400 2864 potui
1431 2814 1576 2852 officiis
1606 2813 1814 2851 hactenus

289 2913 386 2943 2656.
414 2923 465 2953 14.
491 2914 762 2953 rescripseram]
780 2913 850 2954 Ep.
870 2915 967 2953 2648.
1107 2913 1204 2944 2657.
1230 2922 1261 2952 3.
1288 2913 1434 2951 litteris]
1453 2913 1522 2953 Ep.
1543 2915 1639 2952 2604.

291 2959 342 2987 16.
367 2957 659 2995 defensionibus]
704 2957 781 2988 The
828 2957 993 2988 Declara-
1108 2958 1139 2987 8.
1165 2956 1440 2997 responderam]
1481 2957 1584 2988 With
1620 2956 1690 2996 Ep.
1728 2957 1812 2995 2632

244 3001 367 3032 tiones.
1065 3001 1199 3037 (where
1216 3010 1275 3031 see
1292 3000 1457 3038 introd.).
