1966 3379
241 105 320 141 416
781 107 1080 146 APPENDIX
1114 108 1270 146 XXIII

404 264 496 303 A7.
565 264 754 304 LETTER
788 276 845 304 or
879 265 1122 305 BONIFACE
1155 265 1426 305 AMERBACH
1459 277 1518 306 To
1551 278 1644 306 THE

693 325 993 365 Umvmsrrv
1028 336 1084 365 oF
1118 325 1350 365 LOUVA1N.

296 413 410 447 Basle
430 414 511 447 MS.
534 415 819 448 Erasmuslade
838 416 879 453 (¹,
901 415 927 448 f.
954 426 1006 448 12.
1440 416 1614 455 (Basle.>

1264 470 1316 505 <c.
1344 468 1386 497 10
1405 465 1635 499 November
1658 472 1785 509 1539.)

285 547 358 584 [An
384 548 592 587 autograph
621 547 865 585 rougli-draft.
914 547 991 577 The
1019 547 1107 578 date
1132 548 1160 577 is
1185 548 1355 588 supplied
1384 549 1433 588 by
1457 549 1520 579 the
1545 549 1811 581 circumstance

241 591 322 621 that
340 591 402 621 the
417 590 525 621 letter
540 592 790 631 immediately
811 591 982 631 precedes
998 602 1019 622 a
1037 592 1144 622 letter
1158 595 1197 622 to
1210 592 1294 622 Joh.
1311 592 1499 622 Bornaeus
1513 593 1625 623 dated
1647 595 1684 623 16
1702 594 1812 633 Nov.]

298 663 396 701 V1R1
421 664 607 714 ampliss.
659 664 766 709 Quia
790 664 837 701 l).
864 665 1039 701 Erasmo
1064 665 1117 701 ob
1143 664 1412 702 infirmiorem
1441 667 1627 715 eorporis
1650 666 1812 704 valetu-

241 719 382 756 dinem
417 723 630 756 testaturo
667 719 803 766 legum
842 719 1137 756 Basilicnsium
1171 720 1211 756 in
1243 720 1442 757 testando
1474 721 1674 770 precipua
1705 723 1814 759 ratio

243 773 439 811 habenda
473 773 568 818 fuit,
607 774 684 811 1130
720 787 848 822 (1113111
886 775 1266 822 ac(·uratissim[a]e
1299 774 1550 812 obscruatae
1583 781 1695 813 sunt.
1757 776 1812 813 Et

241 841 336 865 011111
372 828 456 866 fere
489 829 537 865 iis
573 842 667 865 cum
704 829 792 865 iure
823 829 1036 873 canonico,
1069 829 1209 877 quoad
1242 830 1415 866 testium
1449 843 1684 875 numerum,
1716 844 1811 868 0011-

203 896 222 925 5
242 883 399 927 ueniat,
428 884 465 920 in
493 896 563 920 ore
591 883 770 920 (1110111111
798 888 874 920 aut
900 884 1029 920 trium
1060 896 1182 920 omne
1206 884 1381 921 verbum
1411 889 1524 922 stare
1553 885 1812 934 perhibente,

242 937 344 974 nihil
377 938 417 975 in
448 951 622 975 numero
652 939 825 975 testium
856 942 1116 975 testamento
1146 938 1360 976 Erasmico
1388 939 1678 977 adhibitorum
1708 940 1812 978 desi-

242 992 378 1030 derari
420 1005 539 1042 posse
576 997 801 1042 propterca
837 993 1034 1041 significo,
1070 997 1118 1030 vt
1154 993 1396 1043 amplitudo
1433 999 1575 1031 vestra
1610 995 1813 1032 aduersus

242 1047 476 1084 calumnias
501 1047 881 1096 cauillationcsque
911 1048 1161 1085 instruatur.
1215 1048 1492 1085 Institueram
1521 1050 1650 1086 etiam
1679 1049 1812 1099 diplo-

242 1106 421 1146 matum,
445 1102 598 1151 quibus
613 1103 890 1150 magistratus
908 1102 1150 1140 Basiliensis
1170 1103 1346 1140 Erasmo
1363 1105 1611 1141 testamenti
1633 1104 1813 1141 faciendi

185 1169 223 1189 10
242 1160 285 1194 et
307 1157 539 1194 renouandi
561 1156 812 1194 facultatem
835 1158 1054 1201 concessit,
1072 1161 1115 1194 et
1137 1157 1178 1194 id
1200 1171 1225 1194 a
1248 1162 1384 1195 morte
1401 1157 1587 1195 eiusdem
1607 1162 1813 1208 tanquam

242 1212 321 1249 rite
347 1211 588 1249 confectum
618 1212 929 1261 pronuncianit,
958 1212 1154 1262 exempla
1182 1213 1365 1257 mittere,
1394 1213 1471 1250 nisi
1500 1214 1639 1262 patrio
1667 1218 1814 1251 nostro

242 1279 432 1303 sermone
462 1266 578 1303 edita
607 1270 759 1310 essent,
790 1270 833 1303 et
865 1266 1015 1303 horum
1046 1268 1175 1304 etiam
1208 1268 1248 1304 in
1282 1267 1466 1315 linguam
1497 1268 1694 1305 Latinam
1723 1281 1812 1306 ver-

242 1334 384 1358 sorum
428 1321 702 1370 amplitudini
744 1325 913 1359 vestrae
956 1334 1040 1358 non
1080 1321 1169 1359 fore
1210 1323 1302 1359 vsui
1344 1322 1525 1359 Iodocus
1566 1322 1814 1373 Grimberga

242 1375 417 1413 tabellio
440 1376 520 1413 huc
542 1377 696 1413 missus
717 1376 1017 1421 existimasset,
1040 1389 1124 1413 non
1147 1377 1198 1413 de
1221 1378 1470 1414 testamenti
1492 1377 1715 1415 validitate
1742 1378 1813 1415 sed

184 1441 221 1471 15
241 1430 292 1468 de
315 1435 539 1480 praetensa
560 1430 792 1468 donatione
814 1432 1074 1468 controuerti
1095 1431 1250 1469 dicens
1301 1431 1470 1481 Alioqui
1492 1432 1614 1469 vobis
1635 1432 1815 1470 dominis

241 1486 343 1522 meis
364 1485 641 1523 obseruandis
668 1486 710 1522 in
736 1485 814 1523 hoc
839 1498 1007 1535 quoque
1032 1490 1081 1523 vt
1106 1487 1147 1523 in
1173 1485 1265 1523 aliis
1294 1486 1409 1524 haud
1436 1491 1613 1536 grauate
1641 1487 1813 1524 fuissem

240 1540 531 1590 morigeratus.

1208 1595 1285 1633 Ille
1307 1595 1416 1633 idem
1437 1595 1757 1635 Amerbachius.

403 1828 498 1868 Α8.
564 1827 756 1868 LETTER
789 1840 846 1868 or
879 1827 1124 1869 BONIFACE
1158 1828 1430 1869 AMERBACH
1463 1840 1520 1869 To
1552 1840 1648 1869 THE

510 1895 514 1898 ’
693 1888 996 1929 UNIVERSITY
1031 1900 1088 1929 OF
1121 1888 1355 1930 LOUVAIN.

294 1978 410 2012 Basle
429 1978 511 2012 MS.
534 1978 820 2012 Erasmuslade
839 1978 880 2018 C,
899 1978 970 2012 Nr.
996 1989 1051 2022 14.
1413 2028 1449 2061 D
1500 1978 1631 2062 Bazlee.

1374 2039 1392 2061 2
1453 2038 1561 2062 ecem
1616 2039 1634 2061 r
1657 2038 1761 2071 1539.

738 2112 811 2149 [An
829 2111 1038 2152 autograph
1056 2111 1319 2152 rough-draft.]

298 2184 553 2222 MAGNIFICO
578 2188 621 2222 et
647 2183 814 2222 Clariss.
844 2185 1016 2223 Rectori
1043 2198 1091 2222 ac
1120 2186 1307 2222 omnium
1337 2185 1532 2225 ordinum
1560 2184 1813 2223 Academiae

242 2239 473 2276 Louanien.
497 2239 756 2284 doctoribus,
780 2239 962 2277 dominis
984 2239 1087 2277 mihi
1109 2239 1380 2277 honorandis.

297 2293 335 2331 S.
361 2293 405 2331 P.
457 2294 676 2343 Magnifice
705 2294 874 2332 domine
902 2298 1052 2339 rector,
1081 2295 1159 2331 viri
1188 2294 1422 2332 clarissimi.
1474 2295 1568 2332 Misi
1595 2307 1731 2345 nuper
1758 2295 1812 2332 ad

242 2361 318 2385 vos
339 2361 413 2398 per
434 2348 639 2386 Iudocum
662 2348 967 2398 Grimbergam,
990 2349 1206 2399 publicum
1230 2349 1517 2395 tabellionem,
1535 2361 1813 2398 quaeeunque

204 2414 222 2444 5
242 2403 297 2440 ad
330 2403 662 2452 persequendam
696 2404 900 2453 pecuniae
930 2404 1045 2453 apud
1075 2403 1322 2441 Goelenium
1353 2404 1571 2454 depositae
1602 2416 1811 2441 summam

242 2470 370 2507 penes
392 2470 457 2494 me
478 2462 632 2495 extant
652 2458 858 2507 exempla.
910 2458 1018 2504 Quia
1036 2471 1135 2496 vero
1159 2463 1249 2496 tum
1275 2459 1505 2496 innumeris
1526 2459 1810 2508 occupationi-

244 2512 322 2549 bus
343 2512 578 2562 premebar,
602 2517 744 2550 mente
765 2514 806 2550 in
828 2514 970 2551 varias
991 2514 1270 2563 cogitationes
1291 2513 1513 2558 distracta,
1536 2513 1695 2551 oblitus
1717 2525 1810 2550 sum

243 2566 478 2616 significare
500 2567 782 2605 confessiones
804 2581 972 2617 quoque
994 2569 1196 2617 pecuniae
1222 2568 1441 2617 depositae
1466 2581 1595 2605 manu
1622 2567 1811 2605 Goclenii

243 2622 424 2670 scriptas
446 2622 488 2658 in
511 2623 674 2658 scriniis
702 2622 869 2659 Erasmi
898 2623 1095 2660 inuentas
1122 2635 1224 2660 esse.
1277 2622 1403 2668 Quas,
1427 2622 1539 2671 quod
1568 2622 1809 2672 depositum

185 2687 224 2708 10
242 2675 466 2713 Goelenius
505 2689 588 2713 non
628 2681 803 2726 negaret
843 2689 918 2714 nec
958 2677 1321 2726 dispensationem
1362 2677 1633 2721 inficiaretur,
1674 2677 1810 2714 eidem

242 2731 474 2775 transmisi,
498 2735 545 2767 vt
571 2744 621 2767 ex
647 2732 878 2769 inuentarii
899 2736 942 2768 et
963 2744 1153 2769 mearum
1183 2732 1237 2769 ad
1265 2732 1376 2769 hune
1405 2731 1623 2769 literarum
1652 2731 1811 2781 publici

243 2785 399 2822 notarii
420 2784 686 2823 authoritate
708 2785 935 2835 desumpto
952 2786 1148 2835 exemplo
1169 2787 1419 2824 transmisso
1441 2786 1699 2836 intelligetis.
1746 2786 1809 2823 De

242 2839 307 2876 his
330 2851 405 2877 vos
427 2840 624 2877 certiores
650 2840 825 2878 reddere
846 2841 974 2886 volui,
1000 2841 1034 2877 si
1059 2840 1170 2878 forte
1195 2841 1246 2878 de
1271 2841 1560 2891 chirographis
1581 2841 1809 2890 quicquam

241 2894 508 2932 objiceretur.

792 2950 865 2980 Α8.
896 2960 944 2981 12.
970 2950 1158 2992 desumpti
1175 2950 1256 2981 MS.
