1966 3379
105 113 226 162 2687]
522 111 681 149 FROM
711 109 982 149 LUDOLPH
1012 107 1244 147 COCCIUS
1614 108 1665 145 63

103 216 314 266 egregium
336 215 487 253 attulit
507 215 764 265 preconium,
787 226 872 251 non
900 225 1022 263 posse
1050 213 1246 261 inquiens
1274 224 1361 249 rem
1390 211 1666 248 christianam

104 270 190 308 fere
225 270 457 320 collapsam
493 270 674 314 restitui,
711 269 792 306 nisi
827 268 906 305 tibi
941 272 1200 316 tuorumque
1235 265 1444 303 similibus
1478 265 1667 315 plerique

103 325 272 363 articuli
312 326 353 362 in
388 324 713 362 Christianismo
746 322 991 360 excutiendi
1027 321 1267 359 tradantur.
1328 320 1463 369 quue
1503 321 1667 369 partius

104 379 184 416 tibi
211 379 360 425 scribo,
387 391 439 416 ne
464 378 649 416 blandiri
679 377 837 415 videar.
897 376 1006 414 Tum
1037 375 1216 414 eruditis
1244 375 1483 412 sacerdotia
1514 378 1558 411 et
1585 375 1666 411 vir-

103 434 211 471 tutis
232 438 275 471 et
288 433 535 471 eruditionis
555 433 718 482 premia
737 431 993 469 conferenda
1012 444 1101 468 esse
1122 430 1322 475 decreuit,
1344 429 1491 478 procul
1507 428 1667 478 procul,
1688 444 1730 474 30

104 488 254 537 inquit,
297 488 484 537 harpyiis
519 488 612 524 istis
647 486 1013 524 Rhomanensium
1047 485 1256 534 ablegatis
1289 487 1369 521 ete.
1428 483 1537 521 Dein
1572 495 1667 520 cum

104 542 455 582 reuerendissimo
489 541 528 580 d.
571 541 801 579 Laurentio
840 539 1079 590 Campegio,
1119 539 1260 588 legato
1299 537 1534 588 apostolico
1573 542 1667 582 etc,

104 597 452 634 consuetudinem
488 596 742 644 co<n>traxi‚
775 596 849 645 qui
880 595 1107 633 honorario
1140 606 1315 632 munere
1349 592 1568 642 Augustae
1603 604 1668 629 me

105 651 293 696 donauit,
317 656 365 688 vt
385 655 451 688 est
472 650 696 689 munificus
716 651 759 688 in
781 650 1021 688 studiorum
1043 653 1287 687 sectatores.

158 705 360 743 Bilibaldi
402 718 571 755 quoque
610 705 982 743 commendatione
1021 703 1258 741 Hermanni
1297 715 1322 740 a
1361 702 1486 740 Noua
1525 701 1670 750 aquila
1689 715 1729 746 35

105 761 271 798 comitis
292 764 335 798 et
363 761 567 810 prepositi
594 764 688 805 etc„
717 760 790 809 qui
814 764 907 796 tum
935 759 1150 808 egrotauit
1176 758 1407 807 Augustae,
1436 756 1669 794 amicitiam

105 819 172 853 sat
193 815 372 852 feliciter
392 819 543 852 nactus
572 815 754 862 (vtinam
782 814 874 852 fata
902 813 1013 851 hunc
1041 814 1180 850 virum
1203 812 1295 850 orbi
1315 811 1557 849 Christiano
1584 823 1671 847 non

105 869 368 914 inuidissent,
387 870 506 907 cuius
522 869 732 914 manibus,
755 873 798 906 et
819 868 1033 913 Bilibaldi,
1056 868 1161 906 bene
1178 866 1469 917 precandum),
1492 865 1669 903 tandem

105 937 200 962 cum
231 924 388 962 clariss
420 924 610 973 principe
639 924 865 961 Francisco
890 924 1044 960 comite
1072 936 1097 960 a
1124 921 1340 966 VValdeck‚
1367 920 1554 958 Minden.
1584 920 1668 969 epi-

105 991 231 1028 scopo
252 983 296 1016 et
317 991 450 1028 nuper
471 979 513 1016 in
534 979 834 1016 Monasterien.
853 982 895 1015 et
917 977 1151 1027 Osnaburg.
1173 977 1516 1026 episcop<at>um
1534 975 1671 1012 accito
1690 989 1732 1020 40

105 1033 420 1083 designatoque,
443 1034 688 1077 amicitiam,
711 1045 839 1082 quam
868 1032 1106 1070 Erffordiae
1133 1031 1373 1069 studiorum
1399 1042 1548 1068 caussa
1574 1041 1669 1066 con-

105 1089 576 1137 traximusvtcumque,
590 1087 712 1125 bonis
732 1087 1037 1137 foelicibusque
1058 1086 1210 1125 auibus
1232 1085 1528 1124 confirmatam
1546 1084 1672 1122 certis

105 1144 247 1192 accepi
285 1144 559 1192 argumentis
631 1143 762 1180 Porro
802 1142 868 1180 hic
908 1143 1018 1179 veris
1056 1141 1241 1192 episcopi
1280 1140 1455 1178 dotibus
1494 1142 1672 1177 ornatus

105 1197 287 1234 ditiones
319 1197 413 1234 illas
451 1197 814 1235 administrandas
854 1197 1064 1247 suscepit·,
1106 1196 1220 1246 quod
1255 1196 1415 1233 bonum
1455 1193 1672 1243 foelixque

105 1251 296 1289 Christus
323 1265 389 1302 op.
419 1264 530 1289 max.
556 1251 679 1297 faxit,
708 1265 844 1289 amen.
905 1252 1029 1296 Huic,
1062 1252 1096 1288 si
1126 1252 1266 1288 visum
1294 1250 1425 1287 fuerit
1453 1248 1673 1298 (singulari
1692 1262 1732 1293 45

105 1319 255 1356 nempe
277 1307 342 1343 tui
362 1306 568 1344 desiderio
588 1319 815 1356 amoreque
836 1307 889 1344 ab
908 1307 1078 1344 ineunte
1094 1309 1209 1343 etate
1225 1305 1425 1352 ducitur),
1442 1303 1673 1353 aliquando

106 1363 229 1409 t<ua>
259 1361 488 1411 prudentia
518 1362 699 1399 scribere
731 1362 941 1411 dignetur,
975 1361 1343 1409 admoneaturque
1376 1359 1673 1409 oportunitate

106 1416 210 1453 data
237 1417 301 1453 sui
326 1416 449 1454 officii
476 1421 520 1454 et
545 1416 784 1454 studiorum
811 1417 1019 1454 rationem
1050 1415 1218 1453 habeat.
1278 1414 1500 1452 Hactenus
1526 1413 1671 1450 Mona-

106 1471 223 1508 sterii
252 1470 518 1520 frequentiss.
555 1471 816 1508 auditorium
852 1471 948 1516 fuit,
979 1470 1095 1520 quod
1131 1470 1209 1507 hac
1241 1472 1500 1519 tempestate
1531 1468 1670 1506 rariss.

107 1525 282 1562 factum.
343 1524 580 1575 Osnaburgi
611 1538 780 1575 quoque
810 1525 987 1563 Carolus
1019 1525 1088 1563 ille
1119 1537 1298 1574 magnus
1326 1523 1529 1573 singulari
1557 1523 1673 1560 cauit
1693 1536 1734 1565 50

107 1579 337 1630 priuilegio,
361 1580 667 1626 hebraicarum,
690 1593 909 1630 grecarum
930 1584 974 1618 et
1001 1579 1234 1618 latinarum
1262 1579 1485 1616 literarum
1514 1577 1671 1628 profes-

107 1647 219 1672 sores
249 1635 421 1684 publico
452 1635 664 1685 stipendio
695 1635 993 1673 conducendos
1024 1635 1096 1684 qui
1127 1635 1170 1671 in
1201 1634 1240 1671 d.
1268 1634 1384 1671 Petri
1414 1632 1516 1670 ludo
1547 1644 1673 1681 quem

107 1702 321 1727 summum
344 1694 500 1727 vocant
521 1690 766 1728 traderent:
799 1703 924 1740 porro
952 1694 1194 1739 temporum
1222 1688 1502 1726 infoelicitate
1531 1687 1672 1724 hacte-

107 1756 187 1781 nus
208 1757 359 1793 parum
383 1748 580 1782 curatum
602 1749 679 1790 est,
703 1745 918 1794 stipendia
939 1757 1108 1794 quoque
1130 1745 1171 1781 in
1194 1743 1325 1781 alium
1348 1755 1471 1780 vsum
1493 1754 1628 1780 versa.

162 1798 319 1836 Verum
341 1799 489 1836 relicta
511 1799 763 1837 Erffordien.
787 1799 1026 1843 Academia,
1052 1812 1103 1836 ne
1127 1799 1219 1836 ocio
1240 1810 1552 1841 marcesserem,
1575 1801 1674 1834 ante
1695 1809 1734 1840 55

106 1853 271 1902 aliquot
297 1866 433 1891 annos
462 1866 545 1892 non
572 1854 831 1904 infrequenti
859 1855 1080 1904 gymnasio
1108 1852 1347 1902 Osnaburgi
1375 1851 1554 1890 docendi
1580 1863 1673 1901 pro-

108 1908 289 1946 uinciam
322 1909 508 1958 suscepi;
540 1921 669 1958 quam
699 1914 742 1946 et
768 1910 871 1946 meis
896 1913 940 1946 et
965 1909 1199 1946 amicorum
1224 1908 1406 1957 negociis
1428 1906 1676 1957 prepeditus

107 1962 282 2000 deserui.
334 1963 396 2001 Eo
414 1975 582 2013 quoque
605 1963 794 2002 literaria
815 1977 879 2001 res
901 1964 1070 2001 interim
1092 1963 1267 2001 redacta
1288 1961 1402 2012 quod
1423 1965 1568 1999 actum
1589 1961 1675 1999 fere

107 2030 157 2055 ea
184 2017 235 2055 de
260 2030 302 2055 re
334 2017 544 2064 videatur,
572 2019 652 2056 nisi
683 2019 808 2056 huius
834 2019 1021 2068 episcopi
1051 2018 1234 2068 presidio
1265 2020 1549 2054 succurratur.
1608 2015 1675 2053 Ad

109 2072 231 2117 hunc,
254 2073 287 2109 si
308 2073 519 2122 integrum
541 2073 620 2110 tibi
641 2073 782 2119 fuerit,
806 2075 966 2123 optime
994 2073 1322 2122 doctissimeque
1344 2072 1420 2116 vir,
1443 2071 1494 2109 de
1515 2070 1674 2109 studio-
1695 2078 1738 2106 60

108 2139 199 2163 rum
229 2128 393 2164 ratione
421 2128 600 2165 scribere
628 2141 711 2165 non
739 2129 938 2178 graueris,
968 2128 1278 2176 doctorumque
1307 2127 1526 2164 hominum
1548 2126 1675 2163 ratio-

108 2194 204 2218 nem
240 2181 397 2219 habeat
433 2182 738 2220 admoncatur:
782 2184 868 2233 ipse
903 2183 1104 2233 perspicis
1139 2183 1182 2219 in
1217 2194 1303 2231 quo
1338 2181 1578 2218 discrimine
1611 2193 1676 2218 res

108 2235 351 2281 christiana,
371 2237 576 2286 imprimis
597 2236 818 2283 Saxonica,
837 2238 904 2275 cui
926 2237 1275 2286 Vuestphalicam
1294 2248 1565 2279 connumero‚
1585 2247 1675 2272 ver-

109 2294 237 2328 setur.
288 2291 433 2329 Habet
454 2292 567 2342 apud
591 2305 632 2330 sc
655 2292 704 2329 D.
725 2292 934 2330 Thomam
957 2292 1011 2330 ab
1034 2291 1172 2329 Hallis
1193 2292 1458 2341 prepositum
1479 2289 1677 2328 ecclesiae

523 2365 576 2394 62.
603 2364 755 2394 ‹liseriae
772 2364 854 2394 MS.
990 2366 1043 2404 64.
1070 2363 1157 2394 Han
1174 2362 1257 2394 MS.

154 2441 205 2479 38.
232 2420 334 2470 cuius
355 2464 360 2469 .
382 2464 388 2469 .
410 2464 415 2469 .
434 2439 621 2478 Bilibaldi]
666 2440 857 2470 Hermann

109 2484 146 2515 of
163 2483 359 2514 Neuenahr
372 2484 455 2524 (Ep.
472 2493 533 2523 442
548 2484 700 2520 introd.)
714 2484 797 2514 died
810 2493 857 2514 on

928 2439 1067 2471 Official
1096 2439 1130 2469 in
1161 2439 1224 2469 the
1253 2439 1394 2469 diocese
1423 2438 1460 2469 of
1489 2437 1676 2471 Munstcr;

927 2493 985 2514 see
1009 2483 1168 2523 Hoynck
1190 2483 1218 2513 I.
1243 2483 1264 2513 i.
1287 2493 1322 2522 p.
1350 2492 1399 2521 13.
1449 2483 1479 2512 A
1506 2482 1615 2512 letter
1639 2485 1678 2511 to

110 2537 151 2558 20
169 2527 263 2563 Oct.,
280 2527 528 2557 Pirckheimer
545 2537 592 2557 on
607 2537 646 2558 22
659 2527 744 2558 Dec.
763 2536 856 2566 1532.

154 2580 206 2610 39.
234 2571 441 2608 Francisco]
479 2571 628 2601 Francis
668 2572 711 2606 (c.
755 2581 860 2611 1492-

115 2616 208 2653 1553)
226 2614 347 2645 Count
360 2615 398 2645 of
411 2615 599 2651 VValdeck
612 2615 695 2645 held
707 2615 770 2645 tho
781 2625 859 2646 sees

110 2659 146 2688 of
167 2658 328 2694 Mindon,
348 2658 526 2693 thstcr,
547 2659 620 2689 and
642 2658 859 2689 Osnabriick

111 2702 427 2742 simultaneously‚
452 2702 525 2732 and
551 2703 587 2732 in
615 2702 662 2732 all
689 2703 727 2732 of
756 2702 858 2733 thern

111 2755 185 2775 was
208 2745 371 2786 engaged
396 2746 432 2776 in
456 2746 668 2787 combating
696 2746 760 2777 tho
789 2746 857 2776 Re-

112 2789 321 2819 formation.
343 2789 522 2825 Miinster,
536 2790 599 2820 the
610 2790 705 2820 chief
716 2794 857 2830 strong-

112 2832 198 2862 hold
209 2833 246 2863 of
258 2833 321 2863 the
332 2833 590 2873 Anabaptists,
603 2843 677 2864 was
691 2833 859 2873 besieged

113 2876 161 2915 by
185 2876 261 2906 him
285 2877 321 2906 in
349 2885 431 2916 1534
455 2877 541 2913 and,
569 2877 666 2907 after
693 2887 715 2907 a
742 2877 860 2917 ycar's

112 2919 321 2955 resistancc,
353 2920 571 2960 conquercd.
621 2920 665 2950 In
700 2930 783 2960 1534
815 2921 859 2950 ho

112 2962 184 2993 had
201 2964 405 3004 appointed
422 2964 562 3004 Viglius
576 2964 793 2994 Zuichemus
804 2964 860 2995 his

927 2527 1017 2558 Paul
1036 2535 1092 2563 111,
1110 2527 1147 2557 in
1161 2527 1279 2556 which
1297 2527 1360 2557 tho
1379 2526 1509 2565 bishop
1523 2525 1608 2555 asks
1623 2525 1679 2555 for

927 2571 1128 2601 assistance
1150 2571 1185 2600 in
1210 2571 1274 2601 the
1296 2571 1392 2609 siege
1410 2570 1446 2599 of
1465 2569 1633 2599 Miinster
1650 2569 1679 2598 is

928 2614 1077 2655 printed
1094 2614 1199 2650 VZE,
1219 2624 1253 2654 p.
1273 2623 1347 2653 321.
1369 2613 1443 2643 and
1467 2613 1495 2643 is
1516 2611 1678 2652 possibly

927 2669 948 2689 a
960 2658 1204 2698 composition
1216 2658 1253 2688 of
1264 2657 1415 2697 Viglius.
1464 2656 1507 2686 In
1524 2665 1602 2695 1542
1616 2656 1678 2685 the

927 2702 1060 2742 bishop
1081 2701 1237 2741 granted
1262 2711 1362 2731 sorno
1386 2700 1615 2730 concessions
1640 2704 1678 2729 to

927 2746 991 2776 the
1008 2746 1207 2785 reforming
1225 2750 1335 2785 party
1348 2744 1421 2774 and
1438 2753 1459 2773 a
1476 2743 1678 2782 complaint

927 2790 1073 2829 against
1090 2789 1164 2819 him
1183 2799 1256 2819 was
1274 2788 1380 2818 made
1399 2792 1437 2817 to
1455 2787 1518 2817 the
1538 2787 1647 2826 Popc.

972 2835 1024 2872 64.
1051 2833 1231 2863 Thomain
1259 2832 1305 2862 ab
1336 2830 1467 2867 Hallis]
1502 2830 1531 2859 A
1565 2830 1679 2859 bitter

927 2880 1119 2917 opponent
1180 2875 1218 2906 of
1279 2876 1342 2905 the
1401 2873 1655 2903 Reforination
1671 2885 1677 2902 :

928 2921 1079 2951 brother
1095 2919 1133 2950 of
1151 2919 1267 2949 Franz
1286 2929 1318 2948 v.
1339 2917 1457 2953 Hane,
1476 2927 1534 2946 sec
1553 2917 1628 2946 EE.
