1966 3379
229 460 358 502 DES.
389 460 560 501 ERAS.
586 460 590 511 Ι
613 458 919 501 ROTEROD.
947 459 1357 501 COMPENDIVM
1377 458 1382 510 1
1402 457 1806 508 RHETORICES,

254 532 338 573 AD
373 531 729 582 DAMIAlNVM
762 531 801 571 A
836 530 1002 579 GOES,
1037 530 1315 579 EQVITEM
1342 530 1346 583 Ι
1375 529 1745 571 LVSITANVM.
1775 529 1779 582 Ι

230 645 419 672 CLARISS.
446 644 851 677 ERVDITISSIMOQVE
869 644 974 671 VIRO
998 644 1202 671 DAMIANO
1224 644 1250 670 A
1272 643 1383 671 GOES
1405 642 1554 676 EQVITI
1577 642 1806 678 LVSITANO,

523 699 792 726 GVILIELMvs
815 699 1064 726 BERNATIVS
1085 698 1329 725 TILETANVS
1351 698 1383 725 S.
1407 698 1443 725 P.
1468 698 1509 726 D.

285 771 416 817 QVVM
457 771 676 821 discipulis
716 771 833 815 meis,
867 783 974 819 quos
1015 771 1064 808 D.
1107 770 1290 808 Ioannes
1330 770 1524 807 Maeuius
1562 769 1808 808 moderator

230 827 393 875 collegii
425 825 676 871 Castrensis,
708 827 786 871 vir,
819 827 885 863 cui
918 826 1112 863 liberales
1143 825 1389 875 disciplinas
1420 824 1654 874 prouehere
1686 825 1807 863 vnice

230 881 374 919 studio
395 885 474 926 est,
498 881 601 918 mihi
629 881 884 918 erudiendos
908 881 948 917 in
973 880 1215 917 Dialecticis
1238 879 1492 924 tradiderat,
1516 879 1806 918 Rhethoricen

230 936 469 986 praelegere
500 936 761 981 statuissem,
794 935 1068 972 Nobilissime
1098 939 1140 973 et
1172 935 1384 972 eruditiss.
1419 934 1640 979 Damiane,
1670 947 1806 983 neque

192 1009 210 1039 5
230 991 436 1041 temporis
468 990 658 1028 breuitas
687 992 728 1028 in
758 990 867 1028 hanc
899 994 1035 1027 artem
1068 989 1216 1039 longas
1245 990 1539 1027 institutiones
1570 993 1805 1038 pateretur,

230 1046 346 1096 quod
380 1059 433 1083 ex
465 1058 582 1083 more
615 1045 888 1094 collegiorum
922 1044 1233 1094 philosophiam
1264 1043 1562 1094 profitentium
1594 1044 1807 1094 tantisper

231 1102 355 1138 vnius
386 1113 512 1138 curae
540 1101 732 1149 magistri
757 1104 931 1137 tantum
960 1100 1261 1137 committatur
1289 1100 1503 1144 iuuentus,
1533 1111 1642 1148 quae
1671 1099 1804 1148 philo-

230 1155 403 1205 sophico
425 1155 568 1192 studio
589 1155 807 1192 destinata
835 1159 911 1199 est,
935 1154 1078 1204 quoad
1106 1154 1359 1192 Dialectices
1381 1153 1636 1191 rudimentis
1657 1153 1735 1191 sub
1756 1167 1806 1191 eo

230 1210 434 1260 depositis
464 1210 519 1247 ad
550 1209 794 1247 Aristotelis
822 1222 1044 1258 nunquam
1076 1210 1179 1247 satis
1209 1209 1432 1247 laudatam
1464 1209 1505 1246 in
1537 1208 1807 1258 philosophia

173 1284 211 1304 10
231 1265 471 1303 doctrinam
503 1264 655 1302 idonea
686 1277 775 1301 esse
806 1264 1032 1309 iudicatur,
1059 1264 1339 1314 circumspexi
1368 1263 1604 1313 diligenter,
1631 1264 1726 1312 quis
1753 1276 1805 1301 ex

231 1320 429 1357 omnibus
451 1319 741 1369 scriptoribus,
765 1331 947 1368 quorum
970 1318 1021 1356 de
1045 1319 1278 1356 Rhetorica
1299 1319 1621 1368 praeceptiones
1638 1322 1804 1364 extant,

231 1375 499 1425 potissimum
523 1374 619 1411 huic
641 1378 789 1412 nostro
806 1374 1008 1411 instituto
1023 1373 1326 1411 accommodus
1343 1386 1431 1411 esse
1452 1377 1608 1423 posset.
1652 1372 1804 1411 Occur-

231 1430 384 1467 rebant
410 1428 567 1474 Cicero,
594 1429 751 1466 Fabius
780 1428 1083 1474 Quintilianus,
1110 1433 1154 1466 et
1184 1428 1248 1466 his
1279 1429 1379 1478 ipsis
1410 1427 1664 1465 Aristoteles
1694 1430 1804 1466 anti-

231 1485 365 1533 quior,
388 1484 689 1533 Hermogenes,
713 1484 1041 1534 Trapezuntius,
1063 1488 1107 1521 et
1128 1484 1231 1520 item
1252 1483 1337 1521 alii.
1394 1482 1474 1529 Qui
1496 1486 1545 1520 vt
1565 1482 1732 1521 erudite
1754 1483 1806 1520 de

172 1558 210 1588 15
233 1539 476 1583 Rhetorica,
500 1540 561 1576 ita
581 1539 793 1576 difficilius
814 1542 858 1576 et
882 1538 1088 1588 prolixius
1110 1539 1382 1588 scripserunt,
1405 1550 1535 1587 quam
1558 1542 1607 1575 vt
1628 1537 1805 1576 rudibus

231 1594 412 1644 proponi
442 1594 640 1631 debeant.
702 1593 789 1631 Nec
820 1593 1069 1643 ignorabam
1101 1593 1179 1630 hoc
1210 1597 1359 1631 nostro
1388 1593 1632 1630 felicissimo
1663 1593 1805 1631 seculo

230 1649 410 1686 eximiae
432 1653 475 1686 et
496 1648 673 1686 celebris
694 1648 948 1686 eruditionis
970 1649 1096 1693 viros,
1120 1648 1286 1686 libellos
1307 1647 1501 1693 edidisse,
1519 1647 1674 1697 quibus
1695 1647 1804 1685 hanc

230 1707 368 1741 artem
390 1703 587 1749 dilucide,
610 1716 747 1752 neque
776 1703 818 1740 id
847 1706 993 1740 tamen
1018 1703 1183 1752 prolixe
1205 1702 1417 1752 complexi
1439 1707 1552 1740 sunt.
1613 1702 1669 1740 Et
1691 1707 1804 1740 certe

232 1758 363 1808 (quod
394 1759 574 1808 ingenue
605 1758 831 1795 fatendum
862 1761 943 1805 est)
972 1757 1081 1795 tales
1106 1762 1209 1795 sunt
1234 1758 1386 1795 horum
1410 1757 1519 1803 libri,
1542 1761 1591 1794 vt
1612 1769 1698 1794 non
1718 1757 1802 1803 alii,

171 1831 211 1852 20
230 1813 345 1862 quod
375 1812 431 1850 ad
461 1812 655 1851 liberales
685 1817 800 1851 artes
831 1813 1031 1863 pertinet,
1054 1812 1220 1858 scholiS,
1247 1814 1289 1850 in
1321 1812 1477 1862 quibus
1509 1816 1656 1850 tenera
1685 1816 1804 1850 aetas

230 1868 436 1913 eruditur,
458 1872 600 1906 essent
625 1867 1046 1913 accommodatiores,
1076 1868 1119 1905 ni
1149 1880 1301 1918 parum
1332 1867 1567 1905 commodis
1598 1867 1804 1917 exemplis

231 1923 373 1960 omnia
395 1923 555 1972 scripta
571 1935 660 1968 sua,
679 1922 835 1972 quibus
851 1927 966 1960 artes
983 1922 1116 1960 bonas
1133 1923 1295 1972 optime
1312 1922 1505 1967 tradunt,
1524 1922 1801 1960 refersissent.

231 1976 323 2023 Quo
351 1977 495 2015 studio
522 1982 731 2027 quantam
756 1978 815 2015 rei
841 1977 1055 2015 literariae
1075 1978 1287 2015 iacturam
1308 1977 1546 2022 intulerint,
1568 1976 1803 2014 multorum

231 2032 519 2070 studiosorum
545 2032 741 2082 querelae
767 2031 938 2070 abunde
964 2036 1194 2070 testantur.
1253 2031 1359 2069 Cum
1390 2033 1536 2081 itaque
1568 2044 1644 2069 nec
1676 2031 1718 2068 hi
1749 2031 1802 2069 ob

171 2103 210 2133 25
230 2086 438 2136 exempla,
460 2091 609 2125 nostro
637 2087 858 2137 proposito
884 2086 1046 2136 alioqui
1076 2087 1192 2124 haud
1223 2087 1402 2136 pessime
1431 2087 1643 2131 seruituri,
1666 2098 1803 2136 neque

230 2141 303 2186 illi,
327 2141 441 2190 quod
462 2142 634 2191 grauius
659 2141 953 2191 prolixiusque
979 2154 1107 2191 quam
1133 2154 1211 2191 pro
1235 2141 1491 2179 rudimentis
1520 2141 1801 2190 scripsissent,

231 2196 336 2233 satis
358 2196 499 2233 idonei
520 2197 600 2234 visi
621 2201 722 2234 sunt
743 2196 798 2234 ad
820 2196 862 2234 id
884 2196 999 2246 quod
1025 2197 1364 2241 institueramus,
1387 2196 1556 2233 animus
1575 2196 1688 2233 enim
1709 2200 1803 2233 erat

230 2250 448 2300 discipulis
488 2251 647 2288 nostris
686 2264 816 2300 quam
856 2252 1001 2301 potuit
1041 2251 1131 2289 fieri
1170 2251 1432 2296 breuissime,
1473 2251 1507 2288 si
1546 2263 1631 2288 non
1670 2250 1800 2296 aliud,

229 2310 402 2354 gustum
428 2305 581 2343 saltem
607 2306 857 2343 Rhetorices
881 2306 994 2351 dare,
1017 2305 1229 2343 commodi
1256 2305 1436 2343 alicuius
1460 2304 1592 2342 libelli
1623 2306 1803 2354 penuria

170 2375 211 2406 30
231 2360 272 2397 in
295 2364 437 2397 totum
460 2361 543 2398 iam
564 2373 589 2398 a
612 2361 844 2398 Rhetorica
865 2361 1047 2398 lectione
1069 2361 1261 2398 animum
1283 2373 1423 2398 meum
1449 2364 1680 2405 auerterat,
1702 2364 1746 2397 et
1768 2361 1802 2397 si

230 2415 548 2464 perspiciebam,
580 2428 710 2465 quam
743 2428 795 2453 ex
828 2428 871 2452 re
904 2420 1075 2453 nostrae
1106 2416 1345 2453 iuuentutis
1375 2419 1487 2452 esset
1522 2414 1630 2452 hanc
1663 2418 1801 2452 artem

230 2481 326 2506 cum
345 2469 587 2507 Dialecticis
605 2471 871 2519 coniungere,
890 2469 1023 2507 donec
1042 2470 1259 2519 Rutgerus
1278 2469 1454 2507 Rescius
1471 2474 1642 2519 praeter
1659 2470 1799 2518 singu-

230 2523 362 2561 larem
385 2525 427 2561 in
449 2529 576 2562 tanta
600 2525 839 2562 eruditione
866 2525 1122 2562 modestiam
1151 2528 1194 2562 et
1222 2525 1375 2574 ingenii
1403 2524 1706 2562 dexteritatem
1736 2525 1801 2561 vir

231 2578 562 2617 humanissimus
603 2580 645 2616 in
686 2592 908 2617 musaeum
949 2592 1073 2617 suum
1114 2578 1301 2616 inductis
1341 2579 1464 2616 nobis
1503 2583 1602 2628 post
1640 2578 1800 2616 multas

169 2649 210 2679 35
231 2632 456 2670 doctorum
491 2638 534 2671 et
569 2633 801 2671 illustrium
833 2635 1022 2671 virorum
1058 2634 1114 2671 ad
1153 2638 1195 2671 te
1235 2633 1426 2671 nondum
1466 2634 1582 2682 typis
1621 2646 1800 2670 excusas

230 2687 445 2737 epistolas,
468 2701 574 2737 quas
600 2689 703 2726 mihi
732 2689 912 2738 benigne
940 2688 1195 2739 spectandas
1223 2688 1431 2733 exhibuit,
1456 2687 1631 2725 tandem
1657 2688 1800 2737 magni

230 2742 343 2779 illius
365 2742 531 2780 Erasmi
553 2755 684 2780 manu
706 2743 967 2793 descriptum
989 2743 1145 2781 librum
1167 2743 1429 2793 protulisset,
1453 2743 1495 2780 in
1517 2755 1602 2791 quo
1630 2747 1800 2792 praeter

230 2797 371 2834 varias
392 2798 523 2846 ipsius
543 2797 598 2834 ad
626 2802 668 2834 te
692 2797 850 2843 literas,
872 2797 1049 2835 tabulae
1079 2810 1250 2847 quoque
1280 2798 1323 2834 in
1353 2801 1490 2834 artem
1522 2796 1799 2834 Rhetoricam

230 2851 409 2896 inerant,
432 2852 473 2888 in
495 2856 619 2889 tuum
642 2853 768 2889 vnius
788 2865 913 2890 vsum
929 2852 1029 2890 olim
1047 2852 1101 2889 ab
1116 2852 1266 2889 eodem
1283 2852 1562 2901 conscriptae.
1609 2850 1799 2896 Quarum

167 2921 209 2952 40
229 2906 442 2955 capitibus
459 2906 598 2943 obiter
612 2906 822 2956 perlectis,
840 2919 936 2944 cum
952 2919 1046 2944 eam
1063 2906 1251 2944 viderem
1274 2906 1545 2951 breuitatem,
1564 2907 1630 2943 cui
1647 2906 1799 2943 miram

228 2960 406 2998 adderet
454 2961 591 2998 lucem
642 2962 914 2999 tractationis
962 2961 1079 3006 ordo,
1120 2965 1330 3010 tanquam
1380 2960 1583 2999 thesauro
1632 2964 1800 3010 reperto
