1966 3379
214 300 249 329 15

207 1115 248 1144 30

205 1387 245 1417 35

204 1659 246 1688 40

202 1929 242 1959 45

204 2200 243 2227 50

278 130 349 165 178
700 127 955 165 LETTERS
987 127 1056 165 OF
1088 128 1352 166 ERASMUS
1712 132 1834 178 [1533

270 233 560 269 amantissime
592 233 770 281 scripsit,
799 231 1036 278 significans
1068 232 1313 269 Pontificem
1346 245 1434 269 esse
1464 232 1568 269 bene
1599 234 1639 270 in
1671 246 1713 270 se
1744 235 1829 271 ani-

273 291 458 323 matum:
493 300 533 323 se
556 291 790 335 postremas
820 298 933 322 meas
961 286 1013 322 ad
1044 287 1179 335 ipsum
1210 286 1352 324 literas
1382 287 1570 336 pontifici
1599 290 1829 326 communi-

270 354 406 377 casse:
452 341 568 377 illuni
605 340 829 386 diligenter
863 340 1069 377 euoluisse
1111 345 1237 385 totas,
1275 354 1322 377 ac
1356 354 1405 378 ne
1446 341 1625 379 Graecas
1660 343 1829 390 quidem

272 395 453 437 voculas,
476 408 581 443 quas
605 396 642 431 in
666 395 777 431 calce
799 394 1047 439 adieceram,
1072 394 1287 443 reliquisse
1310 408 1392 432 non
1416 396 1664 433 intellectas.

329 449 468 485 Brixio
508 450 665 497 scripsi,
702 455 747 485 vt
784 462 876 485 meo
912 450 1079 486 nomine
1115 449 1237 486 daret
1272 449 1349 486 tibi
1385 454 1545 498 septem
1581 456 1829 490 coronatos:

269 504 382 551 quod
415 517 468 540 an
505 504 662 545 feeerit,
699 504 801 540 scire
837 504 971 552 cupio.
1037 504 1094 539 Dc
1130 504 1370 540 conditione
1410 505 1524 553 apud
1565 505 1829 554 Episcopum,

269 571 395 606 quam
433 558 596 594 Brixius
628 557 705 594 tibi
738 558 996 606 impetrauit,
1027 559 1171 606 scripsi
1203 558 1304 595 mihi
1335 558 1565 607 displicere,
1596 560 1627 595 si
1659 559 1831 597 fortuna

271 625 466 661 praeseus
490 618 576 649 tam
601 613 740 648 tenuis
761 617 821 649 cst
847 625 972 660 quam
1003 612 1160 649 scribis.
1222 612 1396 649 Confido
1426 618 1467 649 te
1496 626 1660 650 morum
1691 614 1827 662 probi-

270 671 402 703 tatem
433 668 561 703 etiam
596 668 632 703 in
666 667 763 703 aula
794 672 1076 703 seruaturum.
1139 667 1338 715 Vulgares
1369 672 1511 704 tamen
1542 667 1664 704 aulae
1695 668 1831 706 solent

268 721 490 758 exhaurire
512 722 657 758 statim
679 721 902 765 hominem,
922 721 997 757 hoc
1015 726 1075 758 est
1096 721 1280 759 adimere
1298 721 1401 766 alas,
1420 734 1470 758 ne
1488 723 1617 771 possit
1637 723 1828 763 auolare:

268 775 363 812 dein
401 789 451 812 ne
486 775 781 824 despondeant
815 776 1016 815 animum,
1051 775 1208 812 lactare
1244 776 1397 825 spebus
1434 789 1752 825 nonnunquam,
1787 783 1829 814 et

211 842 246 863 2‘
269 830 394 866 offam
428 830 619 874 obiicere,
655 835 701 866 vt
737 830 863 866 semel
898 830 938 866 in
972 842 1064 867 eam
1097 843 1265 867 nassani
1299 830 1493 879 ingressis
1525 844 1742 879 nunquam
1776 833 1830 869 sit

267 885 419 921 exitus.
479 884 559 921 Sed
581 884 766 921 arbitror
787 886 913 921 istum
936 885 1179 933 episcopum
1203 886 1339 922 virum
1364 884 1519 922 bonum
1541 898 1640 922 csse.
1693 886 1830 930 Quare

267 939 469 983 adnitere,
501 943 709 987 quantum
746 944 878 988 potes,
912 943 958 975 vt
989 939 1103 988 quod
1136 939 1265 976 habes
1301 952 1451 983 serues,
1484 944 1523 977 et
1562 940 1747 989 aduigila
1784 946 1828 978 vt

268 993 467 1030 salarium
494 998 687 1030 mutetur
715 995 756 1030 in
784 993 1081 1030 sacerdotium.
1142 993 1250 1031 Nam
1281 995 1448 1042 patroni
1478 993 1679 1031 mortales
1704 999 1827 1035 sunt:

267 1051 311 1084 et
334 1052 380 1085 vt
401 1048 503 1084 nihil
527 1048 613 1085 tale
635 1048 812 1091 accidat.
836 1048 966 1084 mirae
988 1052 1089 1084 sunt
1110 1049 1345 1085 animorum
1369 1049 1640 1086 mutationes.
1687 1049 1827 1086 Nolim

269 1105 310 1138 te
332 1103 373 1139 in
397 1102 473 1139 hoc
495 1103 608 1139 vitae
629 1115 778 1150 genere
799 1114 1104 1139 consenescere.
1171 1102 1388 1140 Biennium
1413 1107 1533 1152 potes
1561 1104 1763 1152 experiri2
1796 1105 1829 1140 si

268 1169 351 1193 non
377 1157 576 1201 succedit,
605 1169 784 1206 propera
812 1161 854 1194 te
881 1158 1101 1194 extricare.
1163 1157 1277 1194 Haec
1307 1161 1494 1206 repetere
1524 1159 1660 1194 visum
1689 1162 1766 1203 est,
1796 1159 1828 1195 si

267 1210 377 1248 forte
399 1211 545 1248 literae
568 1211 659 1248 aliis
681 1212 926 1248 commissae
950 1224 1032 1248 non
1056 1211 1335 1260 perferantur.

321 1264 497 1315 Scripsit
514 1265 787 1315 Omphalius3
815 1268 938 1311 (Vter,
956 1265 1137 1314 ambigo,
1155 1278 1251 1302 nam
1276 1266 1466 1314 intelligo
1483 1266 1589 1303 duos
1611 1270 1714 1313 esse)
1733 1280 1827 1304 cum

266 1332 315 1356 ex
340 1320 514 1357 Vulnere
531 1320 804 1357 decumberet
820 1320 1008 1365 Carinus,
1027 1333 1102 1357 vos
1124 1321 1314 1357 inuisisse
1337 1320 1467 1365 illum,
1486 1325 1529 1357 et
1545 1321 1826 1366 admonuisse,

267 1378 463 1422 paratum
487 1387 575 1411 esse
597 1375 795 1411 nuntium
818 1375 851 1411 si
873 1387 981 1423 quae
1003 1374 1131 1411 vellet
1155 1375 1208 1411 ad
1232 1388 1296 1412 me
1318 1375 1510 1412 seribere.
1561 1375 1675 1412 Nihil
1703 1376 1826 1412 inuti-

266 1428 345 1465 lius
375 1442 502 1477 quam
535 1429 648 1465 illam
679 1428 947 1466 Camarinam
977 1433 1161 1477 tangere.
1222 1429 1367 1479 Nuper
1397 1429 1553 1466 allatus
1583 1434 1648 1467 est
1677 1430 1728 1466 ad
1762 1443 1827 1467 mc

266 1482 490 1520 fasciculus
512 1483 800 1533 epistolarum,
820 1484 859 1519 in
877 1483 1030 1532 quibus
1052 1488 1142 1520 erat
1165 1483 1358 1521 admixta
1377 1497 1459 1520 vna
1478 1484 1581 1520 bene
1604 1484 1827 1530 obsignata

265 1537 317 1574 ad
341 1537 553 1574 Simonem
571 1537 826 1586 Grynaeum,
845 1539 911 1575 cui
934 1537 1160 1575 videbatur
1182 1538 1317 1575 altera
1339 1538 1511 1575 inclusa.
1555 1538 1650 1576 Non
1673 1540 1824 1588 agnoui

265 1592 368 1628 satis
383 1605 555 1629 manum
571 1592 723 1629 Carini.
758 1592 910 1641 Itaque
925 1592 1027 1629 nihil
1042 1593 1270 1642 suspicans,
1284 1594 1376 1630 misi
1391 1592 1585 1641 Grynaeo
1602 1593 1825 1642 epistolam

267 1646 376 1683 bona
398 1646 490 1691 fide,
513 1647 673 1684 addens
695 1648 735 1683 in
759 1659 863 1691 mea,
887 1647 1000 1696 quod
1025 1659 1117 1683 eam
1147 1647 1317 1684 meliore
1346 1647 1427 1684 fide
1456 1648 1668 1684 mitterem
1698 1660 1825 1696 quam

265 1700 509 1750 Euangelici
531 1701 704 1750 quidam
734 1705 971 1738 tractarent
1000 1701 1144 1738 literas
1173 1714 1299 1738 meas
1360 1701 1580 1750 Grynaeus
1608 1703 1825 1750 suspicans

265 1768 329 1792 me
353 1768 404 1792 ex
432 1755 612 1802 aliorum
639 1756 770 1792 literis
798 1769 883 1792 rem
913 1757 1015 1792 seire
1044 1755 1233 1804 prodidit
1260 1769 1359 1800 sese,
1383 1760 1424 1792 et
1452 1755 1705 1805 significauit
1732 1769 1823 1793 eam

264 1809 390 1846 fuisse.
418 1810 641 1859 epistolam
670 1809 810 1847 Carini
837 1810 891 1847 ad
920 1823 986 1847 me
1012 1811 1226 1859 scriptam,
1252 1810 1324 1847 sed
1354 1811 1482 1859 ipsius
1510 1810 1687 1847 arbitrio
1714 1824 1823 1848 com-

264 1865 435 1901 missum
459 1868 602 1901 vtrum
626 1864 772 1901 mallet
788 1877 880 1901 eam
899 1865 1000 1901 mihi
1018 1864 1190 1901 reddere
1207 1877 1261 1901 an
1279 1865 1445 1902 tradere
1467 1866 1549 1914 igni
1568 1878 1573 1901 :
1601 1865 1825 1902 tradidisse

265 1919 359 1967 igni,
375 1919 487 1967 quod
510 1919 731 1956 exordium
749 1919 919 1967 quidem
939 1919 1143 1956 blandum
1161 1923 1283 1963 esset,
1303 1919 1373 1956 sed
1392 1920 1432 1955 in
1456 1919 1594 1956 medio
1612 1919 1826 1957 virulenta

263 1974 416 2010 onmia.
463 1973 614 2010 Nescio
636 1986 690 2010 an
714 1973 904 2021 isthi[n]c
925 1974 1022 2018 sint,
1041 1974 1113 2022 qui
1133 1974 1319 2010 excit-ent
1344 1973 1556 2010 hominem
1576 1988 1582 2019 3
1612 1986 1717 2022 quos
1739 1987 1824 2019 oro,

262 2028 293 2063 si
317 2028 388 2076 qui
410 2028 507 2072 sint,
531 2032 579 2065 vt
600 2040 854 2076 compescas.
910 2027 1082 2065 quenis
1103 2032 1167 2064 est
1189 2040 1316 2077 supra
1338 2028 1509 2065 modum
1534 2028 1825 2065 melancholici

262 2082 432 2123 cerebri,
460 2086 577 2119 totus
603 2083 643 2118 in
675 2084 977 2131 potesta[ta]te
1007 2082 1238 2119 affectuum
1266 2095 1451 2126 suorum,
1477 2083 1631 2131 quibus
1659 2083 1823 2120 nullum

264 2136 435 2172 modum
452 2141 592 2185 potest
606 2137 840 2186 imponere:
864 2137 1031 2185 linguae
1048 2137 1516 2186 intemperantissimae,
1533 2137 1564 2173 si
1579 2137 1672 2185 quis
1686 2137 1823 2176 dolet:

264 2190 302 2226 in
326 2190 403 2227 hoc
425 2191 704 2240 Euangelium
727 2203 811 2227 non
833 2191 969 2228 sobrie
991 2191 1180 2228 affectus,
1240 2190 1344 2228 Cum
1368 2191 1527 2228 talibus
1549 2191 1723 2240 ingeniis
1750 2204 1824 2228 nec

261 2245 494 2281 amicitiam
517 2258 591 2282 nec
615 2246 880 2282 inimicitiam
910 2245 1064 2282 habere
1092 2245 1228 2295 cupio.
1288 2245 1353 2282 Ad
1383 2258 1474 2282 eam
1504 2258 1590 2282 rem
1621 2245 1746 2282 velim
1777 2251 1825 2282 vt

262 2298 437 2335 adiuues
460 2304 535 2336 tua
557 2300 797 2349 prudentia.
832 2300 888 2336 Et
910 2299 1148 2336 cauendum
1170 2304 1235 2336 est
1257 2312 1307 2336 ne
1329 2300 1429 2348 quid
1453 2300 1522 2336 ille
1544 2300 1657 2336 norit
1686 2312 1823 2336 rerum

262 2365 463 2390 mearum.
525 2353 676 2391 Omnia
698 2353 921 2403 perscribit
943 2354 996 2391 ad
1023 2367 1120 2391 suos
1149 2355 1394 2402 symmistas
1416 2367 1522 2403 quos
1552 2354 1679 2391 habet
1708 2354 1822 2390 Basi-

305 2434 356 2463 27.
386 2428 427 2455 vt
443 2429 522 2455 ante
539 2425 637 2465 quod
655 2425 799 2464 scripsit.
817 2426 858 2455 P.
876 2425 914 2455 S.
934 2426 1055 2455 Allcn:
1082 2429 1117 2455 et
1136 2424 1217 2455 MS.
1323 2426 1372 2455 28.
1399 2425 1570 2456 salarium
1589 2425 1822 2464 scripsimus:

259 2467 431 2498 solatium
450 2467 530 2497 MS.

1119 2587 1169 2616 34.
1197 2577 1363 2614 Carinus]
1385 2578 1449 2607 See.
1472 2577 1540 2616 Ep.
1560 2577 1643 2616 2788
1661 2577 1733 2606 and
1753 2577 1822 2616 Ep.

303 2587 356 2616 33.
383 2577 614 2617 Omphalius]
634 2577 698 2607 See
720 2578 789 2618 Ep.
809 2587 905 2616 2311.
925 2580 1004 2617 46n.

1074 2630 1138 2656 020
1164 2621 1296 2651 introd.
1346 2621 1388 2650 In
1411 2620 1478 2660 Ep.
1510 2630 1585 2657 1091
1616 2620 1660 2650 he
1687 2621 1715 2650 is
1742 2620 1823 2650 held

259 2621 311 2651 To
331 2621 394 2651 the
417 2621 544 2651 letters
567 2621 669 2651 there
690 2621 901 2651 mentioned
922 2632 1007 2660 may

260 2665 303 2694 be
335 2664 455 2694 added
487 2674 555 2694 one
587 2669 626 2694 to
659 2664 709 2694 Io.
744 2665 788 2694 de
820 2665 1007 2704 Boyssone

259 2708 371 2738 dated
397 2717 412 2737 2
438 2708 527 2747 July
558 2710 640 2745 1530
670 2708 761 2737 from
792 2708 904 2741 Paris,
939 2710 1006 2737 ‘ex

258 2751 411 2780 aedibus
444 2751 491 2780 10.
527 2751 732 2781 Andernaci
764 2751 850 2781 Doc.
886 2751 1005 2781 Med&

259 2794 440 2824 Toulouse
476 2793 548 2823 Ms.
587 2795 661 2833 834,
699 2794 846 2834 printed
885 2795 934 2833 by
970 2795 1004 2824 J.

259 2837 395 2872 Buche,
421 2837 534 2867 Revue
569 2838 628 2867 <les
655 2838 800 2875 Ianques
832 2848 1005 2873 romanos,

259 2881 502 2920 Montpellier.
523 2884 558 2919 4‘3
578 2882 658 2915 ser..
681 2882 773 2917 1896,
794 2891 856 2921 pp.
878 2882 974 2919 76—8.

344 2924 436 2953 duos
484 2924 574 2960 esse]
622 2924 807 2953 Erasinus'
861 2925 1004 2954 remark

257 2967 371 2997 about
389 2972 462 2997 two
480 2967 696 3006 Omphalius
715 2968 742 2997 is
761 2968 923 2998 obscure.

1076 2675 1125 2704 up
1145 2668 1182 2694 to
1201 2664 1351 2694 Livinus
1370 2664 1500 2703 Algoet
1517 2674 1556 2693 as
1577 2673 1598 2693 a
1619 2668 1767 2704 pattern
1786 2664 1823 2694 of

1076 2707 1245 2747 industry
1262 2707 1335 2737 and
1353 2707 1445 2737 solid
1462 2707 1591 2737 worth.

1121 2760 1171 2789 37.
1199 2750 1407 2788 fasciculus]
1430 2751 1506 2780 The
1528 2755 1629 2789 story
1644 2751 1672 2780 is
1690 2750 1767 2780 told
1787 2750 1820 2780 in

1076 2794 1183 2824 much
1201 2794 1264 2824 the
1282 2804 1380 2823 same
1397 2794 1516 2823 words
1534 2794 1568 2823 in
1589 2794 1656 2833 Ep.
1678 2794 1772 2831 2788.

1118 2847 1169 2876 4¹·
1197 2837 1422 2875 Euangelici]
1445 2837 1515 2867 For
1536 2837 1720 2866 Erasmus’
1740 2846 1821 2866 con-

1073 2885 1172 2910 stant
1192 2881 1374 2919 suspicion
1394 2880 1474 2910 that
1491 2880 1554 2910 the
1572 2879 1822 2919 Evangelieals

1074 2924 1264 2963 tanipered
1298 2924 1384 2953 with
1423 2924 1477 2953 his
1512 2923 1821 2963 correspondent-e

1074 2978 1131 2997 see
1151 2967 1217 3007 Ep.
1239 2968 1332 3006 2487.
1352 2975 1452 3006 4—5n.
