1966 3379
184 354 225 383 50

185 626 224 655 55

183 902 226 928 60

209 1850 227 1880 5

191 2124 230 2145 10

191 2397 228 2426 15

246 133 321 169 160
672 131 929 170 LETTERS
960 132 1030 170 or
1062 132 1327 171 ERAsMUs
1688 135 1810 183 [1533

243 238 316 274 fiee
338 237 484 275 audita
507 241 584 274 est.
646 237 707 274 Ea
729 250 885 274 nouam
909 236 1173 286 significabat
1198 237 1311 274 illius
1336 237 1578 285 religionem
1606 251 1653 275 ac
1682 238 1808 276 deuo-

243 293 403 329 tionem
432 304 529 339 erga
559 291 708 329 Scdem
735 292 1039 341 Apostolicam.
1100 291 1135 328 A
1161 304 1246 340 qua
1271 304 1358 329 sese
1388 293 1428 328 in
1458 292 1745 330 obedientiam
1769 294 1809 330 in

244 346 376 383 filium
399 360 446 383 ae
472 346 629 393 Regem
654 347 873 383 Romanae
892 346 1102 383 Ecclesiae
1125 347 1251 395 recipi
1274 347 1461 395 petebat,
1486 347 1706 396 multaque
1727 347 1811 384 alia

243 414 352 449 quae
374 414 457 438 non
482 401 601 437 lubet
622 413 964 438 commemorare.
1016 401 1102 438 Nec
1124 405 1188 437 est
1211 414 1328 450 opus,
1347 414 1441 438 eum
1466 401 1652 450 plerique
1669 403 1809 439 existi-

245 460 363 492 ment
396 456 612 492 pontificis
641 468 730 492 esse
761 460 1062 499 commentum,
1094 468 1178 504 quo
1210 456 1410 492 maiorem
1443 456 1521 492 sibi
1554 456 1667 505 apud
1704 456 1809 493 alios

245 511 562 547 venerationem
589 514 764 547 asserat.
826 510 883 547 Et
909 514 1079 559 tempus
1107 510 1143 546 ci
1169 509 1340 547 fabulae
1370 510 1567 547 idoneum
1598 510 1809 548 delectum

243 568 320 609 cst,
345 577 442 602 nam
467 564 595 614 paulo
617 568 717 602 ante
739 564 902 602 solenni
926 576 1081 614 pompa
1106 564 1343 601 Cardinalis
1365 564 1640 602 Tridentinus
1663 565 1810 602 multis

244 619 466 656 Germanis
487 620 718 656 comitatus
740 620 780 656 in
804 619 1034 667 Collegium
1058 618 1273 668 publicum
1297 619 1507 656 deductus
1529 619 1681 661 fuerat.
1705 633 1811 669 quos

245 678 402 723 putant
424 674 583 711 talibus
604 674 743 711 adhue
765 674 1014 723 imposturis
1035 678 1078 710 et
1102 674 1316 723 praestigii
1344 674 1437 723 capi
1466 686 1599 723 posse.
1659 674 1812 712 Caesar

244 729 408 765 abitum
440 729 478 765 in
509 728 758 777 Hispaniam
788 733 925 778 parat,
956 733 998 764 ct
1027 728 1080 765 ab
1110 728 1303 777 Augusta
1331 728 1564 765 Barcinone
1595 730 1811 778 expectari

244 783 411 820 dicitur.
450 783 594 820 Habes
611 783 792 821 aulicam
812 783 1044 820 historiam.
1079 783 1326 820 Monueram
1345 788 1387 820 te
1401 796 1534 832 nuper
1548 783 1598 820 de
1612 784 1811 832 Cypriani

246 838 336 875 vita
361 842 404 875 et
425 837 637 875 Ambrosii
666 838 783 875 libris
811 851 916 886 quos
944 838 1273 886 ('hrysostomus
1303 850 1427 886 penes
1455 851 1497 874 se
1527 837 1656 875 habet
1684 851 1732 875 ac
1759 851 1809 875 ex

245 892 414 930 silentio
431 892 533 941 quid
548 892 652 929 velis
669 906 799 942 prope
817 892 978 939 colligo.
1007 892 1116 929 Bene
1131 892 1237 937 vale,
1258 892 1603 942 incomparabilis
1621 898 1811 941 patrone.

301 947 481 985 Patauii.
525 947 560 984 8.
585 947 754 985 Calcnd.
776 948 918 984 Martii
944 956 1058 994 1533.

491 1173 857 1227 2764·2765’27682769
920 1173 987 1212 ΤΟ
1013 1172 1254 1212 BONOEACE
1279 1172 1562 1212 AMERBACH.

297 1263 415 1297 Basle
434 1263 514 1297 MS.
538 1263 624 1297 AN.
647 1263 723 1297 III.
749 1273 803 1305 15.
825 1276 883 1307 44.
1383 1262 1631 1305 <Freiburg.>

294 1313 339 1353 Q.
361 1323 419 1357 45.
1243 1317 1295 1346 «fc.
1318 1312 1526 1355 February
1546 1313 1612 1344 fin.
1640 1317 1765 1354 1533.>

291 1381 362 1417 [An
389 1379 542 1420 original
568 1380 690 1412 letter,
715 1380 924 1419 autograph
950 1380 1191 1419 throughout.
1239 1379 1316 1409 The
1341 1379 1532 1419 year-date
1557 1379 1696 1409 follows
1722 1378 1815 1409 from

245 1424 476 1463 comparison
495 1424 584 1454 with
606 1424 669 1454 the
691 1423 801 1454 letter
818 1434 858 1453 or
879 1423 1006 1454 letters
1024 1423 1141 1453 which
1163 1424 1191 1453 its
1209 1433 1370 1453 answcrs
1391 1423 1502 1463 (Epp.
1523 1424 1669 1462 2764,5).
1718 1422 1816 1452 That

247 1469 309 1498 the
327 1468 563 1498 mouth-date
581 1478 654 1497 was
672 1467 745 1498 late
764 1468 799 1497 in
819 1467 1006 1507 February
1020 1477 1105 1507 may
1123 1467 1167 1497 be
1186 1466 1344 1497 infcrrcd
1363 1466 1456 1497 froin
1475 1467 1537 1497 the
1556 1467 1626 1497 last
1643 1466 1761 1497 words
1778 1465 1816 1497 of

246 1513 308 1542 the
327 1512 462 1549 letter]
992 1547 995 1549 .

301 1571 340 1608 S.
365 1584 403 1621 p.
465 1570 669 1608 Gratulor
701 1570 903 1615 Ciceroni,
936 1572 1008 1620 qui
1035 1571 1119 1608 tuis
1147 1571 1346 1620 auspiciis
1377 1570 1564 1620 prodibit
1592 1571 1633 1607 in
1665 1570 1813 1607 lucem.

247 1626 328 1664 Sed
351 1626 446 1663 vide
468 1639 518 1663 ne
541 1630 582 1663 te
605 1638 689 1662 non
712 1627 845 1675 possis
866 1626 1077 1675 explicare
1099 1638 1123 1662 a
1145 1626 1336 1674 pistrino,
1359 1626 1391 1661 si
1420 1624 1546 1662 semel
1574 1638 1623 1662 eo
1651 1629 1693 1662 te
1718 1637 1813 1662 con-

247 1682 402 1718 ieceris.

302 1736 465 1773 Diuisio
486 1735 589 1772 nihil
612 1735 743 1772 habet
764 1734 1040 1772 difficultatis.
1088 1735 1254 1772 Primus
1272 1734 1375 1772 ordo
1391 1740 1455 1771 est
1472 1735 1588 1779 artis,
1607 1733 1816 1771 sccundus

248 1791 397 1840 operis,
408 1790 485 1827 hoc
500 1794 565 1828 est
579 1790 835 1834 orationum,
849 1790 1000 1827 tertius
1014 1789 1304 1840 epistolarum,
1318 1793 1497 1838 quartus
1511 1788 1813 1838 philosophiae.

304 1845 493 1882 Editioni
514 1844 816 1882 Cratandricae
834 1844 921 1882 vidi
943 1844 1152 1894 quaedam
1175 1843 1343 1881 adiecta
1364 1856 1415 1881 ex
1438 1843 1637 1881 Budaicis
1653 1850 1691 1880 et
1714 1844 1816 1880 meis

247 1897 538 1937 citationibus.
598 1899 733 1936 Aldus
755 1899 895 1937 multa
916 1899 1183 1949 deprauauit.
1244 1898 1383 1936 Vnum
1401 1899 1654 1935 nominatim
1678 1898 1816 1935 indico

249 1955 290 1991 in
326 1954 576 2003 prouerbio:
616 1954 723 1991 Boui
756 1953 948 1991 clitellas,
1010 1954 1059 1991 In
1096 1953 1270 2002 aclagiiS‚
1302 1966 1411 2002 quae
1441 1966 1553 1990 nunc
1586 1953 1816 1990 adiecimus

248 2008 524 2054 Chiliadibus,
548 2009 731 2059 plurima
753 2008 845 2046 loca
867 2009 952 2046 cito
974 2021 1025 2046 ex
1050 2008 1103 2046 M.
1128 2008 1280 2045 Tullio.
1342 2008 1382 2045 Si
1404 2007 1505 2057 quid
1528 2012 1721 2045 occurret
1743 2020 1816 2057 per

248 2065 386 2101 ocium
408 2063 659 2101 admonebo.

303 2118 451 2156 Gallus
478 2118 546 2155 ille
572 2122 685 2164 tuus,
709 2118 837 2156 homo
863 2118 1112 2162 leuissimus,
1136 2122 1310 2167 rogatus
1331 2130 1356 2154 a
1378 2130 1444 2154 me
1467 2121 1677 2166 quantum
1701 2129 1813 2154 acce-

249 2174 382 2223 pisset
409 2186 433 2210 a
458 2172 670 2218 Sadoleto‚
696 2173 836 2211 fassus
860 2177 925 2210 est
952 2173 1162 2222 accepisse
1191 2185 1232 2209 sc
1261 2176 1447 2221 quatuor
1473 2172 1628 2221 capita,
1651 2171 1728 2209 hoc
1750 2175 1815 2208 est

249 2230 562 2276 corona<tu>m‚
577 2232 620 2265 et
635 2227 809 2273 Quirino
824 2227 993 2265 dixerat
1010 2227 1127 2264 duos.
1152 2227 1361 2264 Exhibuit
1375 2226 1594 2276 exemplar
1610 2225 1815 2275 epistolae

249 2282 525 2320 Sadoleticae.
586 2282 825 2332 Epistolam
855 2282 1000 2319 aiebat
1030 2283 1312 2331 interceptam
1343 2281 1397 2318 ab
1427 2293 1477 2318 eo
1507 2294 1532 2318 a
1559 2293 1644 2330 quo
1673 2280 1815 2318 fuerat

249 2341 400 2387 captus
422 2341 466 2374 et
488 2341 650 2374 tortus:
683 2350 768 2374 non
797 2337 851 2374 ob
879 2336 995 2374 aliud
1023 2336 1103 2374 nisi
1124 2336 1237 2386 quod
1266 2336 1553 2385 suspicaretur
1578 2335 1697 2372 illum
1726 2347 1814 2372 esse

251 2391 525 2429 Luteranum.
571 2392 628 2429 Et
648 2395 794 2429 tamen
815 2391 870 2429 ad
889 2390 1071 2428 Pharelli
1092 2403 1235 2441 preces
1256 2390 1453 2428 dimissus
1474 2395 1551 2428 est.
1599 2389 1814 2427 Odoratus

293 2475 388 2504 2767.
416 2483 467 2513 57.
492 2473 551 2513 βε;
577 2474 748 2505 habitum
762 2472 790 2504 δ.
831 2474 1008 2504 Barcione
1027 2485 1052 2504 ε.
1124 2474 1176 2512 58.
1201 2472 1258 2512 βε;
1285 2483 1473 2504 moueram
1488 2471 1516 2503 δ.
1587 2472 1684 2502 2768.
1709 2474 1740 2502 6.
1767 2471 1814 2508 Q:

248 2518 373 2549 Editio
389 2517 646 2548 Cartrandrica
663 2517 745 2548 MS.

293 2628 388 2658 2767.
419 2636 469 2666 57.
502 2627 687 2667 Augusta]
716 2627 793 2657 The
822 2627 998 2667 Empress
1067 2635 1097 2664 5.
1127 2634 1175 2664 15.
1204 2635 1234 2665 3.
1282 2626 1358 2656 But
1383 2626 1427 2656 he
1451 2625 1563 2655 adds:
1602 2624 1717 2655 ‘Aldo
1742 2634 1815 2655 non

249 2671 417 2702 Isabella.
1066 2670 1156 2701 libet
1174 2670 1370 2710 imputare,
1389 2673 1469 2700 tum
1487 2669 1573 2709 quia
1593 2668 1725 2699 doctus
1746 2672 1814 2703 est,

294 2716 345 2753 58.
373 2715 600 2751 Monueram]
620 2714 688 2754 Ep.
711 2716 804 2753 2716.
827 2717 943 2754 134-6.
1067 2718 1148 2744 tum
1165 2714 1252 2754 quia
1271 2713 1440 2744 amicus’.
1482 2713 1558 2742 The
1577 2716 1658 2743 true
1679 2721 1813 2742 correc-

294 2759 390 2789 2768.
416 2761 446 2789 ὁ.
474 2758 746 2796 Cratandricae]
765 2758 841 2788 The
859 2758 998 2789 edition
1068 2758 1145 2788 tion
1170 2758 1208 2788 of
1233 2757 1295 2788 the
1320 2761 1403 2788 text
1427 2757 1457 2787 is
1474 2755 1644 2796 supplied
1663 2756 1711 2795 by
1729 2756 1813 2786 Am-

249 2803 287 2833 os
308 2803 401 2841 1528.
1068 2802 1212 2832 inianus
1229 2801 1470 2831 Marcellinus

295 2856 324 2885 7.
351 2846 480 2884 Aldus]
501 2854 659 2884 1519—23.
1114 2854 1164 2875 11.
1189 2844 1330 2882 Gallus]
1349 2844 1413 2875 See
1431 2845 1500 2884 Ep.
1520 2845 1615 2883 2764.
1634 2845 1691 2873 6n.

293 2892 324 2920 8.
350 2890 443 2920 Boui
462 2889 628 2926 clitellas]
648 2889 762 2928 Adag.
793 2890 884 2928 1884.
922 2890 999 2920 The
1115 2891 1164 2919 16.
1192 2888 1363 2926 Pharelli]
1396 2888 1489 2918 Wm.
1518 2887 1634 2923 Farel,
1661 2897 1719 2917 see
1746 2886 1814 2926 Ep.

251 2944 404 2973 passage
450 2933 568 2963 which
612 2933 787 2962 Erasinus
830 2943 999 2963 censures
1072 2942 1163 2972 1407.
1183 2941 1262 2969 9211.

252 2977 367 3008 Aldus
392 2978 448 3008 for
471 2977 673 3017 depraving
698 2977 727 3006 is
751 2977 820 3007 Cic.
848 2977 904 3007 ad.
925 2977 997 3007 ΑΜ.
