1966 3379
239 110 312 146 122
662 109 920 147 LETTERS
951 109 1022 148 OF
1052 109 1318 148 ERASMUS
1686 110 1799 158 [1532

240 216 320 253 1516
345 214 504 249 Jeroine,
532 213 727 253 belonging
752 214 788 244 in
816 224 898 251 1920
924 218 963 245 to
988 214 1025 244 C.
1046 214 1092 244 H.
1111 214 1254 244 Turncr
1277 215 1315 245 of
1340 214 1533 254 Magdalen
1558 215 1711 255 College,
1737 216 1802 246 the

236 257 356 288 words
375 258 523 287 ‘eodeni
550 262 716 297 ternpore
743 281 750 288 .
779 282 785 288 .
814 281 820 287 .
847 268 868 288 a
893 269 950 288 me
976 259 1205 297 recognitus'
1226 258 1275 294 (ll.
1299 260 1399 297 46-8)
1426 259 1519 289 have
1545 259 1635 289 been
1654 260 1802 290 written

237 302 271 331 in
301 312 321 331 a
350 306 634 341 contemporary
660 301 758 331 hand
787 312 833 332 on
864 302 926 332 the
955 312 1074 335 cover,
1101 302 1190 332 with
1219 312 1265 332 an
1295 303 1511 342 inscription
1539 303 1731 334 ‘Erasmus
1755 303 1801 333 ad

238 346 280 375 D.
299 345 502 375 Gerardum
521 346 567 375 ab
587 345 781 375 Assendelf
798 356 853 385 eq.
873 351 993 376 aurat.
1012 350 1047 376 et
1068 346 1250 385 Hagensis
1268 350 1419 376 senatus
1437 346 1642 386 praesidem
1655 347 1692 385 '.]

292 416 385 442 Dh's.
412 415 532 441 ERAS.
558 415 652 442 ROT.
677 416 865 442 CLARISS.
891 416 995 442 VIRO
1018 417 1056 442 D.
1082 416 1290 442 GERARDO
1312 417 1368 442 AB
1390 416 1656 451 ASSENDELF‚
1680 417 1748 450 EQ

521 470 693 497 AVRATO
716 471 770 497 ET
791 471 1009 498 HAGENSIS
1031 471 1224 497 SENATVS
1247 471 1463 505 PRAESIDI,
1486 472 1518 498 S.

293 530 491 568 SVBINDE
526 530 629 567 mihi
669 531 802 568 literis
842 532 927 568 suis
961 544 1107 568 aurem
1141 531 1313 568 vellicat
1346 531 1540 569 Talesius
1575 545 1705 577 meus,
1740 534 1804 570 vir

239 585 481 630 clarissime,
501 590 549 622 vt
570 585 625 622 ad
643 590 683 623 te
705 585 801 623 dem
818 586 979 635 aliquid
1003 586 1235 631 literarum,
1253 586 1408 635 quibus
1425 586 1576 624 saltem
1594 587 1803 625 declarem

240 640 342 677 mihi
383 644 505 677 tuum
546 652 644 689 erga
680 654 746 678 me
777 640 966 678 studium
1004 640 1339 690 haudquaquam
1372 641 1545 689 vulgare
1575 646 1619 679 et
1654 646 1803 680 notum

239 699 283 732 et
328 699 498 743 gratum
538 708 652 740 esse;
703 695 817 744 quod
857 695 1049 745 profecto
1093 700 1170 739 est,
1213 700 1261 733 vt
1304 708 1392 732 esse
1437 696 1576 741 debet,
1617 697 1804 745 gratissi-

201 761 220 790 5
240 762 369 787 mum.
430 749 586 786 Verum
615 750 649 787 si
677 751 771 799 quis
800 751 963 799 ignoret
991 763 1119 799 quam
1150 751 1304 799 iniquis
1333 750 1550 788 laboribus
1578 751 1807 801 distringar

241 804 318 842 hac
339 803 598 849 valetudine,
621 804 700 842 hac
721 809 876 850 aetate,
898 805 965 842 cui
987 805 1197 853 flagitanti
1219 806 1303 843 iam
1325 805 1425 842 olim
1443 806 1586 843 missio
1607 806 1807 855 rudisque

240 859 432 903 debetur,
448 858 641 896 fortassis
658 859 735 896 hac
750 860 792 896 in
807 864 928 908 parte
945 860 1203 897 desiderabit
1222 860 1262 896 in
1279 872 1343 897 mc
1359 859 1599 909 plusculum
1616 860 1806 898 humani-

242 914 358 951 tatis.
404 913 577 958 Contra,
596 915 668 963 qui
685 915 901 963 cognitum
927 914 1083 952 habeat
1100 928 1206 963 quas
1225 914 1403 952 clitellas
1421 919 1540 964 tergo
1558 916 1805 960 sustineam,

241 968 468 1006 mirabitur
504 981 569 1005 me
609 969 807 1018 cuiquam
850 970 1022 1006 omnino
1057 969 1250 1014 scribere,
1284 970 1363 1006 nisi
1395 982 1548 1019 magna
1583 971 1807 1020 quaepiam

184 1035 223 1056 10
242 1028 392 1073 vrgeat
412 1024 654 1061 necessitas.
714 1023 781 1060 Me
804 1036 903 1061 vero
924 1025 1052 1061 ctiam
1077 1024 1213 1073 pudor
1234 1024 1407 1073 quidam
1438 1037 1461 1061 a
1490 1025 1711 1062 scribendo
1740 1024 1807 1062 de-

243 1079 408 1123 terruit,
437 1078 552 1127 quod
583 1091 748 1116 vererer
778 1091 830 1115 ne
861 1078 980 1116 nullo
1011 1079 1114 1116 dato
1144 1084 1396 1128 argumento
1427 1079 1554 1117 homo
1584 1080 1724 1117 tenuis
1754 1079 1807 1117 ad

243 1133 381 1170 virum
403 1137 727 1183 praepotentem
751 1133 936 1170 scribens
959 1134 1123 1171 viderer
1144 1134 1270 1172 alicui
1292 1147 1375 1171 non
1398 1138 1486 1171 tam
1509 1135 1668 1183 gratias
1689 1147 1810 1184 agere

242 1201 370 1237 quam
393 1189 538 1225 venari
558 1189 754 1236 gratiam.

298 1242 529 1291 Nunquam
558 1242 640 1280 fuit
668 1247 758 1280 tam
787 1244 987 1281 correctis
1014 1243 1202 1281 moribus
1231 1244 1365 1281 vllum
1394 1244 1582 1281 seculum
1611 1257 1694 1293 quo
1724 1257 1809 1281 non

186 1308 223 1338 15
244 1297 406 1346 aliquid
428 1297 668 1347 praeclarae
691 1298 748 1334 rei
770 1298 1044 1335 molientibus
1067 1298 1175 1335 liuor
1202 1298 1445 1341 exhibuerit
1473 1300 1703 1348 negotium,
1727 1311 1811 1337 non

244 1352 503 1390 oblatrarint
533 1365 669 1397 canes,
701 1364 786 1390 non
817 1352 1099 1402 obgarrierint
1131 1354 1248 1402 picae
1280 1358 1324 1390 et
1355 1354 1550 1403 graeculi.
1611 1354 1691 1391 Sed
1727 1367 1811 1391 non

244 1407 429 1444 arbitror
457 1419 645 1456 vnquam
674 1406 803 1444 fuisse
832 1407 1020 1445 seculum
1048 1420 1132 1457 quo
1161 1407 1256 1457 plus
1285 1408 1452 1446 licuerit
1480 1409 1546 1446 vel
1575 1408 1812 1446 calumniae

244 1461 312 1499 vel
327 1461 637 1510 ingratitudini.
682 1461 829 1511 quue
843 1475 935 1500 mea
950 1462 1121 1511 quidem
1137 1464 1363 1508 sententia,
1379 1476 1464 1501 non
1479 1464 1618 1501 minus
1633 1463 1813 1501 debetur

245 1517 294 1553 iis
316 1517 388 1565 qui
410 1517 522 1553 viros
543 1517 718 1566 egregiis
740 1516 913 1554 dotibus
935 1517 1151 1567 praeditos
1173 1517 1240 1555 vel
1263 1518 1526 1568 benignitate
1549 1532 1625 1556 sua
1651 1518 1811 1562 fouent,

186 1586 227 1606 20
246 1571 312 1608 vel
347 1572 583 1608 autoritate
615 1575 806 1616 tuentur,
840 1572 906 1608 vel
939 1573 1191 1609 testimoniis
1224 1578 1390 1617 ornant,
1423 1573 1489 1610 vel
1522 1573 1731 1623 applausu
1765 1585 1813 1610 ac

246 1625 445 1663 laudibus
461 1626 666 1671 excitant,
685 1639 813 1675 quam
836 1626 918 1664 illis
939 1627 1038 1676 ipsis
1055 1628 1127 1676 qui
1148 1628 1234 1664 suis
1252 1627 1403 1677 vigiliis
1421 1641 1580 1677 suaque
1603 1627 1813 1665 industria

247 1681 299 1718 de
321 1680 475 1718 studiis
496 1680 632 1729 deque
660 1693 745 1730 rep.
770 1681 875 1718 bene
904 1682 1053 1718 mereri
1082 1682 1294 1719 nituntur.
1355 1682 1456 1719 Tale
1485 1684 1519 1720 si
1546 1683 1649 1732 quid
1678 1683 1720 1720 in
1748 1695 1814 1719 me

246 1740 369 1781 esset,
391 1736 550 1784 gratias
571 1748 737 1785 agerem
759 1735 838 1773 tibi
860 1749 953 1774 meo
973 1737 1153 1781 nomine,
1176 1737 1291 1785 quod
1312 1737 1494 1775 candido
1516 1742 1592 1775 tuo
1614 1737 1815 1787 suffragio

247 1794 291 1828 et
321 1790 474 1827 studiis
505 1791 608 1827 meis
640 1790 780 1828 calcar
812 1790 947 1828 addas
978 1795 1021 1828 et
1053 1791 1257 1828 aduersus
1292 1791 1599 1830 maleuolorum
1632 1792 1816 1830 latratus

188 1859 227 1888 25
247 1844 457 1894 πρόμαχον
486 1850 676 1896 praestes
704 1858 751 1882 ac
784 1845 1094 1895 ὑπερασπιστήν.
1154 1845 1276 1883 Nunc
1308 1848 1509 1896 quoniam
1541 1846 1645 1884 nihil
1676 1847 1719 1884 in
1748 1859 1815 1884 me

248 1900 409 1949 reperio
426 1899 541 1949 quod
563 1901 692 1937 istum
713 1900 904 1938 fauorem
926 1905 1232 1950 promereatur,
1250 1901 1365 1951 apud
1387 1915 1453 1940 me
1474 1902 1644 1952 quidem
1666 1901 1812 1939 erube-

248 1967 330 1999 sco,
353 1954 426 1992 sed
453 1953 529 1992 hoc
556 1955 690 2004 magis
715 1955 901 1993 arbitror
925 1968 991 1993 me
1017 1955 1095 1993 tibi
1120 1955 1377 1994 obstrictum
1402 1969 1486 2006 quo
1512 1957 1651 1994 minus
1676 1956 1815 1994 isthuc

249 2009 419 2047 honoris
440 2021 691 2059 promereor.

305 2063 460 2113 Itaque
488 2064 578 2109 tibi,
606 2065 670 2101 vir
697 2065 870 2114 egregie,
897 2078 981 2102 non
1009 2068 1098 2102 tam
1128 2078 1220 2103 meo
1248 2066 1465 2115 priuatim,
1492 2079 1621 2116 quam
1650 2065 1817 2116 publice

189 2132 230 2162 30
251 2119 489 2156 studiorum
521 2131 569 2156 ac
600 2120 774 2168 pietatis
801 2120 969 2157 nomine
997 2121 1156 2170 gratias
1187 2133 1277 2171 ago.
1338 2120 1554 2169 Siquidem
1585 2121 1687 2158 dum
1715 2120 1818 2158 mihi

251 2174 308 2210 sic
335 2173 455 2210 faues
485 2173 538 2210 ob
567 2186 637 2210 eas
666 2187 730 2211 res
759 2187 865 2223 quas
894 2175 936 2211 in
964 2187 1030 2212 me
1059 2176 1162 2212 sitas
1193 2188 1281 2212 esse
1312 2175 1457 2221 credis,
1486 2176 1686 2213 nimirum
1718 2175 1818 2224 ipsis

251 2228 485 2265 virtutibus
506 2228 646 2265 isthuc
669 2228 838 2266 honoris
861 2229 990 2266 habes
1013 2229 1168 2278 quibus
1189 2231 1352 2279 optimo
1378 2231 1466 2268 iure
1494 2230 1643 2268 fauent
1671 2242 1818 2268 omnes

252 2295 348 2320 vere
373 2282 546 2320 nobiles.
608 2283 791 2321 Proinde
815 2283 967 2333 dignus
992 2297 1046 2329 eS‚
1070 2283 1317 2322 Assendelfe
1341 2286 1670 2334 generosissime,
1693 2297 1818 2333 quem

252 2350 396 2374 omnes
431 2337 587 2386 vbique
622 2337 859 2375 liberalium
895 2338 1134 2376 studiorum
1175 2352 1222 2376 ac
1259 2352 1383 2377 verae
1424 2340 1596 2389 pietatis
1636 2339 1819 2376 cultores

191 2404 232 2434 35
253 2391 454 2441 diligant:
487 2393 736 2441 praesertim
763 2405 895 2441 quum
924 2393 1277 2431 verisimillimum
1305 2395 1359 2431 sit
1385 2407 1456 2432 eos
1481 2395 1555 2444 qui
1580 2394 1819 2431 doctrinam

252 2459 300 2484 ac
322 2446 564 2495 religionem
586 2447 824 2496 suspiciunt
842 2448 883 2484 in
905 2447 997 2484 aliis
1018 2448 1072 2484 ab
1091 2448 1153 2485 his
1175 2461 1259 2486 non
1281 2461 1369 2486 esse
1391 2449 1560 2486 alienos.
1605 2449 1669 2486 Tu
1692 2452 1816 2492 certe,

253 2505 302 2537 vt
323 2501 495 2549 accipio,
518 2513 603 2538 non
625 2502 765 2538 minus
786 2515 910 2539 ornas
932 2502 1208 2540 Hollandiam
1234 2503 1461 2552 praeclaris
1488 2504 1619 2540 animi
1647 2502 1820 2541 dotibus

253 2567 382 2604 quam
418 2556 624 2592 maiorum
666 2556 932 2605 imaginibus.
992 2557 1102 2594 Nam
1137 2559 1298 2606 generis
1334 2563 1585 2596 ornamenta
1622 2558 1733 2595 bona
1767 2569 1818 2593 ex

253 2614 375 2659 parte
396 2609 523 2647 debes
541 2609 607 2647 vel
630 2610 861 2648 maioribus
878 2612 963 2648 tuis
981 2611 1047 2648 vel
1069 2611 1267 2649 fortunae
1285 2626 1291 2650 :
1319 2613 1401 2650 ista
1423 2613 1502 2650 tibi
1519 2613 1689 2662 propria
1706 2614 1818 2649 sunt.

193 2676 236 2707 40
256 2664 337 2702 Pro
364 2664 544 2702 candore
574 2668 650 2702 tuo
677 2665 815 2703 fateor
842 2678 908 2703 me
937 2666 1016 2703 tibi
1043 2666 1273 2716 plurimum
1302 2666 1464 2712 debere,
1490 2673 1534 2704 et
1562 2679 1662 2704 sane
1688 2666 1820 2704 debeo

255 2731 383 2768 quam
404 2718 567 2756 lubens.
610 2719 782 2757 Vtinam
804 2724 847 2758 et
869 2720 920 2758 de
937 2725 1012 2758 tuo
1035 2721 1189 2758 iudicio
1206 2720 1309 2758 mihi
1325 2723 1482 2771 possim
1505 2722 1657 2759 merito
1677 2725 1819 2771 gratu-

484 2810 557 2831 TIT.
583 2810 746 2832 CLAmss.
766 2811 856 2833 VIRO
874 2811 909 2832 D.
928 2813 995 2834 om.
1016 2803 1070 2833 N:
1098 2811 1156 2838 EQ.
1179 2827 1185 2833 .
1206 2827 1213 2833 .
1234 2828 1241 2834 .
1260 2812 1439 2834 PRAESIDI
1457 2814 1523 2835 om.
1543 2804 1590 2835 N.

305 2919 333 2940 1.
359 2910 718 2950 Talesius]Ep.2735
731 2921 806 2942 was
823 2922 869 2942 no
887 2911 1006 2942 doubt
1121 2921 1171 2951 13.
1197 2913 1324 2943 venari
1348 2913 1519 2953 gratiam]
1542 2913 1607 2944 See
1631 2913 1701 2952 Ep.
1726 2921 1822 2952 2735.

256 2958 339 2985 sent
353 2954 441 2984 with
459 2954 522 2984 the
540 2960 686 2994 present
705 2955 825 2985 letter.
1073 2958 1170 2994 35-6‚
1189 2967 1243 2996 44.
