1966 3379
250 134 328 171 234
707 133 964 172 LETTERs
996 133 1066 172 OF
1096 132 1362 172 ERASMUS
1695 137 1817 185 [1533

249 240 334 271 that
352 239 524 270 Sadoleto
544 240 610 270 has
631 240 744 270 taken
765 239 916 270 offence.
966 239 1152 270 Erasmus·
1173 239 1464 280 apprehensions
1486 250 1578 271 were
1598 240 1723 281 finally
1745 241 1818 272 laid

250 289 289 314 to
308 289 381 314 rest
401 285 448 324 by
466 284 528 314 the
547 285 681 324 receipt
701 284 738 314 of
756 289 829 314 two
847 284 974 314 letters
998 284 1090 314 from
1111 283 1295 319 Sadoleto,
1314 284 1378 314 the
1398 284 1478 315 first
1500 284 1537 314 oi*
1556 285 1686 320 which,
1705 285 1817 316 dated

252 337 264 357 1
301 328 393 358 Nov.
432 337 512 366 1534
546 328 629 368 (Ep.
665 330 775 366 2073),
810 328 946 358 thu-nks
979 328 1154 357 Erasinus
1195 327 1249 358 for
1282 328 1337 358 his
1373 328 1576 364 criticisrns,
1609 328 1714 359 while
1754 329 1817 359 the

249 371 382 401 second
401 371 484 412 (Ep.
506 373 600 409 2982,
623 372 790 412 replying
811 376 848 402 to
871 372 938 412 Ep.
959 372 1057 410 2971)
1078 371 1283 411 apologizes
1302 371 1359 401 for
1379 372 1442 402 the
1463 371 1570 412 delay
1591 372 1626 402 in
1648 373 1815 403 acknow-

249 415 394 455 ledging
411 416 524 445 them.
574 415 777 446 Sadoleto's
804 416 898 446 book
924 425 997 445 was
1023 415 1217 455 published
1243 415 1278 445 in
1307 424 1400 455 1535,
1420 420 1485 446 not
1511 416 1559 456 by
1581 415 1724 446 Froben
1749 416 1817 447 but

249 459 297 499 by
315 459 529 499 Gryphius.]

250 563 332 589 IAC.
353 562 601 589 SADOLETVS
621 563 751 589 EPISC.
773 563 984 589 CARPENT.
1009 563 1102 589 DES.
1124 562 1296 589 ERASMO
1319 563 1630 589 ROTERODAMO.
1673 563 1705 590 S.
1722 563 1758 590 P.
1775 564 1816 590 D.

304 623 417 660 Nom
436 624 620 671 (amabo)
636 627 799 673 putare,
816 624 872 660 mi
888 623 1073 667 Bramme,
1086 623 1313 672 quicquam
1329 623 1432 660 mihi
1448 636 1549 668 esse,
1568 628 1643 661 aut
1657 625 1818 673 gratius

249 684 323 715 tua
339 691 437 727 erga
454 691 520 715 me
535 678 841 721 beneuolentia‚
860 683 935 715 aut
954 678 1107 715 iudicio
1123 679 1305 727 grauius,
1352 678 1505 727 ltaque
1519 682 1561 715 et
1577 679 1818 727 quicunque

250 734 372 770 istinc
401 734 591 778 veniunt,
615 738 824 782 tuumque
853 733 978 771 modo
1007 746 1159 770 nomen
1187 738 1229 770 et
1257 734 1457 770 nuncium
1486 733 1536 770 de
1564 738 1606 770 te
1635 733 1817 782 aliquem

249 788 303 825 ad
336 800 412 825 nos
447 788 679 838 perferunt,
714 788 989 825 libentissime
1024 801 1048 824 a
1084 801 1149 825 me
1189 789 1477 837 accipiuntur:
1520 800 1654 837 eoque
1689 789 1817 825 etiam

212 856 230 886 5
250 844 394 892 magis,
413 844 445 879 si
463 843 577 892 quod
599 843 781 880 afferunt
804 848 1128 880 monumentum
1152 844 1213 879 tui
1238 843 1494 892 praestantis
1517 843 1681 891 ingenii,
1701 856 1816 892 prae-

251 897 446 946 clareque
480 899 521 934 in
554 911 640 935 rem
673 902 717 935 et
749 898 952 947 pietatem
987 897 1272 935 Christianam
1305 910 1456 947 operae
1488 910 1535 934 ae
1570 897 1817 942 voluntatis,

250 952 394 1001 qualia
415 965 538 1002 saepe
560 953 695 990 multa
718 966 741 990 a
764 958 806 989 tc
828 952 1175 1002 proficiscuntur:
1207 957 1255 989 vt
1276 952 1352 989 tibi
1376 952 1602 989 molestum
1623 965 1712 989 esse
1735 965 1817 989 non

250 1007 417 1052 debeat,
442 1007 534 1045 illos
557 1008 675 1045 tenui
697 1021 719 1045 a
744 1020 808 1044 me
832 1007 1085 1044 munusculo
1107 1008 1213 1044 aflici
1236 1008 1308 1056 qui
1330 1007 1372 1044 id
1401 1007 1555 1044 laboris
1577 1020 1671 1044 mea
1692 1020 1818 1045 eausa

250 1075 479 1111 suscepere.
542 1063 597 1100 Et
630 1062 680 1099 de
714 1068 789 1099 tuo
822 1062 976 1099 iudicio
1007 1063 1083 1107 (ita
1116 1062 1215 1099 mihi
1247 1062 1368 1099 diuos
1404 1063 1564 1099 omneis
1594 1066 1697 1111 opto
1731 1075 1819 1099 esse

194 1135 232 1155 10
251 1118 473 1167 propitios)
492 1118 533 1154 in
554 1130 602 1154 ea
623 1130 714 1154 sum
738 1118 951 1154 sententia
970 1122 1015 1154 vt
1039 1117 1141 1153 niliil
1161 1129 1348 1154 meorum
1367 1117 1467 1154 mihi
1485 1117 1655 1166 probari
1673 1118 1818 1166 possit.

252 1172 367 1221 quod
388 1172 440 1209 ad
471 1171 711 1219 religionem
734 1171 905 1220 quidem
934 1176 977 1209 et
1005 1171 1057 1208 ad
1087 1172 1231 1208 literas
1259 1184 1399 1209 sacras
1426 1172 1650 1221 pertineat,
1673 1173 1705 1208 si
1735 1185 1816 1208 non

253 1227 293 1263 id
326 1232 452 1264 antea
484 1227 561 1263 tibi
593 1227 647 1263 sit
677 1226 918 1276 probatum.
979 1226 1248 1276 Quapropter
1280 1239 1373 1263 cum
1405 1226 1677 1263 confecissem
1709 1239 1817 1263 com-

253 1282 483 1319 mentarios
505 1282 546 1318 in
570 1281 690 1318 Pauli
713 1282 892 1331 primam
913 1281 1137 1330 epistolam
1165 1284 1264 1330 (quo
1293 1281 1449 1323 labore,
1472 1286 1515 1319 et
1537 1282 1690 1330 quibus
1720 1282 1817 1329 vigi-

253 1337 329 1380 liis,
347 1349 429 1373 non
452 1336 557 1381 dico,
576 1337 679 1373 satis
700 1337 811 1373 enim
830 1337 997 1385 cognita
1017 1335 1095 1373 tibi
1111 1341 1172 1373 est
1193 1336 1302 1373 illius
1321 1336 1537 1386 Epistolae
1554 1336 1818 1381 obscuritas),

195 1409 231 1438 15
252 1395 486 1428 statueram
509 1391 674 1440 aliquot
695 1392 872 1428 menseis
894 1392 1118 1439 quiescere,
1140 1395 1368 1439 totumque
1390 1404 1455 1428 me
1476 1391 1530 1427 ab
1552 1390 1621 1428 illa
1649 1404 1750 1428 cura
1776 1395 1820 1428 et

253 1447 508 1495 cogitatione
543 1450 757 1483 auertere:
800 1450 848 1482 vt
888 1445 1039 1483 deinde
1080 1458 1221 1483 recens
1253 1450 1384 1495 atque
1418 1458 1554 1483 nouus
1589 1445 1642 1482 ad
1683 1458 1819 1483 meam

253 1501 631 1549 recognoscentiam
660 1505 703 1538 et
730 1501 969 1538 accuratius
993 1500 1316 1550 expendendam
1342 1501 1680 1538 lucubrationem
1707 1513 1819 1537 acce-

252 1555 406 1593 derem.
467 1554 547 1601 Qui
575 1560 718 1593 tamen
746 1568 836 1592 mos
864 1560 907 1592 et
934 1555 1036 1592 mihi
1065 1560 1291 1592 consuetus
1321 1560 1397 1600 est,
1427 1561 1467 1592 et
1500 1568 1523 1592 a
1554 1556 1655 1592 viris
1685 1555 1822 1592 doctis

253 1610 359 1647 solet
388 1611 593 1660 vsurpari.
656 1611 846 1659 Eratque
871 1609 972 1647 mihi
1002 1611 1042 1647 in
1072 1611 1225 1655 animo,
1251 1611 1461 1647 neminem
1491 1611 1662 1647 omnino
1689 1611 1818 1660 parti-

192 1683 234 1704 20
253 1666 386 1715 eipem
434 1665 581 1711 faeere,
624 1670 855 1714 antequam
896 1665 983 1714 ipse
1023 1665 1279 1714 probassem.
1350 1664 1430 1702 Sed
1471 1666 1659 1714 cogitans
1700 1677 1820 1702 casus

253 1715 525 1757 humanoset
546 1725 709 1769 quanto
731 1720 831 1757 mihi
854 1721 1034 1757 moerori
1055 1733 1103 1757 ac
1125 1719 1382 1757 detrimento
1401 1733 1489 1757 esse
1511 1724 1664 1769 posset,
1684 1720 1717 1756 si
1738 1732 1822 1768 qua

253 1776 439 1825 asperior
460 1774 645 1820 fortuna⁷
669 1787 776 1824 quae
802 1775 843 1811 in
870 1779 1085 1823 vtrunque
1112 1779 1306 1812 nostrum
1332 1774 1523 1824 profecto
1548 1774 1677 1811 habet
1703 1779 1819 1824 pote-

253 1834 422 1875 statem,
445 1831 743 1867 commercium
766 1830 875 1867 inter
897 1842 973 1866 nos
997 1829 1073 1867 hoe
1101 1829 1335 1867 literarium
1364 1830 1632 1879 peremisset:
1666 1829 1820 1866 librum

253 1897 274 1922 e
302 1885 440 1922 tribus
469 1885 651 1934 primum
678 1885 750 1934 qui
777 1890 867 1922 erat
896 1884 1144 1934 descriptus,
1171 1884 1313 1922 dedita
1343 1897 1471 1934 opera
1499 1884 1554 1921 ad
1582 1889 1623 1921 te
1653 1884 1757 1928 misi,
1781 1885 1822 1921 in

194 1955 234 1986 25
254 1952 339 1988 quo
370 1941 556 1977 maxima
584 1939 755 1989 quidem
786 1943 884 1976 sunt
917 1945 960 1976 et
987 1939 1269 1989 pulcherrima
1297 1938 1394 1976 fidei
1421 1938 1576 1976 Christi
1604 1939 1819 1988 mysteria.

254 1993 386 2040 Quem
410 1999 509 2044 peto
531 2007 554 2031 a
576 1999 630 2039 te,
654 1995 710 2031 mi
732 1994 919 2038 Erasme‚
942 1999 983 2032 et
1006 2007 1083 2044 pro
1105 1995 1255 2044 insigni
1276 2007 1324 2031 ac
1349 1999 1501 2031 mutua
1527 1993 1821 2031 beneuolentia

254 2053 399 2087 nostra
431 2062 543 2098 rogo,
573 2061 622 2087 eo
649 2050 791 2087 animo
820 2053 867 2086 vt
897 2049 1021 2098 legas,
1049 2050 1113 2086 vti
1141 2050 1201 2086 ita
1230 2052 1409 2093 statuas
1436 2049 1585 2086 melius
1614 2048 1715 2085 mihi
1746 2048 1821 2085 abs

254 2108 297 2141 te
327 2104 466 2142 multo
493 2104 735 2141 consultum
763 2104 863 2149 fore,
891 2104 923 2141 si
951 2103 1268 2153 reprehenderis
1296 2104 1337 2140 in
1361 2116 1410 2141 eo
1438 2116 1546 2153 quae
1578 2103 1655 2140 tibi
1686 2115 1820 2152 repre-

254 2158 478 2196 hendenda
521 2172 608 2196 esse
652 2159 914 2197 videbuntur
954 2171 1081 2208 quarn
1127 2159 1160 2195 si
1203 2158 1456 2203 laudaueris,
1497 2159 1529 2195 si
1570 2171 1653 2207 qua
1696 2162 1823 2195 erunt

194 2230 236 2261 30
254 2213 480 2252 laudanda.

310 2268 449 2306 Ausus
469 2269 664 2318 equidem
688 2281 793 2314 sum,
812 2269 854 2306 id
871 2268 985 2318 quod
1003 2268 1166 2306 videbis
1187 2269 1287 2318 ipse,
1306 2268 1359 2306 ab
1381 2269 1528 2306 itinere
1545 2272 1821 2312 caeterorum,

255 2325 339 2361 iam
370 2323 441 2361 diu
473 2325 577 2361 trito
607 2328 736 2373 atque
768 2324 940 2367 vsitato,
970 2323 1216 2361 deflectere:
1254 2323 1420 2372 aliaque
1449 2322 1633 2372 quadam
1662 2322 1822 2371 ingredi

257 2379 337 2418 via,
361 2391 469 2427 quae
498 2379 600 2415 mihi
626 2380 715 2416 visa
741 2379 795 2416 sit
817 2379 949 2427 magis
974 2391 1182 2427 emergere
1207 2391 1258 2415 ex
1284 2378 1484 2415 fluetibus
1509 2378 1820 2426 quaestionum,

256 2433 492 2482 fortiusque
519 2438 560 2470 et
589 2433 850 2483 splendidius
877 2433 931 2470 ad
960 2434 1186 2471 veritatem
1215 2432 1490 2470 contendere:
1524 2431 1744 2480 Deumque
1773 2436 1821 2468 vt

196 2504 237 2534 35
257 2488 359 2525 mihi
389 2488 568 2532 adesset,
598 2501 762 2537 semper
790 2492 988 2538 precatus
1015 2501 1121 2525 sum.
1181 2486 1261 2525 Sed
1291 2487 1381 2524 falli
1408 2492 1553 2525 tamen
1585 2499 1820 2536 possumus.

258 2543 554 2588 Quamobrem,
578 2544 634 2580 mi
658 2543 842 2583 Erasme,
866 2543 1001 2580 omnis
1023 2543 1065 2579 in
1091 2548 1132 2580 te
1160 2555 1253 2592 spes
1282 2542 1384 2579 mihi
1411 2546 1487 2579 est.
1549 2541 1687 2578 Tuum
1716 2540 1820 2578 iudi-

258 2599 380 2642 cium,
404 2598 517 2646 quod
545 2602 592 2635 tu
616 2597 806 2635 modeste
834 2598 1060 2641 imminuis,
1083 2610 1158 2647 ego
1186 2600 1331 2634 autem
1359 2597 1528 2646 plurimi
1553 2596 1674 2634 facio.
1698 2595 1822 2644 idque

258 2665 341 2690 non
374 2653 538 2697 iniuria,
571 2665 682 2689 nune
715 2652 817 2690 mihi
850 2652 1021 2701 quidem
1053 2653 1192 2701 ipsum
1224 2651 1461 2701 perfugium
1491 2655 1534 2688 et
1565 2655 1713 2700 portus
1745 2654 1820 2687 est.

258 2707 315 2745 Et.
343 2708 476 2744 totius
503 2708 584 2744 mei
609 2707 764 2744 laboris
793 2707 1009 2756 expolitiQ
1036 2719 1196 2756 egoque
1222 2707 1263 2743 in
1292 2711 1333 2743 te
1359 2719 1466 2751 vno;
1500 2710 1659 2754 tuoque
1687 2706 1729 2742 in
1756 2717 1822 2742 me

198 2779 240 2808 40
257 2774 399 2800 amore
420 2775 467 2798 ae
488 2766 563 2799 tua
585 2763 895 2811 spectatissima
917 2762 1079 2799 virtute
1099 2766 1141 2798 et
1164 2761 1357 2798 doctrina
1378 2761 1610 2809 acquiesco.

314 2816 427 2853 Illud
448 2821 489 2853 te
511 2817 610 2854 nolo
632 2817 834 2865 ignorare,
857 2817 999 2854 deesse
1020 2829 1104 2853 non
1126 2828 1261 2866 pauca
1283 2816 1325 2852 in
1346 2815 1423 2852 hoe
1448 2815 1566 2859 libro,
1590 2826 1698 2863 quae
1720 2819 1822 2851 tunc

259 2872 523 2916 adjicientur,
542 2884 636 2908 cum
660 2884 765 2921 opus
787 2876 927 2908 totum
950 2872 1086 2908 acrius
1107 2869 1438 2907 examinandum
1460 2869 1821 2918 resumpserimus.

260 2926 371 2963 Nam
398 2930 441 2963 et
470 2925 605 2963 multa
634 2927 676 2962 in
707 2938 755 2962 eo
783 2925 1035 2975 explicatius
1063 2924 1305 2962 disserenda
1332 2928 1431 2961 sunt
1457 2936 1584 2972 quam
1613 2936 1723 2960 nune
1752 2935 1821 2959 ex-

260 2981 399 3031 posita
430 2981 537 3018 sint:
571 2984 613 3018 et
645 2980 821 3017 collecta
852 2993 902 3017 cx
934 2981 1062 3017 sacris
1092 2979 1224 3017 literis
1255 2979 1499 3016 testimonia
1530 2978 1695 3027 aliquot-
1724 2990 1823 3015 sane
