1966 3379
188 791 225 811 lO

181 1913 222 1942 30

180 2183 220 2213 35

245 119 322 156 318
673 119 928 157 LETTERS
960 119 1030 157 or
1060 119 1326 158 ERASMUS
1687 121 1810 168 [1533

277 233 369 259 DES.
398 233 594 260 ERASMVS
616 233 712 260 RoT.
737 234 776 260 D.
803 234 960 261 IOANNI
984 235 1208 261 VERGAIRE
1231 234 1400 261 INSIGNI
1423 233 1654 260 THEOLOGO
1677 234 1708 259 S.
1729 234 1768 259 D.

301 293 524 329 FORTASSE
568 294 683 330 visus
724 307 817 331 sum
860 295 936 331 tibi
988 294 1116 344 paulo
1161 295 1440 344 impotentius
1480 293 1588 330 ferre
1629 297 1808 330 mortem

245 346 473 384 Guilhelmi
509 347 696 384 VVarami
732 348 1034 398 archicpiscopi
1069 348 1398 391 Cantuariensis,
1431 349 1502 396 qui
1534 347 1687 384 litteris
1719 351 1807 384 tam

246 401 523 450 plorabundis
545 415 592 438 ac
616 402 984 439 lamentatricibus
1002 404 1132 440 animi
1155 404 1233 440 mei
1257 402 1443 439 dolorem
1467 403 1507 438 in
1530 402 1667 438 sinum
1685 406 1808 438 tuum

245 455 480 492 effuderim.
543 456 659 493 Idem
685 458 834 505 opinor
856 458 993 494 visum
1013 457 1342 506 Arehiepiscopo
1365 462 1546 505 patrono
1569 460 1655 492 tuo.
1697 455 1807 493 Nam

245 509 379 546 simile
408 509 493 547 fere
524 523 770 559 responsum
804 512 945 560 accepi
974 525 997 548 a
1029 512 1078 548 1>
1100 511 1148 548 D.
1177 511 1389 548 Bernaido
1416 511 1624 570 Episcopo
1645 514 1688 547 et
1710 509 1806 547 Car-

245 564 374 601 dinali
399 564 661 604 Tridentino
685 570 727 602 (t
750 578 773 601 a
796 565 826 601 C
831 566 1102 615 hristophoro
1125 566 1334 614 Episcopo
1357 565 1547 611 Au11u5t(
1541 577 1628 601 n51
1688 563 1809 601 Soleo

245 618 429 667 quidem,
463 620 524 656 vti
557 619 754 663 scribitis,
789 621 829 656 in
866 620 989 656 simili
1021 632 1119 657 casu
1152 620 1331 656 aliorum
1370 596 1526 656 mederi
1559 618 1705 663 dolori,
1737 618 1809 656 sed

246 673 335 733 ipsa
359 686 399 709 re
421 678 623 722 expertus
651 687 742 711 sum
771 687 858 711 (sse
882 675 1147 711 xerissimum
1177 674 1281 711 11111(1
1307 673 1460 711 sorno(
1464 673 1570 717 (11110
1594 673 1657 710 Tu
1684 674 1717 709 si
1743 673 1808 710 hic

245 728 311 771 sis,
341 727 466 764 alitcr
495 729 666 765 sentias
728 728 780 765 Et
813 734 969 772 tamen,
1000 741 1050 765 ne
1078 728 1191 777 quod
1224 741 1287 765 res
1317 733 1381 765 est
1414 705 1688 771 dissimulem,
1721 728 1808 776 ipse

245 759 344 818 1111111
369 782 559 819 nonnihil
583 783 623 819 in
648 787 768 819 tanta
800 789 973 831 tamque
1002 783 1169 820 diutina
1195 783 1323 820 animi
1346 783 1579 831 egrimonia
1601 781 1807 830 displicui,

243 836 475 884 eademque
498 837 599 873 1111111
621 842 712 873 tum
735 837 835 881 dixi,
854 850 962 885 quac
981 837 1072 875 aliis
1089 850 1204 874 eram
1222 837 1436 874 dicturus:
1468 836 1686 873 ‘Mortalis
1703 840 1808 881 erat,

244 890 296 927 ad
328 896 564 928 extremam
598 904 703 940 pene
734 896 997 929 senectutem
1031 893 1239 941 peruenit,
1271 904 1437 928 summa
1472 904 1566 927 011111
1600 891 1809 939 dignitate

245 946 364 988 vixit,
389 946 592 994 pietatem
616 946 837 993 insigniter
858 946 1002 990 coluit,
1026 947 1250 983 honestam
1275 947 1337 982 sui
1360 946 1604 983 memoriam
1623 945 1807 993 reliquit.

243 1012 293 1035 cx
325 999 401 1036 hoc
429 1000 585 1036 infelici
606 1000 734 1036 exilio
756 1001 954 1047 migrauit
986 1001 1040 1037 ad
1071 1006 1260 1037 eternam
1291 999 1664 1049 tranquillitatem,
1689 1000 1744 1036 ibi
1767 1003 1808 1036 te

242 1059 454 1102 expectat,
480 1066 576 1090 mox
606 1059 900 1102 sequuturum.
961 1054 1002 1092 Si
1030 1068 1127 1092 vere
1155 1055 1294 1104 diligis
1325 1056 1477 1094 virum,
1506 1058 1570 1091 est.
1601 1053 1714 1103 quod
1746 1053 1806 1090 illi

242 1108 477 1153 gratuleris,
502 1121 584 1144 non
607 1114 666 1145 <251
694 1109 805 1157 quod
830 1109 1051 1158 deplores)
1103 1110 1218 1146 Haec
1241 1109 1407 1158 aliaque
1430 1108 1642 1158 permulta
1666 1108 1806 1157 loque-

245 1162 319 1198 bar
340 1164 482 1199 animo
504 1175 608 1204 meo,
633 1163 702 1199 sed
727 1164 779 1200 ad
807 1165 949 1201 omnia
973 1164 1112 1201 surdo.
1173 1164 1320 1212 Neque
1347 1176 1447 1201 vero
1475 1163 1539 1200 hic
1569 1163 1685 1200 locus
1713 1166 1805 1200 erat

243 1215 301 1253 illi
323 1217 527 1265 Satyrion,

556 1288 753 1325 ploratur
776 1289 972 1338 lacrymis
994 1290 1149 1326 amissa
1171 1290 1349 1338 pecunia
1373 1290 1493 1326 veris.

244 1358 283 1395 Si
317 1359 539 1395 estimetur
570 1360 684 1408 quod
716 1359 827 1396 illius
859 1360 1015 1397 obtulit
1055 1361 1307 1409 benignitas,
1342 1361 1576 1397 maximum
1610 1363 1727 1398 erat:
1774 1360 1807 1396 si

243 1412 356 1461 quod
379 1414 533 1462 accepi,
552 1415 771 1450 minimum
794 1420 883 1451 erat
908 1415 1198 1452 emolumenti.
1245 1414 1324 1452 Sed
1348 1416 1387 1451 in
1410 1415 1522 1451 illius
1543 1414 1733 1451 amicicia
1750 1414 1807 1450 sic

243 1468 591 1515 conquieseebam
616 1472 663 1505 vt
686 1468 787 1505 mihi
810 1469 975 1506 viderer
997 1469 1167 1506 abunde
1192 1469 1324 1514 diues,
1347 1470 1421 1518 qui
1448 1469 1578 1506 talem
1609 1469 1805 1505 haberem

244 1526 486 1570 patronum,
510 1522 618 1559 vnde
648 1528 791 1571 petere
814 1523 984 1572 quiduis
1012 1536 1192 1573 possem,
1216 1525 1249 1560 si
1277 1536 1362 1572 qua
1390 1523 1607 1560 incidisset
1631 1523 1805 1560 necessi-

243 1580 320 1612 tas.
384 1576 443 1612 Ea
467 1589 550 1613 non
573 1577 734 1617 incidit,
758 1590 832 1615 nec
858 1578 981 1615 facile
1011 1582 1153 1627 potest
1179 1578 1361 1615 incidere
1383 1578 1605 1627 frugaliter
1628 1577 1805 1622 viuenti,

184 1642 219 1662 2-
242 1635 370 1678 atque
393 1631 439 1666 iis
462 1631 585 1667 rebus
608 1637 812 1669 contento
834 1645 939 1680 quas
963 1632 1155 1682 postulat
1175 1633 1361 1682 corporis
1383 1633 1622 1669 necessitas,

295 1684 619 1733 (Jonduplieauit
650 1686 758 1723 1111110
789 1687 951 1723 1110111111
982 1700 1120 1724 meum
1150 1700 1262 1724 mors
1294 1686 1587 1736 Christophori
1617 1685 1804 1723 Schidlo-

244 1739 350 1779 uieii,
374 1739 552 1776 hominis
575 1741 688 1788 apud
720 1741 900 1778 Polonos
922 1754 1112 1779 summae
1137 1742 1398 1785 autoritatis,
1422 1754 1469 1778 ac
1497 1742 1633 1778 nostri
1661 1753 1805 1778 aman-

242 1793 403 1829 tissimi.
463 1792 543 1830 8111
567 1794 773 1831 Dominu5
795 1809 871 1844 pio
893 1809 968 1832 sua
990 1795 1216 1833 elementia
1238 1796 1385 1833 multis
1408 1795 1570 1833 solatiis
1592 1796 1807 1844 mitigauit

243 1846 315 1883 1100
340 1861 363 1883 x
371 1847 529 1892 ulnera
553 1848 737 1898 fecitque
760 1863 853 1886 011111
878 1851 1118 1887 tentatione
1140 1856 1412 1900 prouentum,
1432 1855 1477 1887 11
1502 1851 1657 1899 possim
1681 1850 1805 1886 susti-

243 1914 352 1938 nere.
412 1880 627 1950 Siquidem
655 1904 695 1940 in
720 1904 1035 1954 Archiepiseopi
1062 1905 1275 1942 demortui
1303 1904 1442 1942 locum
1473 1917 1520 1941 ac
1552 1905 1805 1965 dignitatem

242 1957 441 1992 successit
478 1957 527 1994 I³
558 1957 607 1994 D.
642 1957 827 1995 'Iliomas
863 1958 1132 2003 Cronmams,
1167 1959 1426 2008 professione
1458 1958 1710 2007 Theologus,
1742 1959 1807 1995 111·

242 2011 535 2058 integeirimus
571 2024 658 2048 can
668 2013 962 2062 lidi5simisque
997 2014 1199 2058 moribus,
1234 2014 1305 2062 qui
1342 2013 1457 2050 vltro
1492 2013 1707 2063 pollicitus
1742 2017 1806 2049 est

242 2076 329 2101 sese
347 2065 388 2101 in
406 2065 548 2102 studio
570 2079 617 2103 ac
642 2066 825 2104 benefice
813 2069 919 2105 ntia
937 2081 1035 2117 eiga
1052 2081 1117 2105 me
1140 2069 1268 2117 priori
1287 2080 1557 2117 nequaquam
1574 2080 1804 2111 cessurum,

241 2124 283 2155 et
317 2119 429 2167 quod
463 2124 614 2168 sponte
651 2121 866 2170 pollicitus
899 2128 976 2166 est,
1009 2127 1160 2171 sponte
1192 2127 1409 2172 praestare
1441 2123 1592 2172 coepit,
1624 2126 1672 2158 vt
1704 2098 1805 2158 mihi

243 2172 465 2210 Waramus
500 2187 584 2211 non
617 2182 800 2224 ereptus,
833 2177 905 2214 sed
942 2154 982 2213 iii
1018 2176 1250 2214 Cronmaro
1286 2181 1459 2214 renatus
1493 2176 1626 2214 videri
1661 2180 1803 2225 queat.

241 2226 369 2264 Dedit
390 2232 432 2264 et
455 2227 766 2267 Vinslelieorum
791 2230 985 2279 Augusta
1007 2231 1210 2268 candidos
1232 2231 1397 2280 aliquot
1420 2232 1590 2275 amicos,
1607 2235 1649 2267 et
1674 2230 1803 2267 11110-

242 2293 352 2318 neos.
413 2281 601 2326 Quorum
636 2289 680 2321 vt
717 2289 908 2334 tempore
942 2286 1000 2322 ita
1038 2285 1335 2323 beneuolentia
1372 2286 1534 2335 primus
1565 2290 1631 2322 est
1668 2285 1718 2322 R.
1753 2285 1802 2321 D.

284 2405 356 2426 TIT.
384 2405 465 2427 DES.
485 2398 565 2427 add.
586 2398 622 2428 L.
697 2408 731 2429 1).
751 2400 832 2430 odd.
853 2400 892 2430 L.
962 2409 1109 2430 INSIGNI
1125 2409 1325 2431 THEOLOGO
1343 2401 1423 2431 arld.
1445 2401 1483 2430 L.
1562 2410 1587 2430 1.
1614 2400 1681 2431 tibi
1700 2400 1804 2430 MS„

240 2440 344 2470 vobis
361 2440 400 2470 L.
493 2450 523 2479 3.
550 2441 790 2481 plorabundis
809 2454 850 2473 ae
868 2444 948 2474 add.
968 2445 1007 2474 L.
1101 2456 1131 2483 4.
1158 2445 1261 2474 Idem
1283 2469 1288 2474 .
1309 2469 1314 2474 .
1337 2469 1343 2474 .
1361 2449 1393 2475 0.
1422 2444 1646 2484 Augustensi
1663 2444 1745 2474 add.
1764 2444 1803 2474 L.

241 2493 270 2522 7.
297 2484 351 2513 vti
369 2484 526 2514 scribitis
544 2485 623 2514 add.
645 2486 682 2515 L.
746 2487 859 2517 dolori
877 2487 980 2517 MS:
1007 2488 1122 2518 luctui
1140 2488 1178 2518 L.
1243 2489 1272 2517 S.
1299 2499 1379 2518 sum
1398 2494 1574 2528 expertus
1594 2488 1631 2517 L.
1699 2497 1730 2524 9.
1757 2488 1806 2518 sis

240 2527 320 2556 add.
342 2527 379 2556 L.
451 2538 495 2557 ne
515 2552 520 2556 .
541 2552 547 2557 .
569 2552 575 2557 .
595 2529 821 2560 dissimulem
838 2531 920 2560 szslcl.
942 2531 978 2561 L.
1098 2541 1146 2561 11.
1174 2536 1254 2562 tum
1272 2532 1360 2561 1111111
1381 2532 1418 2561 L.
1540 2533 1654 2569 16—17.
1681 2531 1803 2571 loque-

241 2570 306 2600 bar
323 2569 426 2600 MS:
453 2571 684 2611 colloquebar
700 2584 782 2603 «sum
802 2574 840 2603 L.
938 2577 1031 2613 :6—7.
1060 2575 1106 2604 L:
1134 2575 1348 2605 Schidouicii
1368 2575 1450 2605 MS.
1552 2584 1603 2613 30.
1629 2585 1670 2605 ac
1688 2575 1803 2614 digni-

240 2618 358 2644 tatem
375 2614 455 2643 add.
475 2614 514 2644 L.
607 2624 657 2655 34.
686 2617 773 2646 mihi
791 2618 870 2647 wid.
893 2618 930 2647 L.
1023 2620 1073 2657 36,
1101 2623 1136 2649 et
1156 2618 1258 2648 MS:
1285 2628 1418 2658 eosque
1438 2619 1475 2648 L.

284 2745 314 2773 4.
341 2733 546 2771 effuderim]
565 2735 641 2764 The
661 2735 770 2766 letter
791 2737 819 2766 is
840 2742 901 2767 not
927 2747 986 2767 ex·
1100 2739 1130 2767 8.
1156 2737 1386 2776 Comoediae]
1405 2738 1484 2768 Ter.
1505 2739 1599 2768 Ami.
1619 2747 1692 2776 310.

240 2780 334 2807 tant.
1102 2782 1151 2810 18.
1178 2782 1357 2820 Satyrico]
1374 2782 1461 2812 Juv.
1485 2791 1533 2820 13.
1556 2791 1626 2821 134.

327 2820 498 2860 patrono]
519 2820 690 2851 Fonseca.
1099 2834 1151 2863 31.
1178 2824 1412 2862 Cronmarus]
1425 2825 1495 2855 For
1506 2825 1710 2856 Cranmer's
1721 2835 1803 2855 con-

285 2872 313 2901 5.
340 2863 542 2901 Bernardo]
568 2865 644 2894 Tho
669 2866 850 2897 reference
871 2877 988 2897 seems
1056 2868 1241 2898 tinuation
1262 2869 1300 2898 of
1322 2868 1385 2898 the
1402 2869 1554 2908 pensiori
1573 2874 1611 2898 to
1630 2868 1805 2900 Erasmus

241 2910 279 2937 to
302 2907 346 2937 be
366 2911 405 2937 to
426 2907 494 2947 Ep.
521 2917 622 2946 :79ss
650 2909 712 2938 the
732 2909 838 2939 other
860 2910 988 2941 letters
1055 2921 1113 2941 see
1128 2911 1196 2951 Ep.
1216 2913 1311 2941 2561.
1331 2920 1408 2949 2311.

240 2950 399 2980 referred
417 2954 456 2980 to
473 2960 533 2980 are
551 2951 632 2981 lost.
