1966 3379
454 99 570 137 THE
600 97 986 136 COMPENDIUM
1018 96 1384 135 RHETORICES
1625 100 1698 136 401

466 203 531 240 Ex
553 202 776 240 contrariis
798 202 971 252 legibus.
1026 201 1183 251 Legum
1207 201 1380 239 collisio.
1441 202 1600 239 Eadem
1624 203 1703 239 sibi

521 257 748 295 colliditur.
809 256 890 302 Qui
911 256 1018 294 duas
1040 257 1195 305 rapuit.

140 312 284 351 Conie-
470 312 532 349 Ex
553 311 752 360 ambiguo

141 372 262 405 ctura
470 367 533 403 Ex
555 365 812 410 definitione,
835 365 1016 402 Furtum
1038 365 1212 409 fatetur,
1237 365 1501 414 sacrilegium
1525 370 1664 414 negat.

141 422 254 459 Finis
468 421 532 458 Ex
558 420 850 465 translatione,
874 432 1006 468 quum
1032 424 1227 456 mutatur
1255 424 1386 465 actor,
1409 420 1549 464 iudex,
1574 420 1702 465 locus,

141 476 281 522 Quali·
468 479 545 512 aut
567 479 735 524 tempus
756 479 834 511 etc.
896 474 1199 512 Ratiocinatio.
1727 490 1766 519 50

142 535 208 568 tas
514 528 662 567 Status
685 529 856 579 duplex.
972 528 1122 566 Status
1143 528 1382 566 ambulans,

142 585 255 622 Iudi·
648 583 933 633 Comparatio,

141 644 297 677 catum.
468 639 611 684 Ratio,
630 638 969 675 Firmamentum
994 639 1215 675 continens
1238 638 1496 683 Iudicatum,
1520 637 1703 675 Orestes.

578 747 905 797 Argumentatio
926 748 1013 785 siue
1035 747 1244 797 probatio.
1728 762 1768 792 55

1008 824 1282 861 Praeiudicia.

142 879 439 924 Inartificialis,
463 892 543 928 que
564 891 615 916 ex
638 892 766 916 causa
788 880 952 928 petitur
1009 879 1231 916 Rumores.

1009 933 1253 971 Tormenta.

1009 988 1211 1026 Tabulae.

1010 1075 1311 1113 Iusiurandum
1729 1075 1771 1103 60

144 1130 399 1176 Artificialis‚
441 1143 570 1180 quam
620 1135 764 1168 orator
812 1144 863 1168 ex
912 1144 954 1168 se
1010 1130 1170 1168 Testes.

197 1186 330 1235 gignit
1009 1184 1203 1223 Oracula.

445 1239 582 1290 Signa.

144 1295 389 1333 Artificialis
446 1295 721 1344 Argumenta.

444 1349 653 1400 Exempla
1731 1348 1772 1384 65

693 1404 942 1442 Necessaria
963 1418 1049 1442 non
1070 1409 1195 1454 egent
1217 1404 1300 1442 alia
1321 1404 1584 1454 probatione.

694 1459 789 1497 Non
813 1460 1057 1505 necessaria,
1080 1473 1189 1508 quae
1211 1459 1416 1497 adiuncta
1436 1458 1529 1496 aliis
1551 1458 1709 1495 valent.

694 1514 801 1552 Erat
822 1515 1029 1559 inimicus,
1053 1515 1241 1552 minatus
1263 1518 1328 1551 est
1348 1518 1427 1551 etc.

148 1569 264 1606 Haec
296 1569 556 1618 colliguntur
587 1582 611 1606 a
642 1569 779 1606 tribus
811 1570 1087 1619 temporibus,
1119 1569 1301 1619 Peperit,
1330 1569 1460 1618 igitur
1490 1581 1586 1605 cum
1619 1568 1710 1606 viro

145 1623 388 1661 concubuit.
450 1624 673 1673 Expalluit
694 1625 993 1673 interrogatus,
1017 1624 1257 1661 titubanter
1278 1623 1484 1673 loquutus
1506 1628 1583 1661 est.
1730 1630 1772 1661 70

145 1678 457 1727 Argumentum
479 1683 544 1716 est
566 1679 688 1723 ratio,
711 1679 768 1716 rei
790 1678 945 1717 dubiae
966 1679 1125 1717 faciens
1147 1679 1284 1717 fidem.

145 1732 330 1770 Consilio
365 1746 513 1771 senum
550 1734 682 1783 magis
717 1733 1118 1784 obtemperandum,
1149 1735 1250 1784 quia
1284 1734 1424 1772 multo
1459 1747 1600 1772 rerum
1632 1747 1712 1771 vsu

145 1788 330 1837 sapiunt.

144 1431 270 1481 Signa
292 1432 370 1470 sub
393 1431 536 1469 oculos
558 1445 625 1469 ve-

146 1488 272 1524 niunt
294 1500 398 1537 pene
421 1486 567 1536 ἄτεχνα

854 1842 991 1881 Causa

857 1898 1043 1948 Tempus
1733 1907 1772 1937 75

638 1980 797 2017 Rerum
857 1953 999 2014 LOCUS.

855 2007 1029 2045 Occasio

145 2060 363 2099 Coniectu-
858 2062 1214 2100 Instrumentum.

147 2116 253 2153 ralia
274 2116 432 2153 ducun-
862 2117 1013 2155 Modus

145 2175 216 2207 tur
238 2184 262 2208 a
283 2172 456 2209 circum·
1732 2173 1773 2201 80

145 2226 316 2262 stantiis
856 2226 998 2264 Genus
1125 2227 1314 2264 Habitus
1335 2239 1479 2277 corpo-

858 2281 986 2319 Natio
1126 2283 1183 2319 ris

519 2363 800 2400 Personarum
862 2337 1007 2373 Patria
1131 2337 1323 2397 Fortuna

859 2390 991 2428 Sexus
1125 2391 1323 2428 Condltio

146 2443 211 2481 An
234 2443 416 2481 volucrit
860 2445 992 2483 Aetas
1128 2446 1269 2483 Animi
1291 2450 1457 2483 natura.
1731 2446 1770 2482 85

144 2511 199 2535 an
222 2499 410 2547 potuerit
857 2500 1069 2538 Educatio
1127 2499 1280 2538 Studia

144 2566 197 2590 an
220 2553 366 2590 fecerit
1128 2555 1359 2593 Affectatio

144 2607 209 2644 An
231 2608 286 2645 sit
1130 2610 1241 2647 Ante
1263 2614 1360 2647 acta

144 2661 253 2707 Quid
275 2663 331 2699 sit
1129 2664 1369 2701 Commotio

144 2716 277 2762 Quale
299 2717 355 2753 sit
1126 2719 1355 2756 Consilium
1730 2727 1772 2755 90

1124 2774 1301 2811 Nomen.

636 2838 734 2875 Loci
758 2838 1129 2888 Argumentorum.

150 2912 167 2938 1
228 2901 443 2946 Definitio,
465 2901 704 2953 descriptio,
727 2906 770 2940 et
791 2903 1061 2953 etymologia.

188 3007 309 3038 452.10
892 2999 919 3025 D
937 2988 962 3025 d
