1966 3379
260 105 334 143 126
687 105 945 144 LETTERS
977 106 1047 145 OF
1078 106 1346 146 ERASMUS
1709 111 1831 157 [1532

258 209 486 259 patefactis
502 209 665 247 foribus
683 211 724 248 in
741 215 935 260 apertam
957 224 1143 261 pugnam
1167 212 1341 261 prorupi
1358 211 1675 261 cataphractus
1735 213 1831 251 Non

258 269 360 301 sunt
382 264 476 301 illos
493 264 755 302 destitutura
773 266 1086 303 Coloniensium
1104 271 1147 303 01
1166 267 1465 303 parisiensium
1488 267 1694 304 subsidia:
1728 268 1831 305 mihi

197 342 238 363 20
258 332 367 368 quae
389 319 536 356 futura
559 320 643 357 sint
666 321 876 369 praesidia
900 322 1051 365 nescio,
1075 322 1154 358 nisi
1177 321 1290 370 quod
1313 334 1361 358 ea
1383 334 1511 359 causa
1539 322 1673 359 fretus
1702 335 1830 371 quam

258 374 375 411 nulla
407 387 651 424 expugnare
688 380 829 425 potest
862 376 1160 420 contradictio,
1196 388 1281 413 non
1317 376 1403 413 vlla
1441 376 1655 414 maculare
1690 381 1833 426 potest

258 428 438 473 falsitas,
461 442 569 478 quae
598 442 672 467 1100
701 430 755 467 ab
777 430 1087 468 aduocatorum
1112 431 1290 480 penuria
1312 443 1386 468 nec
1415 444 1439 468 a
1468 431 1618 469 fraude
1644 431 1830 469 iudicum

256 483 391 520 vllum
423 485 512 533 pati
536 489 677 533 potest
700 484 1020 523 detrimentum.
1081 486 1146 523 Sic
1175 486 1369 522 munitus
1398 498 1482 522 non
1505 486 1656 523 dubito
1679 499 1743 523 1110
1766 487 1830 523 vel

257 538 393 575 solum
423 552 632 588 exponere
662 540 873 589 periculo:
908 540 980 577 sed
1003 541 1036 577 si
1060 541 1199 577 vicero
1221 544 1451 585 certamen,
1480 553 1563 577 non
1592 544 1729 578 minor
1756 546 1831 578 tua

195 614 235 644 25
256 605 386 642 quam
415 606 509 631 mea
536 594 685 631 futura
713 598 779 631 est
809 594 955 641 gloria,
983 596 1056 644 qui
1087 608 1171 632 11011
1200 596 1341 632 minus
1372 596 1458 632 tuis
1489 609 1618 644 quam
1651 597 1831 645 propriis

255 649 384 684 armis
405 653 535 697 atque
557 649 652 686 telis
674 654 845 687 strenue
869 662 1021 699 pugno,
1039 662 1172 698 coque
1193 650 1422 687 audentius
1440 651 1479 687 111
1503 651 1614 687 1111110
1632 663 1829 700 campum

255 702 440 752 prosili0‚
475 703 723 753 videbisque
759 706 950 754 proxime
986 705 1265 754 prodeuntem
1307 705 1595 754 imperterrita
1632 705 1832 742 libertate

256 770 416 795 nouum
434 759 477 796 in
494 771 613 795 arma
630 758 822 796 militem.
884 759 1002 796 Tunc
1018 764 1064 797 tu
1081 759 1247 805 ridebis,
1263 761 1368 801 scio:
1400 759 1471 797 alii
1489 760 1831 798 admirabuntur.

255 811 481 862 Sophistae
503 813 743 863 crepabunt
765 814 950 851 medium
970 829 976 859 ;
1007 827 1083 863 ego
1106 815 1269 852 interea
1290 820 1367 852 aut
1390 816 1528 852 vicero
1546 819 1622 852 aut
1643 827 1829 852 euasero.

195 889 236 918 30
256 867 358 905 Vale
379 872 422 905 et
444 867 543 905 boni
565 868 747 906 consule.

310 922 375 959 Ex
398 922 560 968 Bonna,
587 934 634 970 13
656 923 864 961 Nouemb.
887 923 1010 961 Anno
1035 934 1150 971 1532.

632 1162 761 1200 2738.
827 1160 964 1200 FROM
989 1161 1146 1201 ENNIO
1170 1160 1454 1201 FILONARDI.

304 1249 465 1294 Leipzig
483 1249 566 1283 MS.
1480 1251 1671 1284 Lucerne.

303 1299 388 1332 EE.
414 1300 494 1332 181.
1359 1311 1400 1343 13
1421 1301 1652 1334 November
1675 1310 1779 1343 1532.

299 1365 373 1403 [An
395 1365 547 1406 original
571 1366 692 1399 letter.
713 1367 859 1396 written
884 1366 932 1406 by
954 1377 976 1397 a
998 1371 1194 1408 secretary,
1213 1367 1340 1405 signed
1364 1368 1413 1407 by
1434 1367 1632 1402 Filonardi,
1650 1367 1732 1397 who
1754 1367 1830 1397 also

254 1409 377 1439 writes
395 1410 458 1439 the
475 1410 554 1440 first
569 1410 639 1440 five
657 1410 776 1440 words
792 1410 866 1440 and
884 1411 1010 1441 makes
1027 1421 1095 1441 one
1112 1413 1326 1442 correction.
1375 1412 1492 1442 There
1510 1413 1539 1441 is
1556 1422 1577 1441 a
1594 1421 1687 1451 copy
1702 1412 1739 1441 of
1756 1411 1831 1441 this

253 1453 375 1488 letter,
394 1453 500 1483 made
518 1453 566 1493 by
586 1454 817 1494 Hottinger‘s
835 1458 1019 1495 secretary
1036 1460 1075 1485 at
1094 1455 1236 1489 Zuricli,
1256 1456 1327 1485 MS.
1351 1456 1387 1485 F.
1408 1465 1459 1494 52.
1484 1456 1571 1493 120.]

311 1512 597 1550 REVERENDE
625 1513 795 1550 domine
821 1518 863 1551 et
889 1518 1011 1564 pater
1036 1514 1435 1552 obseruandissime.
1496 1514 1537 1552 Si
1567 1515 1759 1564 protraxi
1786 1527 1829 1551 re

255 1567 346 1616 ipsa
377 1567 588 1617 complere
621 1581 729 1617 quae
762 1569 911 1606 (liebus
946 1571 1189 1618 praeteritis
1221 1570 1272 1607 R.
1308 1570 1356 1608 D.
1391 1570 1437 1607 V.
1471 1569 1686 1619 pollicitus
1721 1582 1828 1615 sum,

254 1621 414 1659 scilicet
447 1635 513 1660 me
546 1635 719 1672 operam
755 1623 942 1672 aliquam
976 1624 1179 1661 daturum
1214 1625 1329 1673 quod
1362 1623 1400 1662 S.
1437 1625 1486 1662 D.
1522 1624 1572 1662 N.
1606 1625 1829 1674 comprimi

254 1677 480 1714 mandaret
501 1678 740 1715 inuectores
761 1678 854 1715 illos
876 1678 1116 1723 Luthetiae‚
1135 1684 1177 1716 et
1195 1679 1245 1716 de
1269 1680 1348 1716 hiis
1365 1680 1407 1716 in
1430 1679 1541 1716 1111110
1563 1692 1695 1728 vsque
1717 1679 1828 1716 diem

216 1752 234 1781 5
255 1744 505 1781 responsum
527 1745 612 1774 non
636 1732 854 1770 habuerit:
888 1733 1007 1770 nulla
1024 1739 1249 1783 propterea
1268 1734 1393 1771 debet
1416 1734 1700 1771 admiratione
1717 1733 1828 1778 duci,

254 1786 385 1824 immo
401 1787 480 1824 sibi
501 1800 578 1837 pro
595 1792 711 1825 certo
732 1788 986 1837 persuadere
1008 1801 1073 1826 me
1091 1789 1262 1826 honoris
1279 1790 1344 1826 sui
1361 1802 1444 1826 non
1467 1801 1586 1826 secus
1604 1802 1651 1826 ac
1669 1789 1829 1838 proprii

254 1841 495 1879 studiosum
527 1854 692 1891 semper
723 1844 916 1880 extitisse
947 1847 991 1880 et
1020 1843 1121 1881 fore.
1182 1843 1262 1881 Sed
1294 1856 1389 1881 011111
1422 1844 1486 1881 1113
1516 1843 1666 1881 diebus
1698 1856 1828 1893 nepos

255 1908 384 1942 meus,
408 1897 480 1945 qui
503 1891 568 1934 res
590 1910 705 1934 meas
726 1898 826 1946 agit.
851 1898 905 1935 ad
928 1898 1084 1935 Vrbem
1107 1898 1290 1942 redierit,
1313 1899 1560 1948 procurauit
1585 1898 1828 1936 litterarum

255 1952 570 2000 responsionem
585 1965 691 2001 quas
705 1952 759 1989 ad
774 1951 812 1990 S.
829 1952 879 1990 D.
896 1952 947 1990 N.
963 1954 1389 2003 scripseram,contra
1403 1967 1498 1991 eum
1514 1954 1586 2002 qui
1601 1953 1828 1990 Luthetiae

197 2026 235 2047 10
255 2005 492 2044 maledictis
514 2010 556 2044 te
578 2006 826 2045 lacessebat.
887 2007 1100 2045 Rescribit
1119 2009 1232 2045 enim
1251 2008 1288 2045 S.
1308 2008 1536 2053 Sanctitas,
1559 2008 1828 2045 admonuisse

253 2060 436 2098 eundem
462 2061 799 2099 obtrectatorem
830 2066 952 2099 tuum
976 2062 1030 2099 ab
1052 2063 1214 2100 iniuriis
1242 2063 1469 2107 abstinere,
1493 2063 1619 2112 idque
1650 2063 1828 2112 benigno

254 2115 397 2152 animo
412 2115 524 2161 fecit,
539 2121 581 2153 01
595 2117 683 2153 01113
697 2121 761 2154 031
777 2118 909 2154 animi
923 2120 972 2154 vt
986 2122 1028 2154 te
1046 2117 1277 2154 humaniss.
1294 2122 1468 2163 tractet,
1484 2117 1828 2167 quandocunque

254 2171 476 2219 contingat
498 2171 683 2208 virtutes
705 2175 803 2208 tuas
825 2174 925 2219 (ex)
947 2173 1110 2210 meritis
1131 2172 1440 2210 commendare.

309 2223 426 2270 Quae
453 2225 504 2262 de
531 2225 748 2263 Aleandro
776 2227 994 2276 scripsisti,
1017 2239 1111 2264 cum
1141 2227 1285 2276 aliquo
1314 2227 1476 2264 Romae
1505 2230 1669 2277 agente,
1693 2227 1726 2264 si
1748 2227 1827 2264 tibi

196 2299 234 2328 15
254 2279 496 2316 consultum
538 2280 749 2326 Videatur,
791 2283 1104 2319 communicare
1144 2283 1342 2331 cogitaui,
1383 2286 1443 2327 vt,
1485 2295 1580 2319 cum
1622 2281 1827 2319 offeratur

254 2335 431 2379 occasio,
455 2333 524 2371 ille
552 2336 686 2384 possit
707 2336 854 2373 eadem
885 2349 1052 2374 summo
1080 2336 1271 2386 pontifici
1292 2341 1369 2374 aut
1391 2337 1516 2374 alicui
1537 2349 1588 2374 ex
1612 2336 1824 2374 Reueren-

254 2388 439 2425 dissimis
457 2389 506 2427 D.
525 2388 823 2428 Cardinalibus
845 2404 1049 2435 reserare;
1082 2391 1125 2428 id
1146 2395 1290 2428 tamen
1313 2396 1355 2428 te
1377 2391 1669 2439 11100<11>311110
1690 2391 1826 2428 facere

255 2442 384 2480 nolui.
446 2444 628 2481 Proinde
645 2458 752 2493 quae
775 2446 838 2482 vis
856 2459 880 2483 a
897 2459 962 2483 me
984 2445 1073 2483 fieri
1095 2446 1137 2482 in
1160 2445 1238 2483 hac
1260 2459 1302 2483 re
1317 2446 1487 2483 scribas.
1548 2446 1637 2495 Ego
1660 2445 1825 2483 nullum

254 2498 379 2535 amici
396 2498 580 2536 officium
602 2501 919 2548 pretermittam
941 2500 1056 2550 quod
1074 2501 1152 2538 tibi
1174 2500 1371 2550 prodesse
1392 2502 1539 2550 possit.
1601 2501 1657 2538 Et
1673 2502 1706 2537 si
1724 2500 1826 2549 quid

194 2571 235 2591 20
254 2557 475 2601 praeterea
496 2554 552 2591 sit
574 2555 615 2590 in
638 2554 846 2592 facultate
868 2568 974 2600 mea,
997 2555 1111 2604 quod
1134 2555 1213 2592 tibi
1235 2555 1338 2593 velis
1360 2556 1584 2605 impartiri,
1608 2555 1709 2593 mihi
1731 2567 1824 2604 pro-

254 2606 367 2644 fecto
387 2608 553 2656 gratiss.
577 2609 658 2645 erit
679 2610 720 2646 in
742 2622 791 2646 eo
813 2610 892 2646 tibi
914 2623 1036 2659 posse
1060 2610 1301 2659 gratificari,
1325 2623 1420 2647 cum
1444 2611 1485 2647 in
1510 2611 1601 2647 istis
1628 2610 1825 2660 partibus

254 2661 434 2699 habeam
462 2663 673 2700 neminem
696 2664 762 2701 cui
791 2665 923 2714 magis
951 2664 1125 2713 obsequi
1147 2669 1191 2702 et
1211 2665 1410 2714 prodesse
1439 2666 1620 2714 cupiam.
1680 2665 1736 2702 Et
1758 2677 1824 2701 me

297 2749 393 2780 2737.
423 2759 472 2786 19.
497 2750 726 2782 destitutura
756 2752 901 2783 Jortin:
934 2753 1117 2783 destituta
1134 2765 1165 2783 α.
1301 2763 1353 2792 31.
1382 2762 1461 2792 1531
1497 2765 1536 2783 a:
1570 2763 1655 2784 corr.
1688 2753 1823 2783 Jortin.

254 2793 350 2824 2738.
380 2802 430 2833 14.
457 2794 635 2834 scripsisti
652 2806 692 2826 ez:
709 2797 837 2836 scripsi
855 2807 941 2827 corr.
960 2797 1162 2828 Filonardi.

299 2914 394 2944 2738.
421 2923 451 2953 7.
478 2915 607 2955 nepos]
631 2915 707 2945 EE.
729 2916 911 2948 identifies
928 2917 1004 2948 him
1071 2917 1205 2948 ceeded
1222 2918 1278 2948 his
1296 2917 1401 2948 uncle
1419 2918 1455 2948 in
1473 2919 1536 2949 the
1553 2928 1612 2948 see
1629 2918 1667 2948 of
1690 2917 1821 2948 Veroli.

254 2958 343 2989 with
380 2959 543 2990 Antonio
578 2959 774 2996 Filonardi,
807 2961 888 2991 who
924 2971 1003 2991 suc-
