1966 3379
235 115 312 151 222
665 110 923 149 LETTERS
954 110 1025 149 or
1055 109 1324 149 ERASMUS
1685 114 1810 160 [1533

233 218 388 267 quibus
420 217 597 254 liberum
625 220 690 253 est
720 215 868 253 lectori
899 228 1024 265 quem
1056 215 1159 253 velit
1189 216 1319 265 sequi.
1381 215 1473 253 Illic
1498 228 1592 253 eam
1620 227 1810 266 propono

233 285 342 322 quae
364 272 465 309 mihi
488 271 658 308 videtur
679 271 864 308 maxime
885 283 1113 320 congruere
1135 271 1275 307 sensui
1297 270 1545 320 apostolico.

290 328 380 365 Iam
414 331 461 364 vt
492 326 600 363 male
631 330 847 363 merentur
877 325 928 362 de
960 326 1180 375 scripturis
1211 326 1284 374 qui
1314 325 1538 362 lectionem
1567 338 1811 374 germanam

234 383 478 427 immutant,
511 382 572 418 ita
602 393 686 417 non
718 380 822 417 bene
858 384 1072 417 merentur
1102 381 1175 429 qui
1209 393 1302 417 earn
1338 380 1391 417 ad
1425 393 1594 417 sensum
1627 380 1812 418 alienum

173 453 214 484 45
234 437 504 486 detorquent.
555 436 613 472 At
635 440 866 484 vtrumque
887 435 1049 472 factum
1073 447 1097 472 a
1120 434 1336 472 veteribus
1358 435 1524 484 aliquot
1546 435 1647 472 locis
1669 435 1810 472 docui-

234 505 340 537 mus,
373 493 460 529 siue
491 491 544 528 ad
576 490 802 527 vitandum
834 490 1055 539 imperitae
1087 489 1377 527 multitudinis
1412 489 1659 527 scandalum
1698 493 1811 537 (nam

233 547 333 584 olim
375 548 585 596 scriptura
628 544 753 594 vulgo
793 545 1029 582 communis
1068 549 1177 591 crat)
1219 545 1307 581 siue
1347 544 1552 582 aduersus
1592 545 1810 582 hereticos.

236 601 416 639 Proinde
445 600 545 638 mihi
574 600 811 648 vide[n]tur
843 600 945 637 bene
976 600 1125 636 mereri
1157 599 1207 636 de
1238 600 1367 636 sacris
1398 599 1552 636 litteris
1580 600 1651 648 qui
1683 601 1725 636 in
1755 600 1813 636 eis

234 669 455 706 synceram
475 655 696 692 lectionem
720 655 922 699 restituit,
941 659 1017 691 aut
1033 655 1103 703 qui
1123 658 1460 691 commonstrato
1481 667 1605 692 sensu
1623 654 1813 692 violento

174 727 214 756 50
235 724 382 749 verum
410 723 458 747 ac
489 722 737 760 germanum
763 709 934 746 indicat.
997 708 1119 755 Quod
1148 710 1180 745 si
1208 708 1272 746 fas
1302 722 1385 746 non
1413 714 1477 746 est
1506 709 1690 758 aliquem
1716 710 1812 746 scri-

234 771 386 816 pturae
419 765 718 809 locumfisecius
747 764 1017 814 interpretari
1044 776 1172 813 quam
1207 768 1371 801 veteres
1401 765 1671 813 interpretati
1700 769 1812 810 sunt,

233 821 482 871 praesertim
499 833 630 869 quum
649 823 843 870 pugnant
858 819 1064 856 aduersus
1086 819 1332 863 haereticos
1350 820 1535 869 primum
1552 820 1630 869 ipsi
1648 823 1813 856 veteres

234 888 316 913 non
348 888 513 925 semper
544 876 653 912 inter
684 888 726 912 se
757 875 1043 918 consentiunt,
1073 873 1223 911 deinde
1254 878 1425 911 constat
1457 886 1603 911 sensus
1634 874 1812 923 aliquot,

234 943 388 980 eosque
420 943 503 968 non
535 942 704 979 paucos,
736 929 861 979 plane
892 929 1070 966 reiectos
1100 942 1125 966 a
1156 928 1379 978 Theologis
1410 928 1674 966 scholasticis
1708 941 1814 978 quos

175 1000 214 1031 55
234 985 496 1030 Ambrosius,
520 985 809 1034 Hieronymus
836 988 879 1021 et
907 983 1173 1033 Augustinus
1200 988 1249 1021 vt
1274 984 1365 1033 pios
1393 988 1436 1021 et
1462 983 1694 1021 credendos
1719 996 1812 1034 pro-

234 1044 480 1091 posuerunt.

290 1095 457 1133 Horum
474 1094 701 1132 nonnullos
718 1095 919 1143 quoniam
942 1094 1026 1130 suis
1044 1093 1326 1130 iudicauimus
1343 1093 1444 1131 locis
1461 1106 1544 1131 non
1562 1097 1627 1131 est
1645 1106 1812 1131 necesse

234 1163 304 1188 eos
327 1151 392 1188 hic
415 1154 617 1200 repetere.
677 1148 799 1187 Certe
821 1161 929 1186 vnus
956 1148 1026 1185 ille
1051 1161 1143 1185 mea
1171 1149 1385 1185 sententia
1413 1153 1477 1185 est
1504 1148 1814 1194 inexcusabilis,

235 1205 350 1255 quod
380 1205 645 1254 Augustinus
681 1217 776 1241 cum
813 1203 905 1240 aliis
936 1203 1068 1241 verba
1101 1203 1274 1240 Ioannis
1307 1203 1420 1241 ‘Nisi
1452 1203 1815 1241 manducaueritis

173 1270 216 1298 60
236 1273 403 1298 carnem
437 1260 511 1297 filii
552 1259 745 1304 hominis,
782 1259 877 1296 etc)
915 1259 972 1295 sic
1006 1259 1314 1307 interpretatur
1346 1263 1393 1295 vt
1428 1258 1543 1295 dicat
1578 1258 1816 1296 infantibus

235 1315 340 1353 nihil
361 1314 560 1365 prodesse
579 1314 792 1364 baptisma
812 1314 890 1350 nisi
909 1313 1122 1363 accipiant
1137 1326 1290 1363 corpus
1307 1318 1350 1351 et
1371 1314 1620 1362 sanguinem
1643 1313 1815 1359 domini,

236 1383 312 1408 nec
334 1374 433 1408 ante
455 1369 717 1407 Christianos
746 1368 878 1406 solere
905 1367 1142 1406 exosculari
1164 1368 1380 1406 infantum
1402 1381 1566 1413 manus,
1589 1369 1710 1417 quasi
1731 1381 1815 1405 non

235 1429 509 1474 agnoscerent
528 1424 621 1462 illos
638 1437 714 1474 pro
730 1423 930 1461 membris
947 1422 1146 1461 ecclesiae
1162 1423 1241 1460 nisi
1256 1427 1353 1473 post
1369 1423 1544 1461 alterius
1559 1424 1815 1461 sacramenti

235 1481 536 1530 sumptionem.

174 1544 216 1581 65
291 1535 493 1585 Superest
514 1535 642 1584 igitur
663 1533 911 1571 scandalum
934 1534 1001 1571 cui
1026 1533 1164 1571 fateor
1191 1532 1384 1570 nonnihil
1411 1546 1501 1571 esse
1527 1533 1815 1578 tribuendum,

236 1590 308 1628 sed
339 1602 426 1627 non
457 1590 500 1626 in
533 1593 705 1626 tantum
738 1593 786 1626 vt
819 1589 992 1626 omnino
1024 1587 1199 1625 sileatur
1231 1589 1400 1625 veritas.
1462 1588 1558 1625 Non
1591 1588 1816 1637 ignorabat

237 1645 526 1694 Hieronymus
566 1656 723 1682 nouam
765 1644 920 1681 veteris
960 1643 1210 1680 testamenti
1250 1643 1488 1680 versionem
1528 1644 1816 1680 excitaturam

236 1699 463 1745 tumultus⁷
489 1712 563 1736 nec
592 1712 640 1736 ea
668 1711 733 1736 res
761 1699 899 1736 virum
931 1699 1247 1735 sanctissimum
1278 1697 1332 1735 ab
1362 1698 1564 1735 instituto
1592 1697 1814 1735 deterruit.

236 1755 361 1793 Nunc
383 1767 496 1800 vero,
515 1754 717 1803 quoniam
740 1753 813 1791 hec
836 1757 1000 1791 semoto
1023 1753 1181 1802 populo
1204 1753 1314 1790 inter
1336 1753 1486 1790 doctos
1507 1757 1707 1802 aguntur,
1730 1765 1816 1790 non

176 1826 218 1857 70
236 1814 301 1848 est
323 1809 497 1860 perinde
518 1808 704 1846 multum
726 1808 914 1858 periculi.
970 1808 1034 1846 Et‘
1048 1808 1081 1845 si
1103 1808 1218 1857 quod
1240 1807 1489 1845 scandalum
1510 1808 1713 1853 nascitur,
1736 1807 1817 1845 illis

237 1866 381 1915 potius
398 1863 701 1914 imputandum
716 1864 789 1913 qui
806 1876 938 1912 quum
957 1876 1044 1900 rem
1062 1875 1148 1900 non
1164 1862 1461 1912 expenderint,
1476 1862 1592 1912 apud
1610 1862 1816 1912 populum

238 1920 483 1970 imperitum
499 1919 764 1968 quiritantur
779 1923 785 1936 ‘
798 1918 863 1955 En
877 1922 1052 1955 exortus
1066 1922 1131 1955 est
1146 1918 1219 1967 qui
1233 1918 1416 1967 corrigat
1432 1917 1681 1967 Magnifacit
1694 1918 1715 1962 ',
1733 1917 1817 1954 ‘En

238 1976 310 2024 qui
332 1975 503 2024 corrigit
526 1973 807 2023 Euangelium
830 1973 1016 2018 Ioannis,
1035 1972 1175 2022 legens
1197 1972 1249 2009 In
1270 1973 1477 2022 principio
1498 1976 1589 2009 erat
1612 1985 1750 2009 sermo
1766 1972 1786 2009 ’.

294 2029 382 2067 Hec
413 2029 572 2079 scripsi,
602 2029 666 2065 vir
693 2029 866 2077 egregie,
895 2041 981 2065 non
1012 2031 1060 2065 vt
1089 2027 1233 2076 aliquo
1263 2031 1391 2077 pacto
1423 2027 1700 2064 sanctissimis
1731 2028 1817 2064 tuis

178 2101 217 2132 75
238 2084 484 2134 obstrepam
530 2083 758 2128 laboribus,
800 2082 873 2120 sed
916 2087 964 2120 vt
1009 2082 1210 2120 adiuuem
1253 2083 1408 2132 potius.
1468 2082 1659 2119 Adiuuat
1706 2082 1817 2119 enim

238 2139 538 2189 quadantenus
565 2145 609 2176 et
637 2139 709 2187 qui
736 2142 895 2183 monet,
924 2138 1046 2174 iuxta
1073 2137 1217 2174 Plauti
1243 2137 1514 2174 sententiam.
1575 2137 1704 2174 Porro
1733 2149 1817 2186 quo

239 2194 500 2232 moderatius
521 2194 648 2230 istam
676 2193 828 2230 obieris
858 2192 1134 2242 prouinciam,
1158 2191 1236 2229 hoc
1261 2196 1305 2229 et
1325 2191 1421 2241 plus
1445 2191 1612 2229 fructus
1636 2191 1817 2229 tulerint

238 2249 467 2293 auditores,
489 2252 533 2286 et
561 2252 608 2285 tu
638 2247 733 2298 plus
760 2248 922 2297 gratiae
950 2247 1168 2297 paraueris
1197 2247 1276 2284 tibi
1303 2251 1396 2284 tum
1425 2246 1540 2296 apud
1569 2246 1694 2284 deum
1723 2251 1817 2284 tum

239 2303 355 2353 apud
376 2303 580 2341 homines.
624 2301 835 2352 Spectasti
852 2301 1122 2352 quorundam
1140 2301 1354 2339 tumultus
1372 2314 1456 2339 non
1473 2301 1648 2347 sobrios,
1667 2313 1815 2350 quam-

179 2367 221 2397 80
239 2371 321 2408 que
340 2357 445 2395 nihil
467 2358 563 2395 inde
584 2357 750 2395 fructus
771 2358 1016 2407 prouenerit
1036 2356 1167 2394 vides.

295 2413 424 2450 Mitto
449 2412 638 2450 libellum
664 2425 789 2461 quem
814 2413 988 2450 vnicum
1013 2411 1236 2455 habebam,
1260 2411 1375 2460 quod
1403 2424 1500 2448 eum
1526 2411 1715 2461 suspicor
1740 2410 1817 2448 abs

240 2472 283 2505 te
299 2468 435 2505 visum
453 2480 537 2505 non
553 2480 654 2504 esse.
702 2467 796 2504 Erit
809 2471 910 2504 tuae
924 2466 1208 2504 humanitatis
1224 2466 1333 2503 hanc
1347 2479 1485 2503 meam
1503 2465 1817 2503 solicitudinem

241 2523 341 2560 boni
362 2522 578 2560 consulere
599 2522 652 2559 ab
674 2522 817 2559 animo
838 2534 1014 2571 syncero
1034 2521 1383 2571 proficiscentem.
1444 2520 1556 2558 Bene
1578 2520 1686 2558 vale.

295 2577 458 2615 Datum
479 2576 674 2626 Friburgi
696 2577 750 2614 xi.
775 2576 852 2614 die.
877 2576 978 2614 Maii
1001 2587 1117 2624 1533.

890 2657 942 2688 57.
968 2648 1065 2678 locos
1081 2647 1164 2678 MS.

286 2744 338 2774 59.
364 2735 529 2773 Ioannis]
547 2738 578 2766 6.
599 2745 651 2774 53.
1107 2736 1160 2766 81.
1187 2735 1365 2773 libellum]
1398 2735 1596 2774 Responsio
1632 2735 1679 2765 ad
1712 2735 1816 2765 colla-

286 2789 337 2819 72.
364 2779 594 2819 Magnifacit]
612 2780 676 2810 See
698 2779 886 2810 Erasmus'
906 2783 994 2810 note
1062 2780 1175 2810 tiones
1193 2779 1384 2810 cuiusdam
1401 2779 1502 2819 Opus
1521 2789 1648 2815 recens,
1670 2788 1729 2809 see
1746 2778 1816 2818 Ep.

241 2827 281 2854 to
299 2824 402 2854 Luke
421 2833 449 2853 1.
468 2825 521 2862 46.
1063 2824 1159 2862 2805.
1181 2833 1257 2863 15n.

287 2876 339 2907 77.
365 2867 504 2905 Plauti]
523 2866 625 2898 Cure.
644 2869 719 2908 460.
