1966 3379
207 114 284 151 332
634 112 892 152 LETTERS
922 112 993 151 OF
1024 111 1290 151 ERASMUS
1655 114 1778 160 [1533

206 222 447 268 patronum.
499 217 590 263 Quo
612 219 780 255 nomine
802 219 911 255 sieut
933 217 1001 254 ille
1024 217 1102 254 tibi
1124 217 1251 253 debet
1278 216 1523 265 plurimum,
1547 217 1606 252 ita
1626 220 1670 253 et
1691 216 1778 265 ipse

206 273 365 321 gratias
400 285 490 321 ago.
542 272 652 309 Nam
689 285 806 309 meae
842 272 1039 309 fortunae
1076 271 1182 308 tales
1213 276 1325 315 sunt,
1359 275 1407 307 vt
1439 270 1540 307 mihi
1572 271 1705 319 magis
1736 271 1776 307 in

208 332 409 376 promptu
433 328 488 364 sit
513 328 824 364 communicare
854 327 1019 363 litteras
1041 338 1168 374 quani
1196 325 1380 369 diuitias,
1411 329 1488 361 aut
1516 325 1615 361 dare
1644 337 1776 362 sacer-

149 397 188 418 1ο
207 381 338 418 dotia.
391 380 520 431 Spero
545 386 689 419 autem
718 382 805 418 fore
828 386 876 417 vt
902 381 1018 417 illum
1049 380 1250 428 temporis
1275 379 1390 428 apud
1417 392 1483 416 me
1509 379 1669 428 peracti
1695 392 1778 416 non

208 437 437 485 poeniteat.
489 436 597 472 Nam
631 441 798 484 praeter
828 435 1078 471 eruditionis
1109 434 1295 470 fructum
1327 446 1452 482 quein
1481 446 1530 469 ex
1561 446 1653 470 mea
1682 446 1776 470 eon-

208 490 433 527 suetudine
468 491 609 539 coepit
645 490 758 527 haud
792 489 1112 539 poenitendum,
1146 489 1267 525 nouit
1301 492 1377 525 tua
1411 487 1639 536 prudentia
1671 492 1778 536 quot

208 544 414 581 illecebris
436 546 636 581 iuuentus
661 558 737 581 suo
762 544 909 581 relicta
934 544 1111 580 arbitrio
1139 543 1393 579 sollicitetur
1420 542 1473 579 ad
1500 541 1776 591 corruptelas.

208 599 383 636 Poterat
405 599 505 636 alibi
532 598 721 636 nonnihil
751 598 966 635 attrahere
995 598 1179 644 contagii
1207 610 1229 633 a
1257 602 1468 634 sectarum
1498 596 1776 633 amatoribus.

150 669 187 698 15
207 653 333 702 Apud
362 666 428 690 me
457 666 555 690 vero
583 654 749 690 etiamsi
775 653 875 701 quid
905 653 1167 693 attraxisset,
1195 652 1365 700 purgari
1395 652 1550 700 potuit.
1593 650 1700 687 Tum
1730 664 1778 687 ea

206 712 270 744 est
293 708 407 745 vitae
440 712 610 745 nostrae
640 708 762 752 ratio,
787 712 834 744 vt
861 707 1023 743 nullum
1054 707 1109 743 sit
1137 707 1275 742 ocium
1302 705 1514 742 seruiendi
1546 705 1776 754 voluptati-

208 762 286 799 bus
313 763 479 799 etiamsi
503 764 596 811 quis
621 766 812 811 appetat.
864 761 989 798 Hune
1019 774 1094 807 ego
1122 761 1306 797 fructum
1334 760 1520 797 arbitror
1549 761 1590 796 in
1616 761 1779 797 ratione

206 817 491 866 praemiorum
536 816 870 865 haudquaquam
916 820 1179 865 postremum
1230 816 1379 852 mereri
1428 814 1653 851 caleulum.
1714 814 1779 850 Sic

206 876 350 908 autem
374 872 550 908 meritus
571 876 637 908 est
659 871 710 907 de
733 883 810 916 me,
834 875 881 907 vt
904 883 1018 907 meas
1040 869 1283 907 fortunulas
1300 882 1465 918 semper
1481 870 1536 906 sit
1555 869 1780 906 habiturus

147 942 188 963 20
207 938 464 969 00111111111103,
497 930 539 962 et
566 931 787 975 praeterea
816 925 848 961 si
877 925 977 974 quid
1008 924 1143 961 officio
1171 928 1388 973 praestare
1416 923 1603 961 valuero.
1655 923 1779 960 Nunc

206 992 411 1030 perquam
448 993 568 1029 aegre
605 980 676 1016 illo
711 992 845 1023 careo,
882 981 1027 1027 itaque
1060 978 1334 1015 vehementer
1368 982 1541 1027 gratum
1572 978 1714 1022 fuerit,
1747 978 1780 1014 si

207 1047 336 1083 quam
362 1035 547 1084 primum
575 1034 629 1071 ad
659 1047 735 1071 nos
766 1038 968 1071 recurrat.
1011 1033 1067 1071 Te
1097 1045 1198 1070 vero
1230 1046 1484 1082 magnopere
1519 1045 1632 1081 rogo,
1662 1037 1710 1069 vt
1738 1033 1779 1068 in

206 1089 278 1126 illo
306 1089 492 1126 fouendo
524 1089 588 1126 tui
615 1088 762 1125 similis
792 1101 880 1125 esse
911 1100 1071 1137 pergas.
1122 1087 1253 1124 Crede
1285 1087 1387 1124 mihi
1419 1092 1531 1124 reete
1562 1086 1781 1124 collocaris

207 1143 513 1193 benignitatem
536 1144 675 1187 istam,
698 1144 865 1180 etiamsi
883 1143 959 1180 tibi
978 1143 1178 1191 sanguine
1196 1143 1366 1179 iunctus
1381 1155 1465 1179 non
1483 1146 1605 1179 esset.
1657 1140 1779 1186 Quod

145 1213 185 1242 25
206 1199 239 1235 si
268 1198 492 1236 Erasmum
525 1199 566 1235 in
602 1203 775 1235 tuorum
808 1210 1031 1234 numerum
1063 1197 1271 1234 ascribere
1303 1197 1556 1246 dignaberis,
1587 1208 1665 1245 pro
1695 1208 1781 1233 vno

204 1252 357 1290 cliente
378 1253 484 1290 duos
505 1266 548 1290 es
571 1252 808 1289 habiturus.

261 1307 374 1344 Bene
400 1307 545 1345 valeat
567 1307 612 1344 T.
640 1307 689 1344 R.
714 1306 761 1344 A.
786 1306 979 1356 Friburgi
1011 1317 1067 1343 xi.
1092 1307 1159 1343 uie
1182 1305 1428 1343 Decembris
1456 1305 1582 1342 Anno
1608 1305 1780 1342 Domini

205 1372 462 1400 M.D.XXX111.

590 1487 719 1524 2890.
784 1484 851 1523 To
886 1483 1092 1523 FRANCIS
1126 1483 1397 1523 BONVALOT.

256 1574 464 1619 Epistolae
486 1574 708 1607 Vniuersae
726 1585 764 1618 p.
791 1585 803 1606 1
816 1584 827 1606 1
841 1584 895 1607 12.
1413 1573 1619 1616 Freiburg.

256 1624 381 1657 Lond.
403 1623 525 1656 xxvii.
546 1632 614 1667 47:
646 1624 725 1656 LB.
751 1626 854 1667 1264.
1319 1633 1357 1656 11
1382 1623 1603 1656 December
1626 1632 1730 1665 1533.

331 1716 531 1744 ERASMVS
553 1716 649 1743 ROT.
676 1716 918 1743 FRANCISCO
941 1717 1204 1743 BONVALOTO
1227 1716 1536 1743 THESAVRARIO
1559 1716 1590 1743 S.
1615 1716 1655 1742 D.

262 1777 354 1815 PRO
385 1781 461 1814 tuo
491 1778 533 1813 in
565 1789 631 1813 me
663 1776 818 1819 studio,
851 1778 915 1814 vir
946 1776 1190 1821 clarissime,
1223 1778 1307 1814 iam
1339 1789 1425 1813 non
1456 1788 1570 1814 nouo
1599 1777 1781 1825 gratiam

206 1831 366 1869 habeo:
399 1831 471 1868 sed
494 1831 599 1868 nihil
621 1831 760 1868 adhuc
782 1831 899 1868 aliud
920 1836 1092 1880 possum
1119 1844 1248 1880 quam
1274 1831 1442 1868 habere.
1496 1831 1547 1869 R.
1572 1831 1622 1868 D.
1646 1830 1780 1868 Lodo-

207 1887 326 1924 uicus
362 1899 387 1923 a
422 1885 537 1930 Vers,
573 1885 719 1922 Abbas
755 1887 913 1923 montis
948 1885 986 1923 S.
1030 1886 1189 1923 Mariae
1229 1890 1272 1923 et
1313 1885 1560 1931 Charitatis,
1597 1885 1783 1923 eontulit

206 1940 401 1978 Gilberto
439 1939 645 1986 Cognato,
682 1941 997 1989 consanguineo
1032 1953 1119 1984 suo,
1156 1953 1250 1978 meo
1285 1940 1460 1985 famulo,
1497 1940 1781 1977 sacerdotium

168 2016 187 2046 5
207 1995 436 2044 quoddam.
488 1994 579 2040 Qua
602 1995 645 2031 in
667 2007 708 2031 re
732 1996 765 2031 si
787 1995 969 2032 forsitan
991 2008 1098 2044 opus
1126 1995 1255 2032 fuerit
1280 1994 1341 2032 illi
1364 1995 1513 2032 fauore
1541 1998 1628 2040 tuo,
1651 1995 1781 2032 etiam

207 2054 336 2099 atque
367 2050 496 2086 etiam
528 2061 628 2098 rogo
660 2061 712 2086 ne
744 2049 803 2086 illi
834 2049 956 2094 desis,
989 2049 1056 2086 vel
1087 2051 1187 2098 quia
1217 2050 1371 2097 dignus
1402 2056 1467 2087 est
1498 2050 1599 2098 ipse,
1630 2054 1782 2098 vtpote

207 2105 374 2141 iuuenis
409 2103 601 2141 candidis
636 2108 679 2140 et
714 2105 890 2151 integris
926 2104 1127 2149 moribus,
1161 2117 1236 2141 nec
1273 2104 1635 2141 indoctus—mihi
1670 2107 1782 2140 certe

208 2160 291 2196 iam
314 2171 450 2196 annos
475 2158 641 2206 aliquot
662 2158 704 2194 in
727 2158 965 2196 studiorum
993 2158 1213 2196 laboribus
1238 2171 1394 2207 magno
1416 2159 1498 2195 11111
1519 2158 1780 2196 adiumento.

209 2212 346 2258 Quare
368 2213 482 2261 quod
504 2213 547 2249 in
568 2212 686 2249 illum
710 2213 942 2250 contuleris
963 2214 1099 2258 officii,
1123 2214 1165 2250 in
1187 2226 1253 2250 me
1275 2213 1481 2250 collatum
1503 2213 1679 2262 putabo.

151 2288 189 2309 10
263 2267 403 2304 Audio
424 2279 498 2316 per
520 2272 562 2304 te
585 2266 766 2304 conferri
788 2267 991 2316 pleraque
1009 2268 1271 2312 sacerdot-ia3
1303 2272 1347 2305 et
1363 2269 1485 2305 nouit
1501 2272 1578 2305 tua
1599 2267 1780 2317 pruden-

209 2323 270 2359 tia
300 2334 499 2371 magnam
532 2321 743 2370 religionis
770 2320 1036 2359 Christianae
1064 2328 1230 2371 partem
1261 2322 1443 2371 pendere
1472 2335 1496 2359 a
1524 2322 1780 2372 pastoribus.

209 2376 405 2413 Lutetiae
442 2375 578 2412 habeo
613 2376 825 2424 quendam
863 2376 1108 2426 Philippum
1145 2377 1413 2421 Montanum,
1446 2377 1519 2425 qui
1549 2376 1652 2413 mihi
1681 2376 1780 2413 olim

208 2430 291 2468 11111
312 2430 483 2467 adiutor
505 2429 756 2474 studiorum,
780 2430 995 2479 praeclare
1017 2431 1205 2476 doctum,
1231 2432 1362 2468 etiam
1388 2432 1429 2467 in
1452 2443 1496 2468 re
1517 2430 1780 2480 theologiea;

210 2485 282 2522 sed
304 2484 493 2521 moribus
514 2485 800 2521 sanctioribus
817 2489 893 2522 aut
914 2486 1047 2534 magis
1069 2486 1147 2535 piis
1165 2486 1251 2522 vidi
1268 2486 1492 2523 neminem.
1544 2485 1641 2522 Non
1663 2485 1782 2522 deest

151 2559 189 2588 15
209 2539 270 2576 illi
297 2539 484 2583 fortuna,
514 2538 586 2575 sed
615 2544 766 2588 suopte
795 2540 946 2588 spiritu
977 2544 1152 2589 cuperet
1179 2539 1349 2577 Christo
1378 2540 1536 2577 bonum
1565 2544 1780 2589 past-orem

209 2606 344 2643 agere,
367 2594 401 2630 si
422 2597 658 2630 vocaretur.
710 2592 857 2630 Gallus
878 2598 942 2631 est
963 2598 1091 2631 natus
1108 2607 1317 2632 annorum
1335 2594 1431 2644 plus
1448 2595 1587 2631 minus
1603 2595 1782 2643 triginta

209 2648 409 2697 quinque,
441 2648 558 2684 euius
589 2648 622 2684 si
654 2659 813 2684 memor
843 2661 934 2685 esse
964 2649 1217 2697 dignaberis,
1247 2661 1332 2685 non
1361 2648 1465 2685 mihi
1493 2653 1679 2693 tantum,
1709 2648 1781 2686 sed

209 2701 377 2740 Christo
407 2702 536 2739 etiam
572 2702 649 2750 ipsi
682 2714 769 2738 rem
801 2715 1067 2752 summopere
1097 2708 1265 2752 gratam
1296 2703 1490 2740 facturus
1520 2716 1576 2740 03.
1628 2701 1708 2748 Qui
1738 2707 1781 2739 te

210 2761 351 2793 seruet
371 2756 637 2794 incolumem.

150 2831 190 2852 20
264 2811 459 2860 Friburgi
480 2820 539 2847 XI.
563 2810 630 2847 die
652 2809 850 2848 Deeemb.
875 2822 1132 2850 M.D.XXX111.

254 2907 350 2938 2890.
379 2917 428 2937 12.
455 2907 689 2946 Montanum]
748 2909 784 2939 It
838 2909 959 2940 would
1028 2910 1148 2950 spond
1177 2914 1216 2941 to
1245 2911 1319 2941 this
1343 2910 1489 2951 appeal,
1515 2921 1574 2942 see
1599 2911 1668 2951 Ep.
1695 2913 1780 2950 2065

209 2961 348 2991 appear
379 2951 463 2982 that
494 2952 679 2983 Bonvalot
712 2952 775 2983 did
809 2957 874 2984 not
907 2963 959 2983 re·
1029 2954 1165 2985 introd.
