1966 3379
286 156 337 193 22
717 155 976 194 LETTERS
1008 156 1079 194 OF
1110 156 1378 196 ERASMUS
1740 163 1861 210 [1532

284 260 390 297 tiam
413 260 666 309 iniquasque
687 260 924 297 calumnias
947 274 1042 298 cum
1066 274 1130 298 res
1152 262 1243 311 ipsa
1264 266 1308 299 et
1326 263 1499 307 veritas,
1518 267 1610 301 tum
1629 268 1705 302 tua
1726 266 1859 303 excel-

284 314 375 352 lens
403 314 519 352 fama
548 315 771 364 virtusque
801 315 1022 353 refutaret.
1083 316 1162 353 Sed
1192 329 1268 365 ego
1299 316 1400 354 haec
1427 330 1511 354 non
1540 322 1629 355 tam
1660 320 1860 357 monendi

222 377 265 405 60
284 370 348 406 tui
377 382 505 406 causa
534 369 684 419 loquor
716 372 816 416 (non
848 371 959 407 enim
989 376 1036 407 tu
1066 383 1160 419 eges
1189 372 1414 419 monitore)
1444 385 1573 421 quam
1602 374 1860 412 testificandi

283 437 434 461 sensus
455 428 499 461 et
522 425 653 462 animi
676 425 769 462 mei.

337 478 715 528 Oecolampadium
733 480 974 516 extinctum
993 481 1159 517 vtinam
1179 492 1345 529 possem
1368 480 1509 519 dolere
1527 483 1729 520 iure—sic
1747 485 1858 521 enim

282 533 431 571 literae
459 538 502 571 ct
530 534 726 571 doctrina
755 534 938 571 hominis
967 534 1230 584 postulabat,
1259 536 1336 573 nisi
1364 537 1579 574 extitisset
1607 537 1675 575 ille
1704 538 1746 575 in
1775 538 1859 576 alio

280 601 430 638 genere
452 589 723 639 perniciosus.
786 588 1005 626 Psalmum
1028 593 1152 626 tuum
1175 590 1299 627 auide
1321 595 1501 639 expecto
1522 604 1703 641 eumque
1726 593 1856 642 perle-

219 652 261 688 05
280 656 376 693 gere
398 644 533 693 cupio.
568 643 860 693 Epistolarum
883 648 1056 681 tuarum
1076 644 1276 682 volumen
1291 645 1422 682 audio
1442 647 1605 691 exiisse,
1642 647 1855 697 Lugduni-

280 710 362 747 que
384 698 553 735 haberi:
585 698 626 735 id
644 711 721 747 ego
738 699 831 735 misi
849 699 922 747 qui
944 699 1048 736 mihi
1069 704 1272 737 emerent.
1316 699 1380 737 Tu
1398 701 1572 746 interea,
1592 702 1649 738 mi
1666 701 1855 747 Erasme,

280 753 314 790 si
330 766 406 791 nos
423 753 572 802 diligis,
591 753 646 790 da
662 765 834 802 operam
854 758 903 790 vt
921 753 1066 791 valeas
1086 759 1129 791 et
1148 759 1363 791 sustentes
1379 760 1565 792 aetatem
1590 757 1714 793 istam
1736 761 1856 795 tuam

280 809 328 845 iis
350 808 505 857 quibus
527 807 634 845 soles
656 808 916 857 optimarum
940 809 1098 846 artium
1122 809 1274 846 studiis
1295 814 1339 846 et
1361 811 1621 848 conscicntia
1643 816 1855 850 rectorum

279 862 563 900 consiliorum.
607 862 696 899 Nos
723 863 797 911 qui
828 867 868 899 te
898 862 1130 912 plurimum
1160 877 1367 909 amamus,
1398 864 1517 903 nullo
1546 878 1731 914 vnquam
1764 866 1856 904 loco

217 932 258 962 70
277 917 490 955 deerimus
511 930 585 954 nec
608 917 747 954 famae
770 930 845 954 nec
869 917 986 954 laudi
1007 930 1082 955 nec
1106 918 1321 956 voluntati
1343 920 1473 956 etiam
1497 924 1608 957 tuae.
1671 921 1787 958 Vale.

331 971 529 1022 Carpent.
555 983 647 1009 VIII.
673 972 775 1009 Idus
798 972 910 1017 Maii,
935 983 1173 1011 M.D.xxxi1.

568 1147 775 1188 2⁶⁴22649.
842 1147 978 1188 FROM
998 1147 1242 1188 BONIFACE
1266 1148 1549 1189 AMERBACH.

325 1228 446 1262 Basle
465 1227 548 1262 MS.
569 1228 611 1262 C.
634 1228 725 1261 VIfl.
748 1236 806 1270 73.
830 1237 863 1269 5.
1561 1229 1737 1311 <gasle>

1515 1288 1556 1320 15
1579 1291 1601 1311 μ
1622 1290 1673 1322 ay
1698 1289 1801 1322 1532.

319 1363 391 1400 [An
409 1361 619 1402 autograph
637 1361 759 1397 letter,
774 1360 903 1401 copied
922 1360 1003 1397 fair,
1019 1361 1088 1392 but
1106 1365 1171 1392 not
1188 1365 1291 1397 sent;
1317 1361 1476 1392 another
1489 1371 1584 1402 copy
1601 1372 1674 1392 was
1693 1363 1853 1404 perhaps

273 1406 492 1447 dispatched
508 1418 514 1436 z
541 1406 645 1436 there
663 1406 693 1436 is
710 1415 758 1436 no
775 1404 956 1443 address.]

327 1465 366 1504 S.
391 1466 436 1504 P.
487 1464 529 1503 Si
546 1477 736 1514 vnquam
754 1464 871 1510 alias,
890 1465 1095 1514 proximis
1112 1465 1198 1502 tuis
1214 1464 1349 1502 literis
1365 1466 1650 1503 certissimum
1669 1465 1851 1504 beneuo-

273 1520 431 1559 lentiae
453 1521 495 1558 in
518 1533 584 1558 me
606 1524 705 1557 tuae
727 1519 1034 1557 documentum
1057 1520 1226 1565 dedisti,
1250 1520 1303 1557 ad
1326 1521 1592 1570 interrogata
1609 1524 1698 1558 tam
1717 1522 1851 1559 amice

272 1575 531 1626 respondens
553 1579 602 1612 vt
622 1587 674 1612 ex
696 1574 889 1612 debitore
910 1575 1087 1612 tandem
1109 1574 1256 1612 feceris
1277 1575 1511 1612 addictum.
1563 1574 1669 1621 Scio,
1693 1577 1849 1613 incom-

273 1630 477 1681 parabilis
499 1630 688 1675 Erasme,
707 1633 920 1679 quantum
939 1630 1017 1667 tibi
1035 1629 1225 1675 debeam,
1244 1642 1319 1667 nec
1338 1643 1483 1667 rursus
1500 1643 1629 1679 quam
1646 1631 1850 1669 soluendo

233 1703 251 1732 5
271 1699 357 1724 non
379 1686 458 1723 sim
480 1686 639 1735 ignoro.
699 1683 741 1722 Si
763 1684 865 1734 quid
888 1685 1033 1722 studio
1054 1688 1098 1722 et
1119 1684 1317 1722 habenda
1341 1685 1493 1733 gratia,
1516 1697 1613 1722 cum
1641 1685 1737 1735 plus
1766 1698 1849 1723 non

272 1742 444 1791 possim,
463 1739 696 1791 proficitur,
718 1739 774 1777 ad
796 1740 969 1777 nomina
994 1739 1259 1789 respondebo
1280 1739 1560 1788 assiduusque
1583 1739 1698 1777 haud
1721 1740 1848 1778 dubie

271 1795 441 1833 debitor
474 1795 648 1833 futurus
688 1807 807 1839 sum;
849 1794 1149 1832 beneficiorum
1185 1795 1296 1832 enim
1333 1798 1606 1844 acceptorum
1644 1796 1849 1833 memoria

270 1851 386 1901 apud
407 1863 473 1888 me
494 1862 714 1899 nunquam
737 1850 1072 1887 intermorietur.

327 1905 546 1955 Respondi
566 1904 743 1942 tandem
766 1904 955 1950 Dolanis,
984 1908 1029 1942 et
1056 1916 1133 1954 pro
1164 1903 1396 1942 honorifica
1427 1903 1671 1942 conditione
1699 1904 1848 1942 oblata

212 1977 251 1998 10
269 1962 431 2011 gratias
466 1961 531 2009 egi
563 1973 694 2009 quam
724 1960 847 2009 potui
878 1959 1184 2010 operosissime.
1244 1958 1403 1996 Causas
1435 1971 1562 2008 porro
1593 1959 1698 1996 alias
1729 1972 1846 2009 prae-

270 2020 415 2054 texere
439 2015 557 2053 nolui
584 2027 714 2064 quam
740 2014 895 2063 quibus
921 2027 1069 2052 reuera
1098 2026 1191 2052 sum
1223 2018 1474 2051 remoratus.
1534 2013 1640 2051 Cum
1672 2027 1846 2051 vxorem

269 2071 324 2108 ad
354 2070 661 2121 profectionem
693 2081 778 2107 non
805 2069 910 2107 satis
936 2070 1185 2114 animatam,
1214 2073 1258 2106 et
1290 2081 1481 2106 socerum
1513 2069 1555 2106 in
1586 2069 1847 2106 dimittenda

268 2125 356 2163 filia
382 2125 552 2163 haerere
583 2129 713 2174 atque
738 2124 845 2162 adeo
873 2125 1067 2162 cunctari
1092 2124 1329 2168 sensissem,
1359 2136 1434 2160 nec
1467 2123 1749 2173 Magistratus
1779 2123 1846 2161 hic

268 2184 381 2218 esset
397 2180 574 2225 facilior,
592 2183 818 2229 pactorum
836 2192 902 2217 me
923 2183 967 2216 et
983 2179 1149 2229 patriae
1165 2178 1412 2223 admonens,
1432 2178 1534 2227 quid
1557 2178 1751 2223 facerem,
1769 2183 1846 2215 aut

210 2250 248 2280 15
268 2235 371 2285 quid
393 2248 500 2285 opus
522 2234 747 2284 pluribus?
806 2234 896 2284 Ego
921 2238 1035 2271 certe
1061 2246 1136 2271 nec
1166 2234 1477 2270 existimationi
1506 2245 1623 2270 meae
1645 2234 1687 2269 in
1709 2234 1846 2282 pactis

267 2290 488 2328 seruandis
506 2289 664 2334 deesse,
682 2301 758 2326 nec
776 2290 908 2326 soceri
925 2289 967 2326 in
985 2288 1114 2326 filiam
1132 2300 1262 2337 quam
1279 2288 1449 2324 vnieam
1467 2287 1597 2325 habet
1613 2287 1845 2325 adfectioni

268 2345 461 2383 resistere
501 2345 714 2394 integrum
753 2347 886 2389 ratus,
929 2342 1254 2381 dubitabundus
1295 2341 1471 2379 tandem
1512 2341 1579 2379 vel
1619 2355 1668 2380 eo
1708 2342 1844 2379 leuius

266 2403 425 2438 memet
457 2399 667 2437 extricaui
702 2398 817 2448 quod
853 2410 1029 2448 scopum
1069 2410 1154 2447 quo
1194 2397 1501 2435 collimandum
1534 2401 1658 2442 esset,
1693 2409 1844 2446 nempe

266 2454 424 2500 aulam,
456 2454 562 2491 nihil
593 2466 747 2492 moror.
807 2452 972 2503 Quippe
1003 2454 1075 2502 qui
1106 2465 1155 2490 eo
1183 2457 1340 2490 natura
1368 2464 1461 2489 sum
1490 2452 1658 2501 ingenio
1683 2456 1731 2489 vt
1760 2452 1842 2501 pri-

205 2524 247 2546 20
266 2513 395 2548 uatus
417 2510 560 2547 viuere
582 2508 741 2553 malim,
763 2512 807 2546 et
828 2508 965 2545 vitam
986 2507 1170 2545 aulicam
1199 2520 1223 2544 a
1252 2507 1408 2544 teneris
1437 2506 1542 2543 nihil
1568 2506 1685 2543 aliud
1713 2519 1842 2555 quam

266 2564 535 2614 splendidam
572 2563 787 2601 miseriam
823 2575 917 2600 sum
954 2563 1288 2612 interpretatus:
1325 2561 1498 2610 alioqui,
1536 2560 1648 2610 quod
1685 2561 1753 2598 vel
1788 2560 1842 2598 ad

265 2619 570 2669 professionem
611 2619 771 2655 attinet
806 2617 874 2655 vel
910 2617 1108 2667 patriam,
1149 2616 1215 2653 hic
1256 2616 1487 2653 adfectioni
1527 2628 1644 2653 meae
1684 2615 1843 2652 mederi

264 2675 514 2724 potuissem,
536 2673 621 2710 illic
643 2672 961 2722 digladiationis
983 2671 1126 2709 odium
1156 2671 1245 2708 siue
1270 2670 1433 2707 tedium
1457 2671 1600 2719 potius
1622 2674 1841 2719 vtcunque

264 2728 549 2773 deuorassem,
583 2728 617 2764 si
648 2726 776 2764 modo
812 2730 982 2764 caetera
1013 2725 1344 2775 respondissent.
1405 2724 1562 2762 Verum
1593 2724 1644 2762 de
1676 2724 1740 2761 his
1766 2724 1839 2762 ali-

203 2796 244 2826 25
264 2783 438 2832 quando
459 2795 601 2824 coram
623 2782 760 2832 plura.

308 2893 405 2924 2648.
431 2894 484 2933 64.
511 2891 713 2930 Psalmum]
751 2891 809 2922 Ps.
852 2891 1014 2926 xxxviii;
1086 2890 1205 2925 Basle,
1233 2889 1335 2930 Sept.
1365 2898 1458 2928 1531,
1484 2888 1558 2919 and
1583 2888 1666 2919 Chr.
1693 2888 1839 2919 VVechel

262 2947 322 2968 see
339 2937 409 2978 Ep.
428 2937 525 2967 2608.
1086 2934 1247 2974 brought
1264 2938 1330 2964 out
1344 2943 1365 2964 a
1379 2933 1523 2973 pirated
1538 2932 1677 2963 edition
1689 2932 1727 2963 of
1738 2932 1840 2963 them

306 2983 360 3020 65.
386 2980 575 3017 volumen]
596 2979 674 3010 The
697 2979 880 3019 Epistolae
901 2978 1014 3009 Flori-
1087 2974 1124 3008 iri
1141 2978 1243 3008 Paris
1261 2978 1296 3008 in
1315 2977 1410 3007 Nov.
1432 2986 1525 3016 1531.

262 3025 326 3056 dae
345 3035 438 3055 were
461 3023 657 3065 published
681 3023 729 3063 by
748 3023 953 3062 Herwagen
975 3026 1014 3052 at
