1966 3379
139 92 260 140 2903]
525 88 596 127 To
627 86 910 127 BONIFACE
941 86 1261 125 AMERBACH
1623 87 1701 125 353

137 198 185 231 vt
227 198 350 231 tuum
392 194 605 242 ingenium
647 192 784 229 habeo
824 194 1093 241 perspectum
1138 190 1320 239 [habeo]‚
1366 203 1449 228 non
1492 190 1701 240 relinques

137 249 333 298 patriam.
389 247 480 285 Tua
502 252 646 284 tamen
670 247 861 283 Minerua
882 246 961 282 tibi
982 249 1175 294 suggeret
1196 245 1297 282 felix
1320 245 1551 282 eonsilium.
1612 246 1701 294 Ego
1720 261 1738 290 5

137 302 341 352 precabor
368 306 428 347 vt,
455 301 656 351 quicquid
681 301 927 344 decreueris,
954 300 1032 336 tibi
1058 300 1227 346 tuisque
1254 299 1357 336 bene
1380 303 1534 336 vertat.
1591 298 1701 344 Quid

137 357 273 393 oneris
292 356 447 393 habeat
464 355 657 399 συνδικία,
678 356 830 399 nescio,
853 358 930 391 aut
951 353 1053 402 quid
1075 353 1243 390 adferat
1259 353 1412 390 salarii.
1474 354 1565 390 Tuo
1581 355 1700 402 genio

137 412 337 448 conuenit
357 423 511 447 munus
532 410 647 459 quod
668 409 811 458 amplo
833 421 958 445 censu
980 420 1108 456 quam
1131 408 1352 444 minimum
1375 407 1530 445 habeat
1552 408 1698 445 moles-

138 466 308 502 tiarum.
361 465 527 502 Mature
550 469 726 508 statues,
748 476 847 500 nam
871 462 1051 512 pendere
1073 462 1273 499 miserum
1294 467 1370 499 est.

192 519 477 568 Hieronymus
499 519 577 556 tibi
599 518 716 555 dedit
738 517 880 554 verba.
931 516 1185 565 Scripseram
1208 516 1280 560 illi,
1303 529 1368 553 me
1390 515 1579 553 Sabbato
1600 520 1701 553 ante
1723 532 1762 553 10

135 574 223 611 dies
245 578 342 610 octo
369 574 526 623 cepisse
550 574 766 622 respirare,
787 572 985 608 nimirum
1013 570 1128 608 coelo
1153 571 1331 615 mitiore,
1354 570 1426 607 sed
1453 574 1577 608 nocte
1605 583 1699 607 con-

134 632 316 677 sequuta
337 628 550 665 turbinem
575 627 774 664 obortum
800 626 902 663 mihi
929 637 1153 662 renouasse
1178 629 1319 662 totum
1346 625 1518 662 malum.
1578 624 1701 662 Nunc

136 682 278 719 triduo
299 682 562 719 commodius
584 682 731 725 habeo,
750 680 823 718 sed
843 692 927 717 non
948 681 1083 717 ausim
1106 679 1208 716 mihi
1229 679 1405 728 placere,
1425 679 1595 728 quando
1617 692 1701 716 vna

135 749 220 774 nox
242 736 385 774 subito
406 740 585 774 renouat
606 748 772 773 omnem
795 734 1068 784 tragoediam.

191 790 312 840 Rogo
344 790 560 840 significes,
595 790 697 839 quid
729 789 904 826 debeam
939 787 1311 838 Pharmacopolae.
1372 787 1488 837 Opus
1520 792 1585 825 est
1620 787 1699 824 fre·
1724 805 1760 835 15

134 850 313 894 quenter
334 858 461 895 opera
482 845 726 889 amicorum,
744 844 922 893 pecunia
938 843 1127 880 nondum
1145 847 1208 880 est
1225 855 1343 892 opus.
1386 841 1427 879 Si
1444 855 1528 879 non
1544 843 1702 891 pateris

135 912 200 936 me
222 900 396 945 soluere,
419 899 491 937 fiet
514 904 561 936 vt
581 912 665 936 non
686 899 821 936 ausim
843 898 921 934 tibi
942 898 1171 946 quicquam
1193 897 1372 946 posthac
1395 898 1672 934 committere.

190 954 357 991 Desunt
378 954 479 991 mihi
501 953 652 991 calami
680 953 901 1002 scriptorii.
952 951 993 989 Si
1018 953 1097 989 tibi
1122 955 1315 1001 superest
1343 964 1451 988 vnus
1476 955 1553 988 aut
1580 951 1701 996 alter,

134 1009 271 1045 mitte.
332 1008 482 1046 Habeo
503 1008 609 1045 duos
630 1021 681 1045 ex
703 1012 778 1044 tuo
800 1007 922 1052 dono,
946 1006 1018 1043 sed
1039 1007 1217 1043 nimium
1238 1006 1426 1055 graciles,

189 1062 312 1108 Quod
334 1076 450 1100 meus
471 1075 526 1107 es,
549 1075 596 1100 ac
619 1075 737 1100 meus
758 1074 845 1098 esse
867 1062 997 1111 cupiS,
1019 1062 1084 1098 vir
1105 1062 1278 1110 egregie,
1301 1061 1409 1098 istuc
1429 1059 1700 1107 (mihicrede)
1723 1076 1762 1097 20

134 1117 238 1155 facis
260 1122 471 1155 mutuum.
514 1117 602 1166 Ego
624 1116 891 1154 Bonifacium
913 1117 1096 1153 amicum
1113 1116 1155 1152 in
1173 1128 1326 1164 magna
1342 1115 1560 1152 felicitatis
1581 1119 1702 1164 parte

135 1172 255 1209 duco.
307 1172 409 1209 Vale
431 1185 526 1209 cum
548 1172 627 1209 tibi
648 1171 916 1208 charissimis.
968 1170 1125 1208 Basilio
1146 1182 1346 1220 germano
1367 1170 1551 1207 salutem
1573 1169 1701 1219 pluri-

134 1239 260 1264 mam.

189 1281 212 1318 8
234 1281 300 1318 die
322 1281 551 1318 Februarii.

1186 1334 1388 1371 Erasmus
1410 1333 1510 1372 Rot.
1534 1337 1646 1371 tuus.
1724 1350 1762 1379 25

188 1405 353 1444 Clariss.
378 1407 468 1444 viro
490 1406 540 1444 D.
564 1405 781 1443 Bonifacio
802 1404 1094 1443 Amerbachio.
1156 1404 1357 1442 Basileae.

537 1542 664 1579 2904.
731 1539 867 1579 FROM
900 1538 1108 1578 FRANCIS
1141 1538 1303 1579 DILFT.

183 1629 290 1662 Hist.
311 1629 403 1662 eccl.
426 1628 760 1674 Supplementum
780 1640 818 1674 p.
840 1630 923 1662 821.
1359 1627 1540 1661 Malines.

184 1679 265 1712 LB.
287 1679 392 1723 App.
415 1687 497 1721 375.
1254 1687 1293 1710 11
1316 1677 1525 1721 February
1548 1686 1653 1721 1534.

178 1761 270 1799 [The
292 1761 403 1792 letter
420 1772 492 1792 was
509 1761 589 1792 first
613 1761 809 1801 published
832 1761 881 1801 by
898 1761 956 1792 Jo.
977 1761 1091 1791 Fecht
1114 1761 1150 1791 in
1174 1760 1230 1790 his
1248 1760 1340 1791 Hist.
1360 1760 1612 1791 ecclesiasticae
1637 1770 1701 1791 sec.

133 1806 193 1836 xvi
210 1805 510 1845 Supplmnentum,
530 1805 585 1836 for
601 1806 718 1835 which
736 1816 794 1836 see
812 1805 891 1835 Vol.
911 1805 959 1840 iii,
978 1815 1014 1845 p.
1035 1805 1134 1834 xxiv.
1180 1804 1227 1835 Of
1244 1805 1308 1834 the
1326 1804 1453 1835 letters
1471 1809 1510 1834 to
1527 1804 1704 1834 Erasmus

134 1849 237 1880 there
256 1848 404 1889 printed
422 1849 496 1880 this
513 1849 542 1879 is
559 1849 622 1879 the
639 1849 727 1890 only
744 1859 812 1879 one
829 1849 946 1879 which
964 1848 1052 1879 does
1069 1853 1134 1878 not
1152 1858 1292 1888 appear
1309 1849 1344 1878 in
1363 1849 1426 1878 the
1443 1848 1596 1878 Breslau
1614 1847 1686 1878 MS.

178 1892 254 1922 The
272 1892 464 1932 year-date
477 1903 561 1933 may
573 1893 617 1923 be
638 1893 825 1932 accepted.
860 1893 968 1923 From
983 1892 1052 1932 Ep.
1067 1893 1163 1930 2876.
1180 1894 1263 1931 26·7
1279 1893 1306 1922 it.
1321 1892 1350 1922 is
1362 1892 1456 1921 clear
1470 1891 1564 1922 Dilft
1578 1901 1652 1921 was
1667 1892 1702 1921 in

133 1936 245 1976 Spain
264 1937 299 1966 in
318 1936 402 1976 May
419 1945 512 1975 1533,
531 1937 600 1967 but
613 1937 697 1967 that.
715 1937 751 1966 in
768 1936 858 1976 July
875 1936 911 1966 οἱ
930 1937 1014 1966 that
1031 1946 1119 1976 year
1136 1936 1180 1966 he
1197 1936 1269 1965 had
1284 1935 1459 1966 returned
1474 1940 1512 1965 to
1528 1934 1703 1965 Flanders

133 1980 211 2017 (the
237 1980 371 2010 introd.
398 1984 438 2010 to
463 1980 532 2019 Ep.
558 1982 639 2019 1663
664 1980 796 2010 should
822 1981 866 2010 be
891 1980 1077 2010 corrected
1101 1979 1361 2019 accordingly).
1410 1979 1477 2009 His
1502 1979 1703 2009 Barcelona

133 2024 288 2054 Oration
307 2034 379 2054 was
396 2023 592 2063 published
614 2028 653 2054 at
676 2024 841 2054 Louvain
864 2024 900 2054 in
927 2033 1021 2062 1533,
1045 2023 1283 2063 presumably
1305 2024 1341 2053 in
1365 2023 1427 2053 the
1448 2027 1605 2053 autumn
1629 2022 1702 2052 and

132 2067 249 2097 under
266 2068 322 2097 his
338 2068 597 2108 supervision.]

458 2154 632 2181 ERASMO
662 2154 758 2181 ROT.
791 2154 1057 2181 FRANCISCVS
1088 2153 1242 2180 DILFVS
1273 2154 1305 2181 S.
1339 2154 1379 2180 D.

187 2212 226 2251 S.
247 2214 296 2251 D.
347 2213 450 2251 Cum
472 2227 523 2251 ex
546 2214 762 2264 Hispaniis
783 2214 974 2260 redirem,
997 2214 1100 2251 nihil
1122 2213 1207 2251 fuit
1228 2213 1331 2251 mihi
1351 2214 1536 2263 grauius,
1559 2212 1699 2250 claris-

132 2269 235 2306 sime
258 2269 448 2313 Domine,
471 2281 599 2317 quam
622 2269 735 2318 quod
762 2282 836 2319 per
861 2268 1133 2306 Germaniam
1157 2281 1242 2306 non
1270 2268 1415 2306 liceret
1443 2269 1524 2305 iter
1550 2267 1700 2312 facere,

132 2336 227 2360 cum
250 2328 394 2360 tamen
415 2324 479 2360 tui
504 2323 709 2361 desiderio
737 2324 920 2361 maxime
944 2336 1144 2361 accensus
1170 2323 1274 2361 illud
1302 2324 1508 2372 imprimis
1537 2334 1700 2359 mecum

132 2378 390 2415 statuissem.
452 2377 606 2415 Verum
634 2391 658 2415 a
682 2379 932 2428 parentibus
962 2378 1224 2415 destinatum
1253 2377 1356 2415 mihi
1386 2378 1627 2425 coniugium
1659 2377 1699 2413 in

133 2432 412 2469 Brabantiam
442 2436 557 2469 recta
585 2445 650 2470 me
677 2445 902 2482 properare
930 2433 1091 2477 voluit;
1124 2432 1196 2469 vbi
1227 2445 1339 2469 nunc
1369 2433 1549 2481 contigit
1580 2443 1699 2473 vxor,
1720 2443 1738 2473 5

132 2487 322 2524 moribus
352 2487 454 2524 meis
484 2487 717 2536 aptissima,
748 2500 843 2525 cum
872 2487 972 2525 dote
1003 2500 1112 2537 quae
1147 2488 1336 2524 animum
1370 2499 1509 2524 meum
1540 2498 1615 2522 nec
1646 2485 1700 2522 ad

175 2569 270 2600 2903.
300 2579 350 2600 11.
377 2568 424 2606 Q:
451 2570 570 2600 nimie]
591 2594 596 2600 .
619 2594 624 2599 .
646 2594 652 2600 .
675 2570 821 2601 mitione
838 2569 921 2601 MS.
1047 2570 1143 2600 2904.
1169 2578 1242 2600 TIT.
1261 2570 1342 2600 add.
1364 2569 1437 2599 LB.
1556 2578 1581 2597 1.
1608 2567 1699 2598 S.D.

132 2623 199 2643 om.
219 2613 292 2643 ΕΒ.

176 2712 271 2742 2903.
313 2713 362 2742 18.
402 2711 547 2749 calami]
585 2712 654 2742 For
688 2722 710 2742 a
745 2712 883 2743 similar
995 2713 1091 2743 2904.
1118 2721 1148 2750 5.
1174 2712 1281 2749 vxor]
1314 2711 1489 2743 Cornelia.
1520 2709 1702 2747 daughter

132 2760 280 2796 request
297 2766 355 2785 sce
375 2756 442 2795 Ep.
465 2765 559 2793 2901.
951 2757 988 2787 of
1018 2756 1226 2787 Ferdinand
1255 2756 1299 2785 de
1328 2756 1476 2791 Bernuy
1506 2754 1626 2790 (Crem.
1659 2753 1698 2782 F..

177 2809 228 2830 22.
253 2799 402 2837 Basilio]
431 2800 487 2829 He
513 2799 582 2829 ssed
606 2803 644 2830 to
667 2799 884 2839 Neuenberg
952 2810 987 2840 p.
1008 2802 1106 2839 375);
1132 2800 1196 2830 she
1214 2800 1297 2829 died
1316 2800 1351 2829 in
1371 2798 1470 2836 Sept.
1490 2806 1570 2836 1534
1586 2796 1698 2833 (Goel.

132 2843 168 2874 in
199 2853 448 2883 consequence
480 2843 517 2873 of
554 2843 617 2873 the
653 2843 882 2883 publication
950 2844 1020 2884 Ep.
1034 2854 1051 2883 7
1064 2859 1088 2867 z
1101 2843 1169 2883 Ep.
1188 2844 1284 2880 2998)
1300 2855 1306 2877 ;
1331 2841 1402 2872 and
1417 2841 1453 2870 in
1466 2842 1528 2871 the
1541 2850 1701 2871 summor

132 2888 183 2923 (21
204 2887 288 2917 Jan.
310 2888 407 2926 1534)
429 2887 465 2917 of
486 2887 550 2917 tho
570 2887 649 2917 first
668 2887 774 2917 Basle
790 2887 881 2918 Con·
950 2888 987 2918 of
1012 2888 1075 2918 the
1101 2898 1188 2927 year
1213 2887 1396 2924 following
1424 2885 1517 2915 Dilft
1545 2884 1701 2915 married

132 2930 287 2966 fession;
313 2941 371 2961 seo
390 2932 470 2961 Ain.
492 2931 532 2960 Ε.
550 2931 648 2970 <)4-8,
672 2940 784 2961 100-2.
950 2932 1057 2971 again
1076 2931 1189 2968 (Gocl.
1210 2931 1278 2970 Ep.
1296 2930 1433 2969 9:131).
1453 2929 1564 2967 3037).

175 2994 296 3026 452.10
884 2997 910 3022 A
926 2998 951 3022 a
