1966 3379
573 122 646 161 TO
676 121 907 161 VIGLIUS
937 120 1272 160 ZUICHEMUS
1634 123 1651 158 1
1660 122 1710 159 25

142 125 263 174 2736]

142 229 291 266 veneni
321 228 517 265 additum
546 240 570 264 a
597 226 767 264 Bedda:
799 239 899 264 nam
929 226 972 263 id
1002 226 1107 263 facit
1134 226 1178 262 in
1206 225 1403 262 omnibus
1434 238 1541 274 quae
1572 226 1615 262 in
1646 238 1711 262 me

140 284 299 333 scripta
322 283 517 320 Lutetiae
537 281 823 319 excuduntur.
882 281 939 318 Et*
960 280 1047 318 fieri
1068 284 1211 329 potest
1232 284 1281 317 vt
1302 280 1343 316 in
1365 284 1529 328 partem
1556 281 1714 318 iuuerit

141 337 355 376 Camillus.
415 336 497 374 Sed
519 341 737 374 auctorem
759 340 848 373 tam
870 336 969 373 noui
987 347 1116 384 quam
1138 335 1223 371 scio
1246 347 1310 371 me
1328 335 1481 372 viuere.
1544 334 1712 371 Possem
1733 348 1751 378 5

142 405 218 442 par
244 392 336 442 pari
358 404 580 441 reponere:
614 390 685 428 sed
710 403 774 428 res
796 390 973 439 ἀτεχνῶς
993 390 1098 427 exiit
1120 390 1161 426 in
1183 390 1356 426 rabiem.
1416 388 1714 426 Subornantur

141 447 390 484 histriones:
424 447 496 495 qui
517 449 619 483 sunt
640 449 848 491 auctores,
872 444 1070 494 regaliter
1091 443 1374 481 dissimulant.

196 501 283 538 Nec
314 501 452 538 adhuc
483 500 674 537 diuinare
705 513 876 549 possum
905 498 1182 548 quamobrem
1214 498 1317 535 mihi
1348 498 1715 545 suecens<u>erint

141 555 426 604 φιλοβουδαῖοι.
505 554 585 600 Qui
607 554 843 592 moliuntur
882 555 1009 591 istam
1056 553 1288 590 factionem
1329 552 1713 596 Ciceronianorum,

142 610 256 648 haud
277 611 470 660 cogitant
491 613 698 658 quantam
720 614 881 659 pestem
905 608 1111 646 inuehant
1132 607 1284 645 studiis
1302 621 1307 644 :
1341 607 1443 656 quid
1465 608 1577 644 enim
1599 607 1714 643 futu·
1739 621 1777 642 10

143 677 237 702 rum
259 669 337 709 est,
360 665 393 702 si
415 664 695 701 fastidiantur
716 665 858 701 omnia
880 676 989 713 quac
1011 675 1097 700 non
1126 662 1315 700 referunt
1344 662 1532 711 phrasim
1555 661 1714 699 Cicero—

142 720 344 757 nianam?
414 718 614 767 Scaligeri
653 717 843 756 libellum
884 718 1076 756 nondum
1116 716 1283 767 perlegi.
1349 716 1529 754 Ioannes
1569 716 1717 753 Danus

141 775 377 811 insectatus
409 778 473 811 est
507 773 627 810 illum
660 774 871 819 carmine;
914 772 1085 810 mallem
1117 772 1238 809 illum
1270 772 1496 820 quiescere.
1558 770 1718 820 Opinor

142 828 384 866 Conradum
400 827 735 865 Heresbachium
751 828 875 865 isthic
892 829 975 865 iam
990 840 1092 872 esse,
1111 831 1187 864 aut
1203 830 1316 864 certe
1333 826 1474 864 fuisse.
1518 825 1717 863 Pluribus

142 896 227 921 non
249 883 434 921 vacabat
456 884 497 920 in
519 883 772 932 praesentia.
834 883 1003 920 Valebis
1024 887 1068 919 et
1090 894 1166 919 nos
1189 894 1332 919 amare
1354 893 1512 930 perges.
1741 893 1778 923 15

198 938 359 976 Datum
382 937 577 987 Friburgi
598 936 732 975 Nonis
754 937 978 983 Nouemb.‚
1000 937 1126 974 Anno
1150 946 1267 984 1532.

451 1080 580 1121 ²⁶9227
589 1083 641 1121 37
650 1114 657 1122 .
723 1080 860 1120 FROM
884 1078 1155 1120 CORNELIUS
1180 1078 1410 1119 AGRIPPA.

1398 1168 1529 1200 Bonn.

1246 1228 1288 1260 13
1309 1217 1540 1250 November
1563 1226 1669 1259 1532.

194 1171 397 1215 Agrippae
416 1170 548 1215 Opera
568 1171 606 1210 ii,
627 1182 665 1215 p.
691 1180 782 1212 1015
797 1174 860 1213 (α).

193 1220 331 1253 Jortin
350 1221 389 1260 ii,
410 1232 448 1264 p.
469 1222 554 1265 408.

189 1287 291 1325 [This
319 1287 429 1318 letter
458 1287 569 1318 failed
598 1291 637 1318 to
669 1287 776 1317 reach
809 1287 985 1317 Erasmus
1013 1285 1069 1316 till
1098 1295 1198 1316 some
1226 1284 1314 1315 date
1341 1284 1436 1315 later
1467 1285 1559 1314 than
1587 1293 1608 1320 9
1632 1283 1719 1314 Dee.

145 1331 229 1380 (Ep.
247 1332 360 1412 (217]48).
409 1331 480 1362 For
497 1332 561 1362 the
578 1332 864 1362 circumstances
882 1330 998 1360 under
1015 1330 1133 1360 which
1152 1330 1179 1360 it
1198 1339 1272 1359 was
1289 1329 1450 1364 written,
1470 1338 1528 1358 see
1546 1328 1617 1368 Ep.
1636 1336 1721 1366 2739

146 1379 244 1406 mtro
276 1400 280 1405 .

664 1440 854 1467 AGRIPPA
877 1439 934 1465 AD
957 1438 1182 1465 ERASMVM.

202 1495 269 1532 Ex
301 1495 435 1533 literis
467 1496 563 1541 tuis,
595 1495 893 1533 candidissime
929 1494 1117 1538 Efasme,
1150 1506 1256 1542 quas
1292 1492 1395 1530 mihi
1431 1492 1721 1542 Polyphemus

146 1555 247 1588 ante
268 1550 483 1588 nundinas
505 1550 704 1595 reddidit,
728 1550 871 1599 accepi
896 1553 938 1586 te
964 1553 1008 1586 et
1030 1549 1231 1598 languore
1253 1547 1493 1597 corpusculi
1514 1552 1557 1584 et
1579 1547 1722 1584 labore

148 1605 387 1643 studiorum
422 1610 466 1642 et
500 1605 752 1643 aedificandi
788 1604 986 1642 molestia
1022 1604 1226 1641 obrutum
1267 1615 1351 1640 non
1388 1603 1577 1652 potuisse
1618 1606 1722 1639 tunc

147 1660 357 1710 longiores
378 1660 433 1697 ad
455 1673 520 1697 me
542 1660 688 1697 literas
709 1660 872 1697 dedisse
890 1673 896 1696 :
930 1658 1198 1708 pollicebaris
1224 1662 1368 1695 tamen
1389 1662 1487 1707 post
1507 1656 1723 1694 nundinas

147 1719 191 1753 et
226 1715 408 1753 alacrius
443 1720 486 1752 et
521 1716 732 1765 copiosius
769 1719 810 1752 te
846 1715 1118 1763 scripturum.
1179 1713 1332 1762 Itaque
1369 1711 1761 1761 expectabundus5

148 1774 320 1813 tuarum
354 1770 575 1808 literarum
607 1770 724 1807 nolui
755 1769 834 1806 tibi
866 1769 1072 1806 molestus
1102 1780 1189 1805 esse
1221 1780 1354 1816 vsque
1385 1767 1537 1804 adhuc.
1599 1766 1723 1803 Nunc

150 1837 249 1862 vero
284 1829 438 1862 nactus
473 1825 615 1862 nuntii
651 1824 776 1862 huius
813 1824 1168 1874 oportunitatem,
1202 1823 1337 1859 statui
1373 1834 1518 1859 rursus
1554 1821 1724 1858 silentia

149 1892 358 1929 rumpere,
385 1892 471 1918 non
499 1879 613 1929 quod
642 1884 783 1917 tecum
811 1878 1096 1929 expostulem,
1123 1877 1197 1915 sed
1227 1881 1275 1914 vt
1304 1881 1346 1914 te
1372 1877 1627 1914 admoneam
1658 1889 1724 1913 me

150 1934 289 1972 nullas
312 1939 409 1972 tuas
430 1936 660 1984 accepisse3
693 1947 743 1971 ne
761 1933 946 1983 quando,
966 1934 998 1969 si
1016 1933 1127 1970 forte
1149 1932 1386 1982 scripsisses
1403 1936 1446 1968 et
1464 1932 1724 1980 interceptae

150 1989 253 2026 mihi
282 1990 497 2039 perierint,
526 2002 667 2027 meum
698 1991 739 2026 in
766 1988 1061 2038 respondendo
1090 1987 1531 2032 silentiumrignauiae
1560 1991 1633 2023 aut
1665 1987 1723 2022 in-
1748 2003 1786 2024 10

149 2044 425 2093 gratitudinis
453 2045 559 2081 vitio
588 2044 664 2081 abs
693 2048 734 2081 te
764 2045 851 2080 iure
880 2044 1000 2092 argui
1031 2043 1179 2092 possit.
1239 2041 1484 2090 Scripturus
1515 2041 1644 2090 igitur
1671 2040 1725 2077 ad

151 2112 217 2136 me
253 2099 399 2136 literas
434 2099 671 2137 destinabis
703 2098 923 2136 Coloniam
955 2098 1009 2135 ad
1041 2097 1317 2135 Tilmannuni
1350 2096 1401 2133 de
1434 2096 1576 2133 Fossa.
1638 2096 1726 2144 Ego

150 2166 256 2202 quas
277 2154 330 2191 ad
354 2158 395 2191 tc
418 2154 664 2191 redditurus
685 2167 792 2199 sum,
816 2153 1042 2191 destinabo
1067 2152 1278 2189 Basileam
1301 2151 1353 2187 ad
1380 2151 1634 2188 Frobenium
1658 2149 1725 2187 vel

150 2208 452 2246 Cratandrum.
514 2208 578 2247 Sic
601 2221 723 2258 spero
745 2212 897 2245 neuter
918 2212 1113 2245 nostrum
1135 2206 1420 2244 fraudabitur.

206 2263 431 2301 Caeterum
451 2264 563 2313 quod
583 2268 625 2301 te
640 2264 743 2300 scire
761 2263 871 2307 volo,
891 2262 1051 2300 bellum
1069 2261 1172 2299 mihi
1188 2265 1253 2298 est
1270 2273 1365 2298 cum
1388 2259 1727 2298 Louaniensibus
1752 2277 1787 2306 15

153 2318 471 2368 theosophistis.
531 2318 753 2356 Hactenus
771 2319 898 2355 variis
915 2317 1077 2354 insidiis
1094 2317 1136 2353 in
1154 2317 1257 2353 meis
1274 2317 1423 2353 castris
1440 2319 1726 2365 oppugnatuS,

154 2373 323 2410 velitari
344 2375 569 2423 eruptione
592 2386 656 2410 mc
678 2373 869 2410 defendi:
903 2385 1015 2409 nunc
1038 2376 1183 2409 autem
1212 2371 1533 2420 ingrauescente
1555 2369 1727 2419 praelio,

1336 2456 1384 2483 ιι).
1415 2453 1528 2483 Nonis
1547 2452 1726 2482 Nouemb.

900 2499 995 2529 2737.
1026 2508 1074 2537 15.
1101 2502 1138 2529 te
1153 2498 1299 2528 Jortin:
1325 2498 1370 2527 de
1388 2511 1419 2528 ιι.

198 2456 293 2486 2736.
320 2457 351 2486 8.
377 2460 617 2486 succenseant
634 2467 664 2486 v.
685 2456 841 2486 Henssen
859 2468 864 2486 :
892 2455 1140 2485 succenserint
1156 2454 1229 2484 LR.

152 2510 183 2530 v.
203 2499 361 2530 Heus-sen
377 2512 384 2530 :
411 2509 428 2538 5
447 2500 667 2531 Nouembris
684 2501 757 2530 Lb'.

200 2588 295 2617 2736.
324 2597 352 2625 5.
381 2589 481 2625 noui]
513 2588 583 2618 For
611 2587 797 2617 Erasnms’
830 2597 906 2627 per-

155 2632 288 2662 sistent
315 2633 540 2662 attribution
569 2632 606 2661 of
634 2631 822 2669 Scaligor's
847 2632 907 2661 Or-

156 2676 230 2706 atio
243 2679 282 2706 to
295 2676 489 2711 Alcander,
507 2686 566 2706 seo
584 2676 652 2715 Ep.
673 2678 767 2714 2565.
784 2680 906 2713 25—011.

206 2729 253 2749 12.
275 2720 448 2757 Ioannes]
462 2721 492 2750 A
507 2721 665 2750 mistake
679 2720 734 2750 for
749 2719 908 2750 Iacobus.

157 2773 216 2794 see
252 2763 321 2803 Ep.
356 2766 452 2803 2644.
489 2773 565 2803 24¹¹·
615 2764 685 2794 For
720 2762 907 2793 Erasmus‘

157 2817 371 2847 annoyunee
384 2808 472 2837 with
484 2808 609 2838 -Jarnes
622 2808 757 2847 Jaspur
770 2807 908 2837 Danus'

158 2851 340 2890 epigrams
377 2852 521 2891 against
554 2851 710 2891 Scaliger
745 2862 804 2881 see
839 2851 908 2891 Ep.

160 2903 244 2934 2570
261 2895 395 2931 introd.

208 2948 256 2978 14.
287 2939 590 2976 Heresbachiuin]
619 2939 684 2970 See
714 2939 782 2979 Ep.
813 2939 908 2978 2728.

163 2983 240 3021 78¹¹·

1024 2586 1118 2616 27:37.
1148 2595 1176 2624 7.
1203 2586 1340 2623 nuntii}
1354 2586 1432 2614 Une
1446 2584 1484 2614 of
1500 2582 1729 2623 Cainpegio's

978 2632 985 2642 ⁴
999 2630 1235 2669 chartophori
1249 2630 1270 2664 ',
1420 2628 1487 2667 Ep.
1535 2637 1629 2665 2730.
1679 2636 1727 2659 10.

979 2675 1138 2714 perhaps
1150 2673 1306 2703 Potoros
1319 2672 1483 2702 Brusscls
1498 2674 1570 2708 (sm-
1589 2672 1672 2709 Agr.
1688 2670 1728 2699 E.

980 2729 1014 2758 p.
1040 2719 1148 2756 1055),
1172 2718 1253 2747 who
1277 2728 1350 2747 was
1372 2715 1565 2756 employed
1590 2715 1638 2754 by
1660 2715 1728 2753 Ag-

979 2763 1138 2802 rippam
1162 2771 1254 2800 1533.

1028 2815 1075 2835 12.
1102 2805 1353 2841 Tilinannuin]
1387 2804 1544 2841 u'riting
1577 2808 1614 2832 to
1647 2802 1729 2831 Cra-

981 2850 1115 2880 tander
1132 2860 1177 2879 on
1194 2850 1256 2879 the
1275 2860 1373 2879 suini·
1386 2848 1457 2886 (lay
1473 2847 1635 2885 Agrippa
1649 2845 1730 2875 tells.

979 2895 1052 2923 him
1080 2898 1118 2923 to
1141 2893 1292 2923 address
1317 2893 1371 2922 his
1398 2891 1499 2930 reply
1525 2890 1731 2920 ‘Coloniam

978 2937 1025 2968 ud
1045 2937 1242 2968 Sotlierum
1256 2936 1276 2965 '.

1315 2641 1373 2658 81¹0
