1966 3379
129 145 250 194 2693]
582 143 741 182 FRoM
771 143 1053 182 NICHOLAs
1083 144 1237 182 OLAH
1640 147 1687 183 71

131 249 235 286 salia
265 261 361 286 cum
393 250 552 298 virgine
589 250 863 287 contraxisse.
923 248 1056 294 Quem
1092 262 1187 286 cum
1222 249 1487 298 obiurgarem
1522 262 1689 286 accusa-

131 316 303 352 remque
321 303 534 353 neglectae
561 316 678 341 meae
701 304 1019 347 commissionis,
1038 303 1141 340 nihil
1159 303 1276 341 aliud
1294 304 1548 353 respondere
1566 305 1691 341 sciuit

129 371 257 407 quam
280 371 322 395 se
350 371 466 396 meae
495 359 802 395 commissionis
830 358 935 395 bene
960 358 1089 395 fuisse
1116 371 1358 402 memorem,
1388 370 1473 395 non
1502 359 1690 407 potuisse
1711 375 1751 404 70

130 417 274 450 tamen
296 413 412 450 aliud
434 412 570 450 facere
592 413 679 450 siue
701 425 845 450 amore
866 414 1028 458 insano,
1053 414 1125 462 qui
1153 425 1228 463 per
1253 425 1295 450 se
1321 414 1689 450 incantamentum

129 471 193 504 est
214 468 319 505 satis
340 467 508 513 durum,
531 469 619 505 siue
641 467 819 505 aliorum
837 468 1048 512 cantibus,
1067 468 1170 516 quin
1188 467 1401 516 sponsalia
1418 467 1691 505 contraheret

129 522 268 560 verbis
293 522 550 560 solennibus.
612 522 674 560 De
702 522 801 559 dote
830 523 1103 572 interrogaui,
1126 522 1237 559 dixit
1264 535 1377 559 nunc
1406 522 1523 559 illam
1551 535 1691 559 annue

128 576 377 614 habiturum
400 577 454 614 ad
475 577 619 614 decem
642 582 684 615 et
706 581 803 614 octo
824 577 1016 622 ducatos,
1039 580 1083 614 et
1101 581 1198 627 post
1220 581 1400 614 mortem
1423 577 1573 614 matris
1601 589 1690 614 suc-

128 644 341 669 cessuram
371 633 413 669 in
441 631 628 681 aliquam
659 631 1100 681 partemreddituum
1128 635 1172 669 et
1200 631 1500 669 hereditatum.
1562 631 1690 676 Heus,
1712 646 1751 677 75

128 687 286 735 inquio,
319 691 447 737 putas
480 686 557 724 hac
594 688 746 736 exigua
777 686 1000 736 pecuniola
1031 699 1126 724 cum
1160 699 1292 724 vxore
1324 687 1468 724 viuere
1502 691 1543 723 te
1569 699 1692 736 posse

126 745 297 779 annue?
355 741 412 779 Et
432 754 560 790 quam
582 754 701 791 spem
723 754 836 778 nunc
858 742 978 791 ponis
1000 754 1198 791 magnam
1222 742 1263 778 in
1285 741 1406 778 bonis
1428 745 1526 791 post
1548 754 1692 778 socrus

127 800 309 833 mortem
326 796 380 833 ad
395 800 436 834 te
453 797 675 834 venturis?
726 796 782 833 Et
799 796 901 845 quid
919 797 1082 834 interea
1098 801 1141 834 et
1159 800 1206 834 tu
1221 800 1264 834 et
1278 809 1397 841 vxor,
1415 797 1481 833 cui
1495 800 1538 833 et
1552 797 1692 833 Victus

126 854 170 888 et
191 851 372 889 amictus
400 855 466 888 est
493 851 721 901 parandus,
751 851 964 900 quottidie
991 851 1187 889 facietis?
1248 850 1453 897 Quamuis
1482 855 1580 900 post
1604 863 1691 888 rem

127 906 211 943 iam
235 906 296 943 ita
320 905 555 956 perfectam
584 910 632 943 vt
660 907 818 943 mutari
846 918 931 943 non
960 907 1107 956 possit,
1130 906 1247 943 visus
1270 919 1364 943 sum
1386 918 1525 943 aerem
1548 905 1690 943 verbe·
1713 913 1754 942 80

127 973 231 1006 rare,
255 965 401 998 tamen
425 973 511 998 non
538 961 660 1011 potui
686 961 728 998 id
754 973 838 998 non
860 960 1009 1005 facere,
1032 962 1190 1011 partim
1213 974 1298 998 non
1326 973 1478 1010 parum
1509 973 1691 998 commo-

126 1019 209 1060 tus,
232 1016 390 1065 partim
412 1015 589 1065 cupidus
610 1020 751 1053 status
774 1016 904 1065 ipsius
926 1015 1163 1054 foelicioris.

181 1069 280 1120 Cepi
291 1074 507 1120 postremo
517 1071 553 1108 ei
568 1070 796 1116 consulere,
807 1075 855 1108 vt
869 1071 1045 1121 nupcias
1059 1070 1249 1108 differret
1263 1070 1318 1108 ad
1333 1075 1502 1120 tempus
1520 1070 1693 1120 aliquod

126 1124 305 1174 longius,
328 1125 429 1163 dum
448 1125 682 1163 conditioni
699 1138 799 1163 suae
817 1126 966 1163 melius
983 1129 1026 1163 et
1043 1126 1202 1163 cercius
1220 1125 1443 1175 prouidere
1461 1138 1692 1175 possemuS,

125 1184 169 1217 et
197 1180 251 1217 ad
279 1184 322 1217 te
349 1193 398 1218 ea
425 1180 476 1217 de
505 1193 548 1217 re
577 1181 867 1218 scriberemus.
928 1180 1050 1217 Dixit
1077 1193 1119 1218 se
1145 1193 1197 1218 ex
1218 1180 1427 1218 Gandauo
1448 1185 1547 1230 post
1568 1193 1691 1229 spon·
1713 1187 1753 1224 85

127 1234 232 1272 salia
266 1239 491 1272 contracta
521 1235 744 1273 diuertisse
776 1235 830 1273 ad
866 1235 1087 1273 Decanum
1119 1235 1316 1285 Brugen.,
1340 1236 1412 1284 qui
1442 1248 1577 1285 nuper
1609 1248 1693 1272 non

126 1289 343 1339 vulgarem
374 1302 540 1327 mecum
569 1291 786 1327 contraxit
810 1291 1060 1335 amiciciam,
1082 1295 1126 1328 et
1150 1303 1247 1328 eum
1276 1289 1466 1340 aliosque
1489 1303 1587 1328 suos
1609 1291 1692 1327 iam

125 1345 330 1382 inuitasse
352 1345 407 1382 ad
427 1345 602 1394 nupcias
623 1345 678 1382 ad
696 1349 865 1383 sextum
883 1345 994 1382 diem
1012 1345 1194 1394 Augusti
1213 1345 1362 1384 futuri.
1412 1345 1501 1395 Ego
1518 1345 1693 1383 audiens

125 1412 222 1437 eum
258 1401 464 1449 rem[que]
503 1412 623 1438 suam
657 1399 734 1437 hoc
768 1400 894 1438 modo
927 1401 1017 1438 sine
1051 1400 1226 1438 consilio
1258 1401 1557 1450 precipitasse:
1593 1400 1692 1449 Age,

128 1455 287 1504 inquio,
309 1454 375 1492 fac
393 1458 442 1492 vt
464 1455 540 1500 vis,
563 1467 715 1505 perage
736 1461 847 1500 tuas,
871 1459 919 1492 vt
936 1456 1125 1505 coepisti,
1143 1453 1332 1506 nupcias.
1376 1455 1531 1493 Vereor
1548 1459 1693 1492 tamen
1712 1470 1755 1499 90

127 1522 179 1547 ne
200 1509 433 1558 aliquando
454 1509 558 1547 facti
580 1511 644 1547 tui
666 1514 708 1547 te
730 1511 934 1559 peniteat.

180 1564 325 1602 Habes
365 1564 513 1602 Leuini
553 1565 786 1614 negocium,
823 1564 946 1603 doleo
981 1578 1078 1603 eum
1111 1568 1201 1603 tam
1237 1565 1380 1602 subito
1415 1564 1610 1602 incidisse
1650 1565 1693 1602 in

125 1631 275 1657 casses.
336 1619 462 1669 Virgo
484 1619 685 1664 honestis,
709 1623 757 1657 vt
778 1620 918 1665 audio,
941 1624 1046 1657 nata
1067 1624 1132 1657 est
1149 1619 1413 1670 parentibus
1431 1620 1634 1658 m'odestis
1650 1624 1694 1657 et

127 1673 327 1719 laudatis,
350 1678 399 1711 vt
426 1675 518 1712 visa
543 1678 620 1720 est,
650 1674 851 1720 moribus,
881 1674 1094 1712 laboriosa
1118 1680 1162 1712 et
1190 1676 1280 1712 ocio
1306 1675 1479 1712 minime
1507 1679 1691 1712 assueta.

127 1728 208 1766 Sed
228 1728 305 1766 dos
327 1729 440 1766 illius
463 1730 603 1767 tenuis
625 1730 679 1767 ad
702 1742 744 1767 se
767 1730 993 1778 virumque
1015 1730 1237 1768 mediocris
1254 1729 1454 1767 fortunae
1476 1729 1690 1767 alendum.
1712 1744 1753 1774 95

126 1783 292 1821 Modico
313 1789 411 1834 post
432 1788 621 1834 tempore
643 1785 886 1834 contingere
904 1785 1085 1822 fortasse
1108 1785 1321 1834 potuisset
1342 1789 1403 1829 vt,
1422 1784 1501 1822 sub
1524 1785 1692 1822 nomine

126 1837 314 1888 Reginae
327 1839 442 1889 apud
458 1852 523 1876 me
537 1840 736 1884 existens,
753 1839 944 1877 laecioris
958 1840 1044 1889 ipse
1060 1840 1259 1889 consequi
1273 1840 1485 1890 potuisset
1495 1839 1693 1877 fortunae

125 1894 344 1943 virginem.
404 1893 445 1931 Si
468 1895 597 1944 igitur
618 1894 724 1931 bene
746 1898 821 1932 aut
847 1894 956 1932 male
982 1895 1113 1944 ipsius
1140 1895 1391 1932 successerit
1416 1894 1692 1939 connubium,

126 1949 314 1986 insaniae
336 1948 446 1986 illius
468 1953 511 1986 et
531 1949 843 1999 imprudentiae
867 1949 1019 1994 tribue,
1043 1962 1091 1987 ac
1114 1951 1271 1987 nemini
1293 1949 1430 1987 alteri.

180 2003 242 2040 De
282 2003 407 2041 rebus
444 2017 556 2041 nunc
592 2005 678 2041 tuis
713 2005 869 2054 accipe,
906 2005 964 2041 mi
998 2004 1174 2042 Erasme
1210 2004 1468 2049 doctissime,
1506 2004 1693 2053 mihique
1716 2019 1776 2039 100

126 2057 384 2104 charissime,
414 2058 611 2096 breuiter.
671 2059 760 2109 Ego
789 2060 853 2097 tui
881 2060 1064 2097 nominis
1094 2064 1138 2097 et
1168 2060 1324 2109 quietis
1353 2059 1692 2097 studiosissimus

126 2113 273 2163 scripsi
301 2113 355 2151 ad
384 2117 426 2151 te
454 2117 581 2151 antea
609 2113 660 2151 de
689 2114 842 2159 reditu,
872 2118 1002 2163 atque
1027 2127 1077 2151 cx
1107 2115 1249 2152 animo
1277 2116 1450 2164 cupiens
1479 2119 1554 2151 tuo
1582 2127 1691 2152 com-

126 2167 253 2205 modo
274 2173 318 2205 et
338 2169 472 2217 quieti
493 2168 712 2206 consulere
736 2173 777 2206 te
799 2169 1105 2207 admonueram
1135 2174 1184 2206 vt
1209 2169 1312 2206 mihi
1339 2169 1610 2219 significares,
1640 2181 1693 2206 an

126 2222 303 2260 haberes
331 2224 522 2261 animum
548 2223 764 2269 redeundi,
788 2228 836 2261 vt
862 2225 1011 2261 scirem
1037 2224 1153 2274 apud
1183 2224 1389 2273 Reginam
1413 2237 1550 2262 meam
1572 2237 1694 2273 agere

126 2277 178 2314 de
200 2282 276 2316 tuo
298 2281 416 2316 statu
438 2282 482 2316 et
504 2279 647 2328 quiete
669 2278 829 2316 futura.
891 2279 955 2316 Tu
976 2279 1159 2317 fortasse
1186 2279 1347 2317 diffisus
1370 2279 1474 2316 mihi
1495 2279 1692 2328 ambigue
1716 2291 1775 2320 105

128 2331 237 2370 binis
284 2333 369 2370 tuis
416 2332 550 2370 literis
599 2333 653 2371 ad
700 2346 766 2371 me
816 2334 1094 2383 rescripsisti;
1146 2334 1301 2383 quibus
1352 2335 1544 2383 vtrisque
1595 2338 1692 2370 tuas

127 2388 313 2425 rationes
348 2392 392 2425 et
425 2388 685 2426 valetudinis
721 2389 992 2426 incommoda
1023 2401 1290 2433 enumerans,
1325 2388 1430 2426 nihil
1465 2389 1569 2426 certi
1601 2402 1690 2438 prc-

126 2441 268 2480 finisti.
331 2442 504 2494 Videris?
525 2447 568 2481 et
599 2443 706 2481 velle
736 2448 780 2481 et
805 2443 917 2481 nolle
944 2445 1114 2481 reuerti.
1174 2443 1295 2481 Inter
1320 2444 1424 2481 alias
1450 2456 1621 2480 caussas
1651 2448 1692 2480 te

127 2497 210 2534 iam
232 2503 406 2547 propter
427 2496 587 2536 etatem
609 2499 907 2548 impacientem
930 2511 1019 2536 esse
1042 2498 1201 2536 laboris
1223 2499 1361 2536 aulici.
1423 2499 1608 2535 Putasne
1627 2511 1691 2534 nic

126 2564 291 2589 omnem
315 2557 435 2590 tuam
458 2553 745 2591 conditionem
774 2558 874 2591 ante
904 2566 988 2591 non
1018 2554 1301 2603 precogitassc
1324 2566 1451 2602 quam
1475 2554 1691 2602 proximas
1717 2564 1774 2584 110

126 2606 180 2643 ad
203 2610 244 2644 te
266 2607 410 2645 darem
433 2620 548 2645 meas
576 2607 773 2646 litteras?
832 2607 1021 2657 Syluagii
1050 2608 1293 2658 exemplum
1324 2613 1365 2645 te
1394 2621 1476 2645 non
1505 2612 1689 2644 moueat.

127 2660 167 2698 Si
199 2661 382 2707 redieris,
414 2675 438 2699 a
470 2664 634 2700 nemine
663 2663 834 2711 cogeris,
861 2664 940 2700 nisi
971 2667 1047 2701 tua
1079 2668 1230 2713 sponte
1260 2663 1301 2700 id
1330 2663 1465 2700 facere
1496 2662 1610 2702 velis,
1638 2662 1690 2698 ad

126 2716 389 2754 subeundam
417 2717 600 2755 aulicam
632 2719 897 2756 seruitutem.
958 2718 1054 2755 Siue
1086 2718 1164 2759 liic.
1198 2718 1267 2754 vbi
1302 2718 1463 2765 Regina
1494 2722 1570 2757 cst,
1604 2718 1691 2753 siue

127 2770 228 2808 alibi
250 2771 385 2817 malis,
408 2771 552 2810 licebit
574 2773 652 2810 tibi
674 2772 854 2822 deligere
877 2773 1015 2810 locum
1038 2773 1092 2810 ad
1115 2773 1396 2810 habitandum
1417 2775 1526 2819 (mco
1549 2777 1690 2807 tamen

215 2852 267 2882 77.
293 2843 373 2873 OE:
393 2854 517 2875 annuo
534 2844 616 2875 MS.
788 2846 840 2884 78.
868 2845 1034 2876 venturis
1051 2845 1281 2884 scripsimus:
1309 2848 1505 2875 venturum
1526 2842 1603 2872 MS.

171 2932 266 2961 80-1.
293 2942 413 2962 acrem
453 2932 660 2970 verbex-aro]
703 2943 715 2963 1
736 2933 815 2963 Cor.
842 2944 874 2969 o.
946 2944 1004 2963 see
1017 2934 1112 2973 Epp.
1129 2942 1201 2963 201.
1220 2943 1275 2965 zu.
1297 2942 1390 2971 2404.
1405 2943 1435 2970 4.
1458 2930 1689 2969 imminu-011.

128 2977 179 3006 26.
994 2980 1063 3007 106.
1091 2977 1218 3013 litoris]
1239 2977 1333 3016 Iipp.
1354 2984 1450 3013 :0›13.
1473 2984 1564 3013 ε’».μ»,

172 3020 224 3049 80.
252 3020 454 3058 Dccanum]
496 3020 638 3051 Marcus
681 3021 874 3057 Laurinus,
