1966 3379
459 101 575 140 THE
607 100 905 140 DONATION
935 99 1007 138 TO
1037 99 1357 138 GOCLENIUS
1611 100 1691 136 417

182 207 362 246 Proinde
383 207 540 244 clariss.
564 206 761 244 dominus
786 205 846 242 Io.
873 204 1074 242 Altinaus
1102 216 1167 242 me
1194 203 1327 241 literis
1356 204 1441 241 suis
1470 204 1690 241 salutauit.
1717 219 1753 248 15

127 263 183 300 Et
204 275 299 300 cum
321 263 522 306 omnium,
545 273 652 310 quae
673 273 750 310 pro
768 260 853 297 suis
870 259 1097 296 clientibus
1114 258 1251 296 facere
1268 258 1481 302 videntur,
1500 258 1693 308 exempla

126 318 301 361 miserit,
332 317 484 366 putaui
512 315 565 353 ad
596 315 847 364 petitionem
879 314 1011 363 ipsius
1042 313 1123 350 mei
1154 312 1349 350 candoris
1380 325 1469 349 esse
1499 312 1693 362 exempla

126 384 308 420 quoque,
340 370 494 419 quibus
525 369 673 407 eadem
704 369 1017 406 subuertuntur
1045 371 1088 404 et
1115 367 1360 412 eluduntur,
1390 368 1618 411 remittere,
1645 370 1694 403 vt

126 426 263 463 discat
279 438 321 462 se
338 437 465 462 causa
479 424 732 468 inferiorem,
749 428 792 460 et
810 423 982 460 minime
998 421 1254 471 litigandum
1268 434 1369 459 esse.
1411 421 1524 458 Bene
1541 420 1693 465 valete,

124 481 205 517 viri
226 480 384 517 clariss.
1716 492 1756 512 20

181 534 370 572 Basileae
391 545 671 583 praepropere
694 535 849 581 quarto
870 531 979 569 Non.
1004 530 1212 568 decembr.
1236 530 1361 568 Anno
1384 540 1694 568 M.D.XXX.V1111

129 598 244 639 1539-

534 642 598 679 Ex
621 641 862 678 inuentario
882 644 962 678 etc.
986 644 1105 677 verte
1126 639 1289 677 folium.

181 714 275 751 Misi
314 726 387 763 per
427 712 589 750 Altinai
630 711 914 755 tabellarium,
957 710 1120 749 occulte
1162 714 1320 755 tamen,
1363 709 1496 748 literis
1537 709 1600 746 his
1642 710 1695 747 ad

126 768 327 806 Schetum
355 768 504 812 missis,
533 771 577 804 et
604 768 749 804 tunica
777 766 858 804 alia
891 778 964 816 per
992 765 1250 803 Frobenium
1278 765 1333 803 ad
1360 764 1562 802 Schetum
1590 763 1693 802 Ant·
1717 780 1755 809 25

126 826 303 872 werpefi.
327 821 555 860 obuolutis.

412 1019 506 1060 A9.
571 1019 761 1059 LETTER
793 1030 851 1059 OF
882 1018 992 1059 Jon.
1027 1017 1319 1058 ALTENANUS
1352 1029 1410 1057 'ro

606 1079 869 1130 <B0N1FACE
903 1079 1206 1129 AMERBACH>.

176 1170 293 1204 Basle
311 1170 393 1204 MS.
415 1170 454 1203 C.
478 1170 566 1203 VIa.
590 1178 646 1209 71.
672 1170 793 1213 111s2.
1304 1217 1324 1250 8
1345 1166 1557 1250 &onznia

1281 1227 1299 1250 2
1381 1220 1445 1250 cto
1478 1227 1519 1249 er
1542 1226 1646 1259 1539.

191 1303 265 1341 [An
283 1301 435 1342 original
452 1301 572 1337 letter,
591 1301 801 1342 autogr-aph
818 1300 1061 1341 throughout,
1081 1301 1144 1331 the
1161 1300 1435 1331 address—sheet
1452 1299 1631 1339 missing]

181 1378 219 1416 S.
245 1379 289 1416 P.
331 1377 452 1423 Quod
475 1377 680 1415 obscurus
702 1389 777 1414 nec
800 1376 851 1414 de
873 1376 979 1414 facie
1001 1381 1130 1414 notus
1152 1380 1194 1413 te
1212 1376 1351 1413 virum
1374 1375 1496 1424 longe
1518 1374 1695 1412 clarissi-

126 1446 255 1478 mum,
277 1433 422 1470 arduis
444 1433 623 1481 negotiis
640 1431 908 1476 distractum,
926 1431 1108 1469 verbosa
1128 1430 1309 1480 epistola
1327 1429 1598 1479 interpellare
1613 1442 1698 1467 non

127 1489 204 1525 sim
227 1488 401 1532 veritus,
428 1499 551 1537 spero
576 1491 618 1524 te
643 1499 719 1536 pro
745 1491 821 1523 tua
842 1486 999 1535 vbique
1024 1485 1271 1536 praedicata
1299 1485 1570 1522 humanitate
1596 1484 1698 1522 mihi

126 1542 482 1587 condonaturum,
512 1541 584 1578 vbi
614 1541 861 1590 cognoueris
894 1541 1002 1578 hanc
1033 1540 1308 1590 scriptionem
1338 1539 1492 1577 habere
1521 1540 1696 1577 necessi-

126 1601 260 1635 tatem
283 1596 432 1646 culpae
452 1596 795 1645 deprecatricem.
1719 1614 1736 1644 5

183 1652 247 1689 Ex
270 1652 355 1689 tuis
378 1651 458 1688 huc
480 1651 647 1700 scriptis
668 1650 802 1688 literis
819 1654 861 1688 te
878 1663 961 1688 non
979 1650 1112 1687 latere
1129 1650 1369 1699 accepimus
1386 1649 1436 1686 D.
1455 1648 1698 1686 Conradum

127 1706 388 1751 Goelenium,
420 1706 740 1754 integerrimum
770 1706 921 1750 virum,
951 1705 1138 1742 maximo
1164 1704 1325 1754 reipub.
1358 1703 1628 1741 incommodo
1655 1708 1699 1741 et

128 1761 415 1798 studiosorum
450 1760 569 1797 luctu
605 1773 648 1797 se
683 1773 734 1797 ex
766 1760 843 1798 hoc
874 1760 1232 1809 deprauatissimo
1267 1758 1407 1796 seculo
1442 1759 1697 1796 intestatum

127 1815 393 1860 subduxisse,
417 1815 735 1864 strangulatum
757 1814 901 1852 subito
929 1814 1051 1852 malis
1080 1813 1288 1852 catharris
1308 1817 1461 1863 guttur
1488 1826 1696 1863 occupan-

127 1871 255 1908 tibus.
306 1871 543 1920 Apostema
577 1869 831 1907 sceleratum
867 1873 998 1919 caput
1033 1869 1198 1918 aliquot
1232 1868 1449 1906 mensibus
1484 1867 1697 1913 turbarat,
1722 1884 1760 1904 10

127 1925 201 1962 sed
224 1925 312 1975 ipse
334 1924 484 1962 medici
500 1923 719 1961 cuiusdam
736 1924 954 1974 promissis
971 1927 1221 1973 expectarat
1239 1924 1480 1960 sanitatem.
1519 1922 1698 1960 Interim

127 1979 282 2017 fratres
310 1992 408 2016 suos
436 1979 610 2016 heredes
632 1983 821 2024 vocarat,
844 1991 950 2028 quos
979 1982 1142 2028 septem
1172 1977 1302 2015 habet
1330 1978 1372 2015 in
1400 1976 1618 2015 Comitatu
1647 1977 1698 2014 de

129 2033 345 2079 Waldeck,
368 2034 523 2083 probos
540 2033 712 2082 quidem
730 2033 803 2071 sed
820 2033 1021 2078 occultos,
1045 2045 1251 2082 pauperes
1269 2036 1312 2070 et
1333 2044 1559 2070 numerosa
1581 2031 1698 2081 prole

127 2092 342 2138 granatos,
379 2092 427 2125 vt
464 2092 596 2125 testes
636 2088 891 2125 interessent
926 2092 1142 2125 extremae
1184 2100 1284 2125 suae
1320 2086 1570 2131 voluntatis,
1612 2099 1698 2123 non

127 2144 297 2192 ignarus
319 2142 531 2180 hominem
553 2143 833 2192 peregrinum,
855 2155 907 2180 ne
928 2142 1066 2180 dicam
1083 2142 1356 2187 Germanum,
1375 2141 1440 2179 hic
1458 2146 1697 2178 extremum
1722 2155 1758 2185 15

127 2198 238 2235 diem
261 2197 457 2235 claudere
478 2197 632 2234 durum
654 2209 756 2243 esse,
780 2202 828 2234 vt
849 2201 1014 2235 taceam
1040 2196 1336 2247 periculosum.
1387 2196 1611 2234 Caeterum
1634 2196 1698 2232 vir

128 2252 264 2289 bonus
287 2251 429 2289 subito
449 2253 666 2289 extinctus
688 2265 753 2289 res
775 2265 873 2289 suas
894 2252 935 2289 in
957 2264 1170 2289 summum
1192 2251 1426 2301 periculum
1450 2251 1640 2288 coniecit.

184 2307 344 2344 Rector
365 2307 476 2344 enim
499 2319 572 2356 per
594 2307 888 2344 vniuersitatis
910 2311 1054 2344 nostre
1076 2306 1299 2355 syndicum
1322 2306 1433 2343 bona
1459 2305 1695 2354 descripsit,

129 2361 303 2411 ipseque
333 2361 617 2411 apprehendit
645 2362 686 2398 in
716 2361 917 2399 heredum
948 2361 1208 2405 aduentum;
1240 2361 1396 2410 quibus
1427 2359 1696 2409 presentibus

129 2416 367 2465 negabatur
389 2421 534 2453 tamen
563 2415 788 2461 hereditas,
815 2416 930 2465 quod
958 2415 1172 2465 Rotgerus
1202 2416 1378 2453 Rescius
1407 2427 1502 2451 cum
1531 2414 1694 2462 aliquot
1718 2428 1757 2448 20

128 2471 214 2507 suis
246 2471 288 2507 in
316 2470 529 2508 demortui
559 2475 721 2508 secreta
752 2475 1032 2521 prorepserat,
1065 2483 1173 2520 quae
1203 2471 1242 2507 in
1272 2469 1531 2507 bibliotheca
1560 2468 1694 2505 Busli-

128 2525 243 2562 diani
288 2524 450 2574 collegii
489 2525 596 2562 cista
634 2525 1015 2570 conseruabantur,
1056 2525 1403 2575 produxeratque
1442 2536 1493 2561 cx
1535 2523 1696 2571 reliquo

129 2579 349 2616 literarum
371 2592 524 2617 aceruo
547 2579 798 2625 Erasmicas,
825 2593 1034 2618 summam
1058 2592 1184 2629 penes
1207 2579 1467 2622 Gocleniuni,
1492 2578 1694 2626 synceris-

127 2635 281 2671 simum
312 2635 507 2679 amicum,
541 2634 639 2671 olim
669 2635 908 2684 depositam
935 2635 1236 2684 exprimentes.
1265 2633 1499 2683 suppressis
1527 2632 1693 2668 interim

128 2688 373 2726 donationis
395 2688 539 2733 literis,
562 2689 788 2727 clamitans
813 2690 1035 2738 pecuniam
1066 2690 1107 2726 in
1136 2688 1321 2726 Goelcnii
1348 2700 1443 2724 arca
1474 2687 1694 2723 inuentam
1718 2699 1755 2728 :5

129 2743 296 2780 Erasmi
316 2756 429 2784 esse:
462 2744 580 2780 cuius
609 2756 760 2781 nomen
790 2756 873 2781 non
903 2743 1100 2781 omnibus
1126 2743 1190 2780 hic
1218 2747 1387 2791 gratum
1418 2742 1542 2784 nosti,
1566 2745 1694 2788 atquc

128 2797 376 2834 Gocleniuni
414 2797 466 2834 ob
502 2797 597 2834 fidei
631 2803 675 2835 et
710 2799 866 2835 amoris
901 2799 941 2835 in
978 2811 1190 2835 summum
1229 2798 1365 2833 virum
1407 2796 1693 2832 constantiam

129 2851 322 2901 plurimis
346 2852 543 2890 inuisum.
594 2852 783 2890 Auarum
811 2853 1091 2902 proscindunt
1120 2853 1328 2901 optimum
1362 2851 1596 2894 Erasmum,
1623 2850 1694 2897 qui

655 2940 728 2971 A9.
754 2950 785 2978 9.
812 2941 1067 2981 strangulatus
1084 2939 1167 2970 MS.

172 3002 293 3033 45²·10
880 3005 906 3032 E
923 3008 944 3032 e
