<?xml version="1.0" encoding="UTF-8"?>
<!DOCTYPE html PUBLIC "-//W3C//DTD XHTML 1.0 Transitional//EN"
    "http://www.w3.org/TR/xhtml1/DTD/xhtml1-transitional.dtd">
<html xmlns="http://www.w3.org/1999/xhtml" xml:lang="en" lang="en">
 <head>
  <title>
</title>
<meta http-equiv="Content-Type" content="text/html;charset=utf-8" />
  <meta name='ocr-system' content='tesseract 3.04.00' />
  <meta name='ocr-capabilities' content='ocr_page ocr_carea ocr_par ocr_line ocrx_word'/>
</head>
<body>
  <div class='ocr_page' id='page_1' title='image "./opusepistolarum10eras_0126.png"; bbox 0 0 1966 3379; ppageno 0'>
   <div class='ocr_carea' id='block_1_1' title="bbox 218 119 1787 169">
    <p class='ocr_par' dir='ltr' id='par_1_1' title="bbox 218 119 1787 169">
     <span class='ocr_line' id='line_1_1' title="bbox 218 119 1787 169; baseline 0 -11"><span class='ocrx_word' id='word_1_1' title='bbox 218 121 270 158; x_wconf 86' lang='lat'>92</span> <span class='ocrx_word' id='word_1_2' title='bbox 648 119 906 158; x_wconf 86' lang='lat' dir='ltr'>LETTERS</span> <span class='ocrx_word' id='word_1_3' title='bbox 936 120 1006 158; x_wconf 79' lang='lat' dir='ltr'>OF</span> <span class='ocrx_word' id='word_1_4' title='bbox 1037 119 1303 158; x_wconf 77' lang='lat' dir='ltr'><strong>ERASMUS</strong></span> <span class='ocrx_word' id='word_1_5' title='bbox 1665 122 1787 169; x_wconf 82' lang='lat'>[1532</span> 
     </span>
    </p>
   </div>
   <div class='ocr_carea' id='block_1_2' title="bbox 159 224 1792 1151">
    <p class='ocr_par' dir='ltr' id='par_1_2' title="bbox 161 224 1787 372">
     <span class='ocr_line' id='line_1_2' title="bbox 218 224 1786 275; baseline -0.001 -13"><span class='ocrx_word' id='word_1_6' title='bbox 218 224 534 275; x_wconf 86' lang='lat' dir='ltr'>expectandum</span> <span class='ocrx_word' id='word_1_7' title='bbox 566 228 642 262; x_wconf 89' lang='lat' dir='ltr'>est.</span> <span class='ocrx_word' id='word_1_8' title='bbox 704 224 950 274; x_wconf 74' lang='lat' dir='ltr'><strong>Apparatus</strong></span> <span class='ocrx_word' id='word_1_9' title='bbox 982 225 1165 262; x_wconf 88' lang='lat' dir='ltr'>militum</span> <span class='ocrx_word' id='word_1_10' title='bbox 1197 224 1246 261; x_wconf 88' lang='lat' dir='ltr'>fit</span> <span class='ocrx_word' id='word_1_11' title='bbox 1281 224 1407 269; x_wconf 81' lang='lat' dir='ltr'>lente,</span> <span class='ocrx_word' id='word_1_12' title='bbox 1441 224 1636 262; x_wconf 78' lang='lat' dir='ltr'>collectio</span> <span class='ocrx_word' id='word_1_13' title='bbox 1664 238 1786 274; x_wconf 89' lang='lat' dir='ltr'>pecu-</span> 
     </span>
     <span class='ocr_line' id='line_1_3' title="bbox 219 279 1787 329; baseline 0.001 -13"><span class='ocrx_word' id='word_1_14' title='bbox 219 281 385 317; x_wconf 89' lang='lat' dir='ltr'>niarum</span> <span class='ocrx_word' id='word_1_15' title='bbox 409 279 456 316; x_wconf 81' lang='lat' dir='ltr'>fit</span> <span class='ocrx_word' id='word_1_16' title='bbox 478 283 662 324; x_wconf 85' lang='lat' dir='ltr'>strenue,</span> <span class='ocrx_word' id='word_1_17' title='bbox 690 281 813 329; x_wconf 81' lang='lat' dir='ltr'>pauci</span> <span class='ocrx_word' id='word_1_18' title='bbox 840 280 891 317; x_wconf 87' lang='lat' dir='ltr'>dc</span> <span class='ocrx_word' id='word_1_19' title='bbox 921 280 998 317; x_wconf 85' lang='lat' dir='ltr'>hoc</span> <span class='ocrx_word' id='word_1_20' title='bbox 1028 280 1139 317; x_wconf 89' lang='lat' dir='ltr'>bello</span> <span class='ocrx_word' id='word_1_21' title='bbox 1168 279 1274 316; x_wconf 88' lang='lat' dir='ltr'>bene</span> <span class='ocrx_word' id='word_1_22' title='bbox 1303 280 1561 317; x_wconf 87' lang='lat' dir='ltr'>ominantur.</span> <span class='ocrx_word' id='word_1_23' title='bbox 1613 279 1787 317; x_wconf 81' lang='lat' dir='ltr'>Vtinam</span> 
     </span>
     <span class='ocr_line' id='line_1_4' title="bbox 161 335 615 372; baseline 0 -2"><span class='ocrx_word' id='word_1_24' title='bbox 161 349 200 370; x_wconf 83' lang='lat'>20</span> <span class='ocrx_word' id='word_1_25' title='bbox 221 347 331 372; x_wconf 90' lang='lat' dir='ltr'>vana</span> <span class='ocrx_word' id='word_1_26' title='bbox 353 335 439 371; x_wconf 85' lang='lat' dir='ltr'>sint</span> <span class='ocrx_word' id='word_1_27' title='bbox 461 335 615 371; x_wconf 88' lang='lat' dir='ltr'>omina.</span> 
     </span>
    </p>

    <p class='ocr_par' dir='ltr' id='par_1_3' title="bbox 219 388 1788 603">
     <span class='ocr_line' id='line_1_5' title="bbox 274 388 1786 438; baseline 0.001 -13"><span class='ocrx_word' id='word_1_28' title='bbox 274 388 394 426; x_wconf 81' lang='lat' dir='ltr'>Secte</span> <span class='ocrx_word' id='word_1_29' title='bbox 427 388 491 425; x_wconf 91' lang='lat' dir='ltr'>hic</span> <span class='ocrx_word' id='word_1_30' title='bbox 523 401 633 425; x_wconf 86' lang='lat' dir='ltr'>nunc</span> <span class='ocrx_word' id='word_1_31' title='bbox 662 389 917 435; x_wconf 78' lang='lat' dir='ltr'>mitescunt3</span> <span class='ocrx_word' id='word_1_32' title='bbox 951 389 1052 438; x_wconf 88' lang='lat' dir='ltr'>quid</span> <span class='ocrx_word' id='word_1_33' title='bbox 1083 393 1255 438; x_wconf 85' lang='lat' dir='ltr'>sperent</span> <span class='ocrx_word' id='word_1_34' title='bbox 1284 392 1535 426; x_wconf 85' lang='lat' dir='ltr'>metuantue</span> <span class='ocrx_word' id='word_1_35' title='bbox 1564 390 1786 426; x_wconf 85' lang='lat' dir='ltr'>incertum.</span> 
     </span>
     <span class='ocr_line' id='line_1_6' title="bbox 220 443 1787 492; baseline 0 -12"><span class='ocrx_word' id='word_1_36' title='bbox 220 444 393 481; x_wconf 88' lang='lat' dir='ltr'>Vtinam</span> <span class='ocrx_word' id='word_1_37' title='bbox 416 448 459 480; x_wconf 91' lang='lat' dir='ltr'>ct</span> <span class='ocrx_word' id='word_1_38' title='bbox 481 443 615 480; x_wconf 88' lang='lat' dir='ltr'>altera</span> <span class='ocrx_word' id='word_1_39' title='bbox 638 456 735 492; x_wconf 85' lang='lat' dir='ltr'>pars</span> <span class='ocrx_word' id='word_1_40' title='bbox 761 445 817 481; x_wconf 89' lang='lat' dir='ltr'>sic</span> <span class='ocrx_word' id='word_1_41' title='bbox 844 445 1042 481; x_wconf 88' lang='lat' dir='ltr'>mitescat</span> <span class='ocrx_word' id='word_1_42' title='bbox 1069 450 1115 481; x_wconf 79' lang='lat' dir='ltr'>vt</span> <span class='ocrx_word' id='word_1_43' title='bbox 1144 456 1289 480; x_wconf 81' lang='lat' dir='ltr'>omnes</span> <span class='ocrx_word' id='word_1_44' title='bbox 1319 443 1541 480; x_wconf 77' lang='lat' dir='ltr'>redeamus</span> <span class='ocrx_word' id='word_1_45' title='bbox 1569 444 1623 481; x_wconf 86' lang='lat' dir='ltr'>ad</span> <span class='ocrx_word' id='word_1_46' title='bbox 1652 443 1787 481; x_wconf 84' lang='lat' dir='ltr'>Chris-</span> 
     </span>
     <span class='ocr_line' id='line_1_7' title="bbox 220 498 1787 548; baseline 0 -13"><span class='ocrx_word' id='word_1_47' title='bbox 220 500 382 536; x_wconf 83' lang='lat' dir='ltr'>tianam</span> <span class='ocrx_word' id='word_1_48' title='bbox 414 498 698 535; x_wconf 82' lang='lat' dir='ltr'>concordiam.</span> <span class='ocrx_word' id='word_1_49' title='bbox 760 498 809 535; x_wconf 87' lang='lat' dir='ltr'>Jd</span> <span class='ocrx_word' id='word_1_50' title='bbox 843 499 965 536; x_wconf 88' lang='lat' dir='ltr'>facilc</span> <span class='ocrx_word' id='word_1_51' title='bbox 996 499 1113 535; x_wconf 79' lang='lat' dir='ltr'>tieret</span> <span class='ocrx_word' id='word_1_52' title='bbox 1142 500 1174 535; x_wconf 87' lang='lat' dir='ltr'>si</span> <span class='ocrx_word' id='word_1_53' title='bbox 1205 511 1396 547; x_wconf 73' lang='lat' dir='ltr'>proceres</span> <span class='ocrx_word' id='word_1_54' title='bbox 1428 511 1475 535; x_wconf 86' lang='lat' dir='ltr'>ac</span> <span class='ocrx_word' id='word_1_55' title='bbox 1508 498 1691 548; x_wconf 87' lang='lat' dir='ltr'>populus</span> <span class='ocrx_word' id='word_1_56' title='bbox 1719 512 1787 535; x_wconf 79' lang='lat' dir='ltr'>ex-</span> 
     </span>
     <span class='ocr_line' id='line_1_8' title="bbox 219 552 1788 603; baseline 0.001 -14"><span class='ocrx_word' id='word_1_57' title='bbox 219 565 341 590; x_wconf 90' lang='lat' dir='ltr'>cusso</span> <span class='ocrx_word' id='word_1_58' title='bbox 367 552 528 590; x_wconf 88' lang='lat' dir='ltr'>mundo</span> <span class='ocrx_word' id='word_1_59' title='bbox 555 553 727 589; x_wconf 86' lang='lat' dir='ltr'>sinceris</span> <span class='ocrx_word' id='word_1_60' title='bbox 755 554 907 590; x_wconf 85' lang='lat' dir='ltr'>animis</span> <span class='ocrx_word' id='word_1_61' title='bbox 935 558 1130 603; x_wconf 74' lang='lat' dir='ltr'>spectent</span> <span class='ocrx_word' id='word_1_62' title='bbox 1159 554 1388 590; x_wconf 61' lang='lat' dir='ltr'>(flu-istum.</span> <span class='ocrx_word' id='word_1_63' title='bbox 1450 553 1558 590; x_wconf 85' lang='lat' dir='ltr'>Eum</span> <span class='ocrx_word' id='word_1_64' title='bbox 1588 553 1788 590; x_wconf 81' lang='lat' dir='ltr'>affectum</span> 
     </span>
    </p>

    <p class='ocr_par' dir='ltr' id='par_1_4' title="bbox 159 607 1789 767">
     <span class='ocr_line' id='line_1_9' title="bbox 159 607 1789 657; baseline 0.001 -13"><span class='ocrx_word' id='word_1_65' title='bbox 159 623 198 653; x_wconf 85' lang='lat'>25</span> <span class='ocrx_word' id='word_1_66' title='bbox 220 608 424 645; x_wconf 87' lang='lat' dir='ltr'>haetenus</span> <span class='ocrx_word' id='word_1_67' title='bbox 446 608 575 645; x_wconf 86' lang='lat' dir='ltr'>etiam</span> <span class='ocrx_word' id='word_1_68' title='bbox 594 607 886 645; x_wconf 82' lang='lat' dir='ltr'>sacerdotibus</span> <span class='ocrx_word' id='word_1_69' title='bbox 907 622 954 645; x_wconf 83' lang='lat' dir='ltr'>ac</span> <span class='ocrx_word' id='word_1_70' title='bbox 978 608 1196 645; x_wconf 80' lang='lat' dir='ltr'>monachis</span> <span class='ocrx_word' id='word_1_71' title='bbox 1214 613 1363 657; x_wconf 82' lang='lat' dir='ltr'>optare</span> <span class='ocrx_word' id='word_1_72' title='bbox 1386 608 1483 645; x_wconf 87' lang='lat' dir='ltr'>licet</span> <span class='ocrx_word' id='word_1_73' title='bbox 1507 609 1639 657; x_wconf 83' lang='lat' dir='ltr'>magis</span> <span class='ocrx_word' id='word_1_74' title='bbox 1661 621 1789 657; x_wconf 86' lang='lat' dir='ltr'>quam</span> 
     </span>
     <span class='ocr_line' id='line_1_10' title="bbox 219 662 1789 712; baseline 0 -13"><span class='ocrx_word' id='word_1_75' title='bbox 219 675 402 700; x_wconf 87' lang='lat' dir='ltr'>cernere.</span> <span class='ocrx_word' id='word_1_76' title='bbox 464 662 672 699; x_wconf 81' lang='lat' dir='ltr'>Dominus</span> <span class='ocrx_word' id='word_1_77' title='bbox 697 663 925 712; x_wconf 77' lang='lat' dir='ltr'>inspirabit</span> <span class='ocrx_word' id='word_1_78' title='bbox 954 663 1152 700; x_wconf 86' lang='lat' dir='ltr'>omnibus</span> <span class='ocrx_word' id='word_1_79' title='bbox 1180 664 1293 712; x_wconf 85' lang='lat' dir='ltr'>piam</span> <span class='ocrx_word' id='word_1_80' title='bbox 1324 675 1559 712; x_wconf 84' lang='lat' dir='ltr'>puramque</span> <span class='ocrx_word' id='word_1_81' title='bbox 1590 668 1789 707; x_wconf 82' lang='lat' dir='ltr'>mentem,</span> 
     </span>
     <span class='ocr_line' id='line_1_11' title="bbox 218 717 1185 767; baseline 0.001 -13"><span class='ocrx_word' id='word_1_82' title='bbox 218 730 312 754; x_wconf 92' lang='lat' dir='ltr'>cum</span> <span class='ocrx_word' id='word_1_83' title='bbox 336 718 415 766; x_wconf 89' lang='lat' dir='ltr'>ipsi</span> <span class='ocrx_word' id='word_1_84' title='bbox 438 717 655 754; x_wconf 84' lang='lat' dir='ltr'>videbitur</span> <span class='ocrx_word' id='word_1_85' title='bbox 675 722 719 754; x_wconf 89' lang='lat' dir='ltr'>et</span> <span class='ocrx_word' id='word_1_86' title='bbox 740 730 816 754; x_wconf 90' lang='lat' dir='ltr'>nos</span> <span class='ocrx_word' id='word_1_87' title='bbox 839 718 1185 767; x_wconf 75' lang='lat' dir='ltr'>promerebimur.</span> 
     </span>
    </p>

    <p class='ocr_par' dir='ltr' id='par_1_5' title="bbox 219 771 1790 875">
     <span class='ocr_line' id='line_1_12' title="bbox 273 771 1789 822; baseline 0 -13"><span class='ocrx_word' id='word_1_88' title='bbox 273 772 315 809; x_wconf 71' lang='lat' dir='ltr'>Si</span> <span class='ocrx_word' id='word_1_89' title='bbox 343 772 443 820; x_wconf 90' lang='lat' dir='ltr'>quid</span> <span class='ocrx_word' id='word_1_90' title='bbox 473 777 574 821; x_wconf 87' lang='lat' dir='ltr'>agat</span> <span class='ocrx_word' id='word_1_91' title='bbox 602 777 703 809; x_wconf 91' lang='lat' dir='ltr'>tuus</span> <span class='ocrx_word' id='word_1_92' title='bbox 731 771 960 809; x_wconf 76' lang='lat' dir='ltr'>clientulus</span> <span class='ocrx_word' id='word_1_93' title='bbox 989 774 1093 810; x_wconf 84' lang='lat' dir='ltr'>seire</span> <span class='ocrx_word' id='word_1_94' title='bbox 1122 773 1252 822; x_wconf 76' lang='lat' dir='ltr'>cupis,</span> <span class='ocrx_word' id='word_1_95' title='bbox 1282 772 1421 809; x_wconf 90' lang='lat' dir='ltr'>adhuc</span> <span class='ocrx_word' id='word_1_96' title='bbox 1449 772 1598 809; x_wconf 75' lang='lat' dir='ltr'>edifieo</span> <span class='ocrx_word' id='word_1_97' title='bbox 1628 773 1666 809; x_wconf 93' lang='lat' dir='ltr'>in</span> <span class='ocrx_word' id='word_1_98' title='bbox 1699 785 1789 822; x_wconf 91' lang='lat' dir='ltr'>pro-</span> 
     </span>
     <span class='ocr_line' id='line_1_13' title="bbox 219 826 1790 875; baseline 0 -12"><span class='ocrx_word' id='word_1_99' title='bbox 219 827 320 875; x_wconf 91' lang='lat' dir='ltr'>priis</span> <span class='ocrx_word' id='word_1_100' title='bbox 341 826 504 871; x_wconf 79' lang='lat' dir='ltr'>edibus,</span> <span class='ocrx_word' id='word_1_101' title='bbox 528 839 612 863; x_wconf 91' lang='lat' dir='ltr'>non</span> <span class='ocrx_word' id='word_1_102' title='bbox 634 827 722 863; x_wconf 92' lang='lat' dir='ltr'>sine</span> <span class='ocrx_word' id='word_1_103' title='bbox 745 839 898 871; x_wconf 73' lang='lat' dir='ltr'>magna</span> <span class='ocrx_word' id='word_1_104' title='bbox 919 828 1049 864; x_wconf 84' lang='lat' dir='ltr'>animi</span> <span class='ocrx_word' id='word_1_105' title='bbox 1072 828 1280 872; x_wconf 82' lang='lat' dir='ltr'>molestia,</span> <span class='ocrx_word' id='word_1_106' title='bbox 1304 840 1379 864; x_wconf 87' lang='lat' dir='ltr'>nec</span> <span class='ocrx_word' id='word_1_107' title='bbox 1402 827 1602 864; x_wconf 87' lang='lat' dir='ltr'>mediocri</span> <span class='ocrx_word' id='word_1_108' title='bbox 1625 827 1790 864; x_wconf 82' lang='lat' dir='ltr'>valetu-</span> 
     </span>
    </p>

    <p class='ocr_par' dir='ltr' id='par_1_6' title="bbox 159 880 1792 1094">
     <span class='ocr_line' id='line_1_14' title="bbox 159 880 1791 931; baseline 0.001 -14"><span class='ocrx_word' id='word_1_109' title='bbox 159 898 200 927; x_wconf 86' lang='lat'>30</span> <span class='ocrx_word' id='word_1_110' title='bbox 219 881 328 918; x_wconf 89' lang='lat' dir='ltr'>dinis</span> <span class='ocrx_word' id='word_1_111' title='bbox 350 881 583 931; x_wconf 89' lang='lat' dir='ltr'>dispendio.</span> <span class='ocrx_word' id='word_1_112' title='bbox 631 880 711 918; x_wconf 79' lang='lat' dir='ltr'>Sed</span> <span class='ocrx_word' id='word_1_113' title='bbox 728 882 910 919; x_wconf 90' lang='lat' dir='ltr'>meditor</span> <span class='ocrx_word' id='word_1_114' title='bbox 928 882 1144 926; x_wconf 72' lang='lat' dir='ltr'>desistere,</span> <span class='ocrx_word' id='word_1_115' title='bbox 1164 895 1246 919; x_wconf 86' lang='lat' dir='ltr'>non</span> <span class='ocrx_word' id='word_1_116' title='bbox 1265 882 1436 931; x_wconf 86' lang='lat' dir='ltr'>quidem</span> <span class='ocrx_word' id='word_1_117' title='bbox 1455 882 1664 919; x_wconf 77' lang='lat' dir='ltr'>absolutis</span> <span class='ocrx_word' id='word_1_118' title='bbox 1681 895 1791 931; x_wconf 84' lang='lat' dir='ltr'>quae</span> 
     </span>
     <span class='ocr_line' id='line_1_15' title="bbox 220 935 1792 980; baseline 0.001 -8"><span class='ocrx_word' id='word_1_119' title='bbox 220 935 481 980; x_wconf 89' lang='lat' dir='ltr'>volebamus,</span> <span class='ocrx_word' id='word_1_120' title='bbox 505 936 577 973; x_wconf 91' lang='lat' dir='ltr'>sed</span> <span class='ocrx_word' id='word_1_121' title='bbox 600 935 852 973; x_wconf 81' lang='lat' dir='ltr'>lassitudine</span> <span class='ocrx_word' id='word_1_122' title='bbox 873 941 916 973; x_wconf 85' lang='lat' dir='ltr'>et</span> <span class='ocrx_word' id='word_1_123' title='bbox 937 937 1159 974; x_wconf 83' lang='lat' dir='ltr'>exhaustis</span> <span class='ocrx_word' id='word_1_124' title='bbox 1184 937 1236 974; x_wconf 87' lang='lat' dir='ltr'>ad</span> <span class='ocrx_word' id='word_1_125' title='bbox 1261 938 1392 974; x_wconf 86' lang='lat' dir='ltr'>imum</span> <span class='ocrx_word' id='word_1_126' title='bbox 1424 936 1582 974; x_wconf 88' lang='lat' dir='ltr'>loculis.</span> <span class='ocrx_word' id='word_1_127' title='bbox 1643 936 1684 973; x_wconf 71' lang='lat' dir='ltr'>Si</span> <span class='ocrx_word' id='word_1_128' title='bbox 1716 941 1792 973; x_wconf 88' lang='lat' dir='ltr'>tua</span> 
     </span>
     <span class='ocr_line' id='line_1_16' title="bbox 217 989 1788 1041; baseline 0.001 -14"><span class='ocrx_word' id='word_1_129' title='bbox 217 989 438 1027; x_wconf 89' lang='lat' dir='ltr'>Celsitudo</span> <span class='ocrx_word' id='word_1_130' title='bbox 466 995 578 1028; x_wconf 90' lang='lat' dir='ltr'>recte</span> <span class='ocrx_word' id='word_1_131' title='bbox 607 990 736 1035; x_wconf 83' lang='lat' dir='ltr'>valet,</span> <span class='ocrx_word' id='word_1_132' title='bbox 766 995 831 1028; x_wconf 86' lang='lat' dir='ltr'>est</span> <span class='ocrx_word' id='word_1_133' title='bbox 859 992 974 1040; x_wconf 87' lang='lat' dir='ltr'>quod</span> <span class='ocrx_word' id='word_1_134' title='bbox 1003 992 1234 1041; x_wconf 88' lang='lat' dir='ltr'>plurimum</span> <span class='ocrx_word' id='word_1_135' title='bbox 1263 992 1486 1041; x_wconf 79' lang='lat' dir='ltr'>gaudeam,</span> <span class='ocrx_word' id='word_1_136' title='bbox 1518 993 1580 1028; x_wconf 85' lang='lat' dir='ltr'>vir</span> <span class='ocrx_word' id='word_1_137' title='bbox 1608 992 1788 1028; x_wconf 88' lang='lat' dir='ltr'>ornatis-</span> 
     </span>
     <span class='ocr_line' id='line_1_17' title="bbox 218 1045 1263 1094; baseline 0.002 -12"><span class='ocrx_word' id='word_1_138' title='bbox 218 1046 322 1082; x_wconf 83' lang='lat' dir='ltr'>sime</span> <span class='ocrx_word' id='word_1_139' title='bbox 343 1045 531 1094; x_wconf 89' lang='lat' dir='ltr'>mihique</span> <span class='ocrx_word' id='word_1_140' title='bbox 553 1045 700 1082; x_wconf 89' lang='lat' dir='ltr'>multis</span> <span class='ocrx_word' id='word_1_141' title='bbox 721 1046 964 1083; x_wconf 86' lang='lat' dir='ltr'>nominihus</span> <span class='ocrx_word' id='word_1_142' title='bbox 987 1047 1263 1084; x_wconf 74' lang='lat' dir='ltr'>obseruando.</span> 
     </span>
    </p>

    <p class='ocr_par' dir='ltr' id='par_1_7' title="bbox 272 1099 1790 1151">
     <span class='ocr_line' id='line_1_18' title="bbox 272 1099 1790 1151; baseline 0.001 -14"><span class='ocrx_word' id='word_1_143' title='bbox 272 1099 434 1138; x_wconf 86' lang='lat' dir='ltr'>Datum</span> <span class='ocrx_word' id='word_1_144' title='bbox 458 1100 653 1148; x_wconf 82' lang='lat' dir='ltr'>Friburgi</span> <span class='ocrx_word' id='word_1_145' title='bbox 675 1101 877 1150; x_wconf 83' lang='lat' dir='ltr'>postridie</span> <span class='ocrx_word' id='word_1_146' title='bbox 894 1101 1034 1139; x_wconf 76' lang='lat' dir='ltr'>Ualen.</span> <span class='ocrx_word' id='word_1_147' title='bbox 1059 1101 1321 1151; x_wconf 62' lang='lat' dir='ltr'>Septembris</span> <span class='ocrx_word' id='word_1_148' title='bbox 1338 1101 1464 1139; x_wconf 83' lang='lat' dir='ltr'>Anno</span> <span class='ocrx_word' id='word_1_149' title='bbox 1483 1101 1653 1140; x_wconf 87' lang='lat' dir='ltr'>Domini</span> <span class='ocrx_word' id='word_1_150' title='bbox 1674 1111 1790 1149; x_wconf 81' lang='lat'>1532.</span> 
     </span>
    </p>
   </div>
   <div class='ocr_carea' id='block_1_3' title="bbox 446 1231 1567 1273">
    <p class='ocr_par' dir='ltr' id='par_1_8' title="bbox 446 1231 1567 1273">
     <span class='ocr_line' id='line_1_19' title="bbox 446 1231 1567 1273; baseline 0.001 -2"><span class='ocrx_word' id='word_1_151' title='bbox 446 1235 575 1272; x_wconf 81' lang='lat'>2714.</span> <span class='ocrx_word' id='word_1_152' title='bbox 642 1231 779 1272; x_wconf 81' lang='lat' dir='ltr'>FROM</span> <span class='ocrx_word' id='word_1_153' title='bbox 803 1232 1143 1273; x_wconf 79' lang='lat' dir='ltr'>CHRISTOPHER</span> <span class='ocrx_word' id='word_1_154' title='bbox 1167 1233 1567 1273; x_wconf 75' lang='lat' dir='ltr'>EsCHENFELDER.</span> 
     </span>
    </p>
   </div>
   <div class='ocr_carea' id='block_1_4' title="bbox 266 1327 1742 1423">
    <p class='ocr_par' dir='ltr' id='par_1_9' title="bbox 266 1327 1742 1423">
     <span class='ocr_line' id='line_1_20' title="bbox 266 1327 1643 1373; baseline 0.001 -13"><span class='ocrx_word' id='word_1_155' title='bbox 266 1327 427 1371; x_wconf 78' lang='lat' dir='ltr'>Leipzig</span> <span class='ocrx_word' id='word_1_156' title='bbox 445 1327 527 1361; x_wconf 82' lang='lat' dir='ltr'>MS.</span> <span class='ocrx_word' id='word_1_157' title='bbox 1437 1329 1643 1373; x_wconf 86' lang='lat' dir='ltr'>Boppard.</span> 
     </span>
     <span class='ocr_line' id='line_1_21' title="bbox 266 1377 1742 1423; baseline 0.001 -13"><span class='ocrx_word' id='word_1_158' title='bbox 266 1377 351 1411; x_wconf 89' lang='grc' dir='ltr'>ΕΕ.</span> <span class='ocrx_word' id='word_1_159' title='bbox 375 1385 457 1420; x_wconf 92' lang='lat'>177.</span> <span class='ocrx_word' id='word_1_160' title='bbox 1340 1389 1357 1412; x_wconf 81' lang='lat'>2</span> <span class='ocrx_word' id='word_1_161' title='bbox 1380 1378 1615 1423; x_wconf 76' lang='lat' dir='ltr'>September</span> <span class='ocrx_word' id='word_1_162' title='bbox 1638 1388 1742 1421; x_wconf 82' lang='lat'>1532.</span> 
     </span>
    </p>
   </div>
   <div class='ocr_carea' id='block_1_5' title="bbox 159 1443 1793 2585">
    <p class='ocr_par' dir='ltr' id='par_1_10' title="bbox 216 1443 1793 1529">
     <span class='ocr_line' id='line_1_22' title="bbox 261 1443 1793 1485; baseline 0.001 -12"><span class='ocrx_word' id='word_1_163' title='bbox 261 1444 335 1481; x_wconf 88' lang='lat' dir='ltr'>[An</span> <span class='ocrx_word' id='word_1_164' title='bbox 353 1444 506 1484; x_wconf 85' lang='lat' dir='ltr'>original</span> <span class='ocrx_word' id='word_1_165' title='bbox 524 1443 645 1479; x_wconf 82' lang='lat' dir='ltr'>letter,</span> <span class='ocrx_word' id='word_1_166' title='bbox 663 1445 873 1485; x_wconf 84' lang='lat' dir='ltr'>autograph</span> <span class='ocrx_word' id='word_1_167' title='bbox 891 1445 1120 1485; x_wconf 77' lang='lat' dir='ltr'>throughout</span> <span class='ocrx_word' id='word_1_168' title='bbox 1135 1458 1141 1476; x_wconf 84' lang='lat'><strong>:</strong></span> <span class='ocrx_word' id='word_1_169' title='bbox 1168 1456 1215 1476; x_wconf 90' lang='lat' dir='ltr'>on</span> <span class='ocrx_word' id='word_1_170' title='bbox 1233 1446 1296 1476; x_wconf 82' lang='lat' dir='ltr'>the</span> <span class='ocrx_word' id='word_1_171' title='bbox 1315 1446 1427 1476; x_wconf 82' lang='lat' dir='ltr'>blank</span> <span class='ocrx_word' id='word_1_172' title='bbox 1450 1445 1526 1476; x_wconf 82' lang='lat' dir='ltr'>half</span> <span class='ocrx_word' id='word_1_173' title='bbox 1547 1445 1584 1475; x_wconf 85' lang='lat' dir='ltr'>of</span> <span class='ocrx_word' id='word_1_174' title='bbox 1608 1446 1670 1475; x_wconf 91' lang='lat' dir='ltr'>the</span> <span class='ocrx_word' id='word_1_175' title='bbox 1688 1455 1793 1475; x_wconf 78' lang='lat' dir='ltr'>verso</span> 
     </span>
     <span class='ocr_line' id='line_1_23' title="bbox 216 1488 1792 1529; baseline 0.001 -12"><span class='ocrx_word' id='word_1_176' title='bbox 216 1497 278 1518; x_wconf 80' lang='lat' dir='ltr'>are</span> <span class='ocrx_word' id='word_1_177' title='bbox 289 1498 388 1518; x_wconf 87' lang='lat' dir='ltr'>some</span> <span class='ocrx_word' id='word_1_178' title='bbox 400 1488 509 1528; x_wconf 81' lang='lat' dir='ltr'>hasty</span> <span class='ocrx_word' id='word_1_179' title='bbox 521 1488 738 1529; x_wconf 86' lang='lat' dir='ltr'>scribblings</span> <span class='ocrx_word' id='word_1_180' title='bbox 750 1489 799 1529; x_wconf 82' lang='lat' dir='ltr'>by</span> <span class='ocrx_word' id='word_1_181' title='bbox 811 1489 998 1520; x_wconf 84' lang='lat' dir='ltr'>Erasmus.</span> <span class='ocrx_word' id='word_1_182' title='bbox 1030 1490 1100 1520; x_wconf 84' lang='lat' dir='ltr'>For</span> <span class='ocrx_word' id='word_1_183' title='bbox 1114 1490 1387 1525; x_wconf 63' lang='lat' dir='ltr'>Eschenfelden</span> <span class='ocrx_word' id='word_1_184' title='bbox 1402 1490 1466 1520; x_wconf 82' lang='lat' dir='ltr'>See</span> <span class='ocrx_word' id='word_1_185' title='bbox 1481 1490 1550 1529; x_wconf 87' lang='lat' dir='ltr'>Ep.</span> <span class='ocrx_word' id='word_1_186' title='bbox 1564 1491 1628 1528; x_wconf 77' lang='lat'>879</span> <span class='ocrx_word' id='word_1_187' title='bbox 1642 1489 1792 1526; x_wconf 74' lang='lat' dir='ltr'>introd]</span> 
     </span>
    </p>

    <p class='ocr_par' dir='ltr' id='par_1_11' title="bbox 216 1546 1792 1759">
     <span class='ocr_line' id='line_1_24' title="bbox 274 1546 1790 1599; baseline 0.001 -15"><span class='ocrx_word' id='word_1_188' title='bbox 274 1546 311 1585; x_wconf 84' lang='lat' dir='ltr'>S.</span> <span class='ocrx_word' id='word_1_189' title='bbox 336 1547 380 1585; x_wconf 91' lang='lat' dir='ltr'>P.</span> <span class='ocrx_word' id='word_1_190' title='bbox 405 1547 455 1585; x_wconf 91' lang='lat' dir='ltr'>D.</span> <span class='ocrx_word' id='word_1_191' title='bbox 516 1547 775 1586; x_wconf 80' lang='lat' dir='ltr'>Inmortales</span> <span class='ocrx_word' id='word_1_192' title='bbox 805 1561 884 1598; x_wconf 91' lang='lat' dir='ltr'>ago</span> <span class='ocrx_word' id='word_1_193' title='bbox 914 1549 993 1586; x_wconf 85' lang='lat' dir='ltr'>tibi</span> <span class='ocrx_word' id='word_1_194' title='bbox 1023 1551 1187 1599; x_wconf 79' lang='lat' dir='ltr'>gracias</span> <span class='ocrx_word' id='word_1_195' title='bbox 1218 1554 1261 1587; x_wconf 91' lang='lat' dir='ltr'>et</span> <span class='ocrx_word' id='word_1_196' title='bbox 1293 1549 1460 1586; x_wconf 84' lang='lat' dir='ltr'>habebo</span> <span class='ocrx_word' id='word_1_197' title='bbox 1495 1549 1597 1586; x_wconf 86' lang='lat' dir='ltr'>dum</span> <span class='ocrx_word' id='word_1_198' title='bbox 1632 1550 1790 1593; x_wconf 77' lang='lat' dir='ltr'>vixero,</span> 
     </span>
     <span class='ocr_line' id='line_1_25' title="bbox 218 1601 1792 1653; baseline 0.002 -15"><span class='ocrx_word' id='word_1_199' title='bbox 218 1601 394 1639; x_wconf 85' lang='lat' dir='ltr'>Erasme</span> <span class='ocrx_word' id='word_1_200' title='bbox 419 1602 662 1640; x_wconf 86' lang='lat' dir='ltr'>doctissime</span> <span class='ocrx_word' id='word_1_201' title='bbox 687 1603 885 1652; x_wconf 89' lang='lat' dir='ltr'>idemque</span> <span class='ocrx_word' id='word_1_202' title='bbox 913 1605 1056 1642; x_wconf 88' lang='lat' dir='ltr'>animo</span> <span class='ocrx_word' id='word_1_203' title='bbox 1085 1617 1179 1642; x_wconf 89' lang='lat' dir='ltr'>meo</span> <span class='ocrx_word' id='word_1_204' title='bbox 1206 1605 1464 1647; x_wconf 81' lang='lat' dir='ltr'>charissime,</span> <span class='ocrx_word' id='word_1_205' title='bbox 1488 1605 1560 1653; x_wconf 91' lang='lat' dir='ltr'>qui</span> <span class='ocrx_word' id='word_1_206' title='bbox 1590 1605 1699 1641; x_wconf 87' lang='lat' dir='ltr'>inter</span> <span class='ocrx_word' id='word_1_207' title='bbox 1725 1608 1792 1641; x_wconf 85' lang='lat' dir='ltr'>tot</span> 
     </span>
     <span class='ocr_line' id='line_1_26' title="bbox 216 1658 1791 1709; baseline 0.002 -16"><span class='ocrx_word' id='word_1_208' title='bbox 216 1660 260 1694; x_wconf 86' lang='lat' dir='ltr'>et</span> <span class='ocrx_word' id='word_1_209' title='bbox 286 1660 412 1694; x_wconf 86' lang='lat' dir='ltr'>tanta</span> <span class='ocrx_word' id='word_1_210' title='bbox 433 1658 606 1706; x_wconf 88' lang='lat' dir='ltr'>negocia</span> <span class='ocrx_word' id='word_1_211' title='bbox 628 1671 693 1695; x_wconf 91' lang='lat' dir='ltr'>me</span> <span class='ocrx_word' id='word_1_212' title='bbox 716 1658 802 1696; x_wconf 89' lang='lat' dir='ltr'>tuis</span> <span class='ocrx_word' id='word_1_213' title='bbox 828 1659 1141 1696; x_wconf 85' lang='lat' dir='ltr'>iucundissimis</span> <span class='ocrx_word' id='word_1_214' title='bbox 1170 1659 1304 1696; x_wconf 85' lang='lat' dir='ltr'>literis</span> <span class='ocrx_word' id='word_1_215' title='bbox 1329 1659 1531 1709; x_wconf 89' lang='lat' dir='ltr'>dignatus</span> <span class='ocrx_word' id='word_1_216' title='bbox 1559 1660 1615 1696; x_wconf 86' lang='lat' dir='ltr'>sis</span> <span class='ocrx_word' id='word_1_217' title='bbox 1641 1659 1791 1696; x_wconf 88' lang='lat' dir='ltr'>honor-</span> 
     </span>
     <span class='ocr_line' id='line_1_27' title="bbox 217 1711 871 1759; baseline 0.005 -11"><span class='ocrx_word' id='word_1_218' title='bbox 217 1724 299 1749; x_wconf 86' lang='lat' dir='ltr'>are.</span> <span class='ocrx_word' id='word_1_219' title='bbox 354 1711 514 1749; x_wconf 88' lang='lat' dir='ltr'>Vellem</span> <span class='ocrx_word' id='word_1_220' title='bbox 538 1712 617 1749; x_wconf 89' lang='lat' dir='ltr'>tibi</span> <span class='ocrx_word' id='word_1_221' title='bbox 639 1717 871 1759; x_wconf 83' lang='lat' dir='ltr'>constaret,</span> 
     </span>
    </p>

    <p class='ocr_par' dir='ltr' id='par_1_12' title="bbox 178 1768 1793 2037">
     <span class='ocr_line' id='line_1_28' title="bbox 178 1768 1483 1818; baseline 0.002 -15"><span class='ocrx_word' id='word_1_222' title='bbox 178 1785 197 1815; x_wconf 85' lang='lat'>5</span> <span class='ocrx_word' id='word_1_223' title='bbox 522 1772 735 1816; x_wconf 87' lang='lat' dir='ltr'>quantum</span> <span class='ocrx_word' id='word_1_224' title='bbox 758 1768 861 1805; x_wconf 87' lang='lat' dir='ltr'>mihi</span> <span class='ocrx_word' id='word_1_225' title='bbox 883 1772 925 1806; x_wconf 88' lang='lat' dir='ltr'>te</span> <span class='ocrx_word' id='word_1_226' title='bbox 946 1769 1118 1806; x_wconf 90' lang='lat' dir='ltr'>sinuoso</span> <span class='ocrx_word' id='word_1_227' title='bbox 1140 1770 1182 1807; x_wconf 89' lang='lat' dir='ltr'>in</span> <span class='ocrx_word' id='word_1_228' title='bbox 1206 1772 1376 1818; x_wconf 84' lang='lat' dir='ltr'>pectore</span> <span class='ocrx_word' id='word_1_229' title='bbox 1399 1769 1483 1806; x_wconf 81' lang='lat' dir='ltr'>fixi.</span> 
     </span>
     <span class='ocr_line' id='line_1_29' title="bbox 218 1820 1791 1872; baseline 0.001 -15"><span class='ocrx_word' id='word_1_230' title='bbox 218 1820 507 1871; x_wconf 86' lang='lat' dir='ltr'>Polyphemus</span> <span class='ocrx_word' id='word_1_231' title='bbox 529 1822 598 1859; x_wconf 89' lang='lat' dir='ltr'>ille</span> <span class='ocrx_word' id='word_1_232' title='bbox 621 1826 735 1868; x_wconf 88' lang='lat' dir='ltr'>tuus,</span> <span class='ocrx_word' id='word_1_233' title='bbox 758 1823 842 1861; x_wconf 89' lang='lat' dir='ltr'>imo</span> <span class='ocrx_word' id='word_1_234' title='bbox 866 1827 910 1861; x_wconf 84' lang='lat' dir='ltr'>et</span> <span class='ocrx_word' id='word_1_235' title='bbox 938 1837 1068 1870; x_wconf 80' lang='lat' dir='ltr'>meuS,</span> <span class='ocrx_word' id='word_1_236' title='bbox 1092 1824 1367 1861; x_wconf 86' lang='lat' dir='ltr'>vehementer</span> <span class='ocrx_word' id='word_1_237' title='bbox 1395 1824 1498 1860; x_wconf 88' lang='lat' dir='ltr'>mihi</span> <span class='ocrx_word' id='word_1_238' title='bbox 1526 1823 1791 1872; x_wconf 84' lang='lat' dir='ltr'>gratificatus</span> 
     </span>
     <span class='ocr_line' id='line_1_30' title="bbox 217 1876 1791 1925; baseline 0.002 -13"><span class='ocrx_word' id='word_1_239' title='bbox 217 1880 283 1913; x_wconf 89' lang='lat' dir='ltr'>est</span> <span class='ocrx_word' id='word_1_240' title='bbox 323 1876 437 1925; x_wconf 85' lang='lat' dir='ltr'>quod</span> <span class='ocrx_word' id='word_1_241' title='bbox 478 1877 557 1914; x_wconf 90' lang='lat' dir='ltr'>tibi</span> <span class='ocrx_word' id='word_1_242' title='bbox 596 1878 845 1915; x_wconf 85' lang='lat' dir='ltr'>memoriam</span> <span class='ocrx_word' id='word_1_243' title='bbox 884 1880 1020 1916; x_wconf 90' lang='lat' dir='ltr'>nostri</span> <span class='ocrx_word' id='word_1_244' title='bbox 1063 1878 1244 1916; x_wconf 87' lang='lat' dir='ltr'>necdum</span> <span class='ocrx_word' id='word_1_245' title='bbox 1292 1878 1567 1916; x_wconf 86' lang='lat' dir='ltr'>obliteratam</span> <span class='ocrx_word' id='word_1_246' title='bbox 1616 1890 1791 1915; x_wconf 89' lang='lat' dir='ltr'>renoua-</span> 
     </span>
     <span class='ocr_line' id='line_1_31' title="bbox 218 1931 1792 1982; baseline 0.001 -15"><span class='ocrx_word' id='word_1_247' title='bbox 218 1931 341 1968; x_wconf 87' lang='lat' dir='ltr'>uerit.</span> <span class='ocrx_word' id='word_1_248' title='bbox 403 1931 535 1969; x_wconf 92' lang='lat' dir='ltr'>Porro</span> <span class='ocrx_word' id='word_1_249' title='bbox 566 1932 677 1969; x_wconf 90' lang='lat' dir='ltr'>inter</span> <span class='ocrx_word' id='word_1_250' title='bbox 709 1932 934 1982; x_wconf 88' lang='lat' dir='ltr'>legendum</span> <span class='ocrx_word' id='word_1_251' title='bbox 965 1946 1014 1971; x_wconf 90' lang='lat' dir='ltr'>ea</span> <span class='ocrx_word' id='word_1_252' title='bbox 1045 1945 1126 1982; x_wconf 92' lang='lat' dir='ltr'>que</span> <span class='ocrx_word' id='word_1_253' title='bbox 1163 1938 1211 1971; x_wconf 87' lang='lat' dir='ltr'>tu</span> <span class='ocrx_word' id='word_1_254' title='bbox 1248 1933 1299 1970; x_wconf 89' lang='lat' dir='ltr'>de</span> <span class='ocrx_word' id='word_1_255' title='bbox 1335 1933 1408 1970; x_wconf 89' lang='lat' dir='ltr'>illo</span> <span class='ocrx_word' id='word_1_256' title='bbox 1444 1938 1534 1970; x_wconf 89' lang='lat' dir='ltr'>tam</span> <span class='ocrx_word' id='word_1_257' title='bbox 1570 1933 1707 1982; x_wconf 87' lang='lat' dir='ltr'>lepide</span> <span class='ocrx_word' id='word_1_258' title='bbox 1744 1945 1792 1969; x_wconf 84' lang='lat' dir='ltr'>ac</span> 
     </span>
     <span class='ocr_line' id='line_1_32' title="bbox 218 1986 1793 2037; baseline 0.002 -16"><span class='ocrx_word' id='word_1_259' title='bbox 218 1986 409 2023; x_wconf 89' lang='lat' dir='ltr'>suauiter</span> <span class='ocrx_word' id='word_1_260' title='bbox 439 1999 482 2023; x_wconf 89' lang='lat' dir='ltr'>es</span> <span class='ocrx_word' id='word_1_261' title='bbox 513 1992 793 2032; x_wconf 89' lang='lat' dir='ltr'>commentus,</span> <span class='ocrx_word' id='word_1_262' title='bbox 830 1988 937 2025; x_wconf 91' lang='lat' dir='ltr'>mira</span> <span class='ocrx_word' id='word_1_263' title='bbox 972 1988 1155 2037; x_wconf 88' lang='lat' dir='ltr'>quedam</span> <span class='ocrx_word' id='word_1_264' title='bbox 1188 1987 1390 2037; x_wconf 83' lang='lat' dir='ltr'>voluptas</span> <span class='ocrx_word' id='word_1_265' title='bbox 1425 1989 1567 2025; x_wconf 89' lang='lat' dir='ltr'>animo</span> <span class='ocrx_word' id='word_1_266' title='bbox 1603 1987 1793 2037; x_wconf 85' lang='lat' dir='ltr'>obrepsit</span> 
     </span>
    </p>

    <p class='ocr_par' dir='ltr' id='par_1_13' title="bbox 159 2040 1793 2311">
     <span class='ocr_line' id='line_1_33' title="bbox 159 2040 1793 2092; baseline -0.001 -12"><span class='ocrx_word' id='word_1_267' title='bbox 159 2059 198 2080; x_wconf 91' lang='lat'>10</span> <span class='ocrx_word' id='word_1_268' title='bbox 217 2052 322 2077; x_wconf 90' lang='lat' dir='ltr'>mco.</span> <span class='ocrx_word' id='word_1_269' title='bbox 383 2040 446 2078; x_wconf 89' lang='lat' dir='ltr'>De</span> <span class='ocrx_word' id='word_1_270' title='bbox 467 2040 634 2078; x_wconf 90' lang='lat' dir='ltr'>duobus</span> <span class='ocrx_word' id='word_1_271' title='bbox 656 2041 752 2080; x_wconf 90' lang='lat' dir='ltr'>filiis</span> <span class='ocrx_word' id='word_1_272' title='bbox 774 2043 877 2079; x_wconf 84' lang='lat' dir='ltr'>meis</span> <span class='ocrx_word' id='word_1_273' title='bbox 899 2042 1147 2088; x_wconf 90' lang='lat' dir='ltr'>iunioribus,</span> <span class='ocrx_word' id='word_1_274' title='bbox 1175 2043 1289 2092; x_wconf 90' lang='lat' dir='ltr'>quod</span> <span class='ocrx_word' id='word_1_275' title='bbox 1315 2044 1419 2080; x_wconf 88' lang='lat' dir='ltr'>scire</span> <span class='ocrx_word' id='word_1_276' title='bbox 1445 2043 1578 2092; x_wconf 90' lang='lat' dir='ltr'>cupis,</span> <span class='ocrx_word' id='word_1_277' title='bbox 1606 2042 1793 2080; x_wconf 87' lang='lat' dir='ltr'>breuiter</span> 
     </span>
     <span class='ocr_line' id='line_1_34' title="bbox 218 2094 1793 2146; baseline 0.003 -16"><span class='ocrx_word' id='word_1_278' title='bbox 218 2095 275 2131; x_wconf 91' lang='lat' dir='ltr'>sic</span> <span class='ocrx_word' id='word_1_279' title='bbox 316 2094 458 2132; x_wconf 89' lang='lat' dir='ltr'>habet.</span> <span class='ocrx_word' id='word_1_280' title='bbox 520 2095 723 2134; x_wconf 90' lang='lat' dir='ltr'>Maiorem</span> <span class='ocrx_word' id='word_1_281' title='bbox 765 2101 872 2134; x_wconf 90' lang='lat' dir='ltr'>natu</span> <span class='ocrx_word' id='word_1_282' title='bbox 913 2097 1202 2141; x_wconf 87' lang='lat' dir='ltr'>Baltasarum,</span> <span class='ocrx_word' id='word_1_283' title='bbox 1239 2098 1312 2146; x_wconf 90' lang='lat' dir='ltr'>qui</span> <span class='ocrx_word' id='word_1_284' title='bbox 1348 2098 1432 2134; x_wconf 88' lang='lat' dir='ltr'>iam</span> <span class='ocrx_word' id='word_1_285' title='bbox 1468 2098 1591 2134; x_wconf 86' lang='lat' dir='ltr'>annis</span> <span class='ocrx_word' id='word_1_286' title='bbox 1627 2097 1793 2146; x_wconf 86' lang='lat' dir='ltr'>aliquot</span> 
     </span>
     <span class='ocr_line' id='line_1_35' title="bbox 217 2148 1791 2202; baseline 0.002 -17"><span class='ocrx_word' id='word_1_287' title='bbox 217 2148 534 2199; x_wconf 86' lang='lat' dir='ltr'>archiepiscopo</span> <span class='ocrx_word' id='word_1_288' title='bbox 566 2150 814 2189; x_wconf 85' lang='lat' dir='ltr'>Treuerensi</span> <span class='ocrx_word' id='word_1_289' title='bbox 842 2151 926 2189; x_wconf 82' lang='lat' dir='ltr'>fuit</span> <span class='ocrx_word' id='word_1_290' title='bbox 955 2152 1009 2189; x_wconf 90' lang='lat' dir='ltr'>ab</span> <span class='ocrx_word' id='word_1_291' title='bbox 1040 2152 1245 2201; x_wconf 86' lang='lat' dir='ltr'>epistolis.</span> <span class='ocrx_word' id='word_1_292' title='bbox 1282 2151 1489 2202; x_wconf 91' lang='lat' dir='ltr'>despondi</span> <span class='ocrx_word' id='word_1_293' title='bbox 1525 2151 1695 2189; x_wconf 85' lang='lat' dir='ltr'>cuidam</span> <span class='ocrx_word' id='word_1_294' title='bbox 1731 2152 1791 2188; x_wconf 84' lang='lat' dir='ltr'>in·</span> 
     </span>
     <span class='ocr_line' id='line_1_36' title="bbox 216 2204 1790 2259; baseline 0.002 -19"><span class='ocrx_word' id='word_1_295' title='bbox 216 2216 350 2252; x_wconf 88' lang='lat' dir='ltr'>genue</span> <span class='ocrx_word' id='word_1_296' title='bbox 390 2204 553 2254; x_wconf 90' lang='lat' dir='ltr'>ditique</span> <span class='ocrx_word' id='word_1_297' title='bbox 594 2205 731 2254; x_wconf 90' lang='lat' dir='ltr'>puelle</span> <span class='ocrx_word' id='word_1_298' title='bbox 772 2219 823 2243; x_wconf 79' lang='lat' dir='ltr'>ex</span> <span class='ocrx_word' id='word_1_299' title='bbox 862 2206 1041 2244; x_wconf 85' lang='lat' dir='ltr'>honesta</span> <span class='ocrx_word' id='word_1_300' title='bbox 1075 2211 1119 2244; x_wconf 89' lang='lat' dir='ltr'>et</span> <span class='ocrx_word' id='word_1_301' title='bbox 1152 2208 1332 2256; x_wconf 83' lang='lat' dir='ltr'>antiqua</span> <span class='ocrx_word' id='word_1_302' title='bbox 1367 2211 1574 2259; x_wconf 88' lang='lat' dir='ltr'>prognate</span> <span class='ocrx_word' id='word_1_303' title='bbox 1616 2205 1790 2250; x_wconf 86' lang='lat' dir='ltr'>familia.</span> 
     </span>
     <span class='ocr_line' id='line_1_37' title="bbox 217 2257 1791 2311; baseline 0.002 -16"><span class='ocrx_word' id='word_1_304' title='bbox 217 2257 388 2295; x_wconf 87' lang='lat' dir='ltr'>Gabriel</span> <span class='ocrx_word' id='word_1_305' title='bbox 422 2272 522 2296; x_wconf 83' lang='lat' dir='ltr'>vero</span> <span class='ocrx_word' id='word_1_306' title='bbox 559 2262 676 2306; x_wconf 86' lang='lat' dir='ltr'>(nam</span> <span class='ocrx_word' id='word_1_307' title='bbox 712 2261 754 2298; x_wconf 93' lang='lat' dir='ltr'>id</span> <span class='ocrx_word' id='word_1_308' title='bbox 789 2261 913 2298; x_wconf 86' lang='lat' dir='ltr'>alteri</span> <span class='ocrx_word' id='word_1_309' title='bbox 949 2265 1014 2299; x_wconf 90' lang='lat' dir='ltr'>est</span> <span class='ocrx_word' id='word_1_310' title='bbox 1048 2265 1235 2309; x_wconf 74' lang='lat' dir='ltr'>nomen),</span> <span class='ocrx_word' id='word_1_311' title='bbox 1277 2274 1451 2311; x_wconf 87' lang='lat' dir='ltr'>corpore</span> <span class='ocrx_word' id='word_1_312' title='bbox 1487 2262 1626 2298; x_wconf 90' lang='lat' dir='ltr'>minus</span> <span class='ocrx_word' id='word_1_313' title='bbox 1661 2273 1791 2310; x_wconf 89' lang='lat' dir='ltr'>quam</span> 
     </span>
    </p>

    <p class='ocr_par' dir='ltr' id='par_1_14' title="bbox 160 2313 1792 2585">
     <span class='ocr_line' id='line_1_38' title="bbox 160 2313 1792 2366; baseline 0 -14"><span class='ocrx_word' id='word_1_314' title='bbox 160 2331 196 2361; x_wconf 86' lang='lat'>15</span> <span class='ocrx_word' id='word_1_315' title='bbox 216 2313 360 2350; x_wconf 88' lang='lat' dir='ltr'>animo</span> <span class='ocrx_word' id='word_1_316' title='bbox 381 2313 540 2359; x_wconf 75' lang='lat' dir='ltr'>valens,</span> <span class='ocrx_word' id='word_1_317' title='bbox 564 2315 814 2365; x_wconf 87' lang='lat' dir='ltr'>iampridem</span> <span class='ocrx_word' id='word_1_318' title='bbox 841 2316 967 2353; x_wconf 85' lang='lat' dir='ltr'>sacris</span> <span class='ocrx_word' id='word_1_319' title='bbox 994 2316 1194 2354; x_wconf 86' lang='lat' dir='ltr'>iniciatus</span> <span class='ocrx_word' id='word_1_320' title='bbox 1218 2320 1296 2354; x_wconf 87' lang='lat' dir='ltr'>est.</span> <span class='ocrx_word' id='word_1_321' title='bbox 1356 2316 1534 2366; x_wconf 82' lang='lat' dir='ltr'>Coniugi</span> <span class='ocrx_word' id='word_1_322' title='bbox 1562 2328 1692 2361; x_wconf 89' lang='lat' dir='ltr'>meae,</span> <span class='ocrx_word' id='word_1_323' title='bbox 1715 2328 1792 2353; x_wconf 90' lang='lat' dir='ltr'>ceu</span> 
     </span>
     <span class='ocr_line' id='line_1_39' title="bbox 216 2368 1791 2420; baseline 0.001 -16"><span class='ocrx_word' id='word_1_324' title='bbox 216 2368 405 2406; x_wconf 90' lang='lat' dir='ltr'>consorti</span> <span class='ocrx_word' id='word_1_325' title='bbox 425 2370 582 2407; x_wconf 89' lang='lat' dir='ltr'>amoris</span> <span class='ocrx_word' id='word_1_326' title='bbox 603 2382 701 2419; x_wconf 90' lang='lat' dir='ltr'>erga</span> <span class='ocrx_word' id='word_1_327' title='bbox 723 2374 766 2407; x_wconf 90' lang='lat' dir='ltr'>te</span> <span class='ocrx_word' id='word_1_328' title='bbox 788 2371 882 2416; x_wconf 88' lang='lat' dir='ltr'>mei,</span> <span class='ocrx_word' id='word_1_329' title='bbox 906 2383 1070 2420; x_wconf 87' lang='lat' dir='ltr'>semper</span> <span class='ocrx_word' id='word_1_330' title='bbox 1092 2371 1336 2408; x_wconf 83' lang='lat' dir='ltr'>venerabile</span> <span class='ocrx_word' id='word_1_331' title='bbox 1357 2375 1422 2408; x_wconf 88' lang='lat' dir='ltr'>est</span> <span class='ocrx_word' id='word_1_332' title='bbox 1443 2383 1597 2408; x_wconf 90' lang='lat' dir='ltr'>nomen</span> <span class='ocrx_word' id='word_1_333' title='bbox 1625 2370 1791 2407; x_wconf 88' lang='lat' dir='ltr'>Erasmi</span> 
     </span>
     <span class='ocr_line' id='line_1_40' title="bbox 216 2422 1790 2475; baseline 0.002 -16"><span class='ocrx_word' id='word_1_334' title='bbox 216 2423 280 2459; x_wconf 92' lang='lat' dir='ltr'>sui</span> <span class='ocrx_word' id='word_1_335' title='bbox 313 2422 605 2469; x_wconf 88' lang='lat' dir='ltr'>Roterodami‚</span> <span class='ocrx_word' id='word_1_336' title='bbox 631 2424 866 2474; x_wconf 87' lang='lat' dir='ltr'>eademque</span> <span class='ocrx_word' id='word_1_337' title='bbox 894 2429 937 2462; x_wconf 91' lang='lat' dir='ltr'>te</span> <span class='ocrx_word' id='word_1_338' title='bbox 965 2425 1198 2475; x_wconf 91' lang='lat' dir='ltr'>plurimum</span> <span class='ocrx_word' id='word_1_339' title='bbox 1225 2425 1389 2463; x_wconf 87' lang='lat' dir='ltr'>saluere</span> <span class='ocrx_word' id='word_1_340' title='bbox 1414 2426 1545 2463; x_wconf 87' lang='lat' dir='ltr'>iubet.</span> <span class='ocrx_word' id='word_1_341' title='bbox 1607 2424 1729 2471; x_wconf 86' lang='lat' dir='ltr'>Quod</span> <span class='ocrx_word' id='word_1_342' title='bbox 1757 2425 1790 2462; x_wconf 92' lang='lat' dir='ltr'>si</span> 
     </span>
     <span class='ocr_line' id='line_1_41' title="bbox 217 2477 1791 2530; baseline 0.002 -17"><span class='ocrx_word' id='word_1_343' title='bbox 217 2480 260 2514; x_wconf 90' lang='lat' dir='ltr'>te</span> <span class='ocrx_word' id='word_1_344' title='bbox 295 2478 452 2515; x_wconf 90' lang='lat' dir='ltr'>nostris</span> <span class='ocrx_word' id='word_1_345' title='bbox 487 2477 602 2516; x_wconf 89' lang='lat' dir='ltr'>Deus</span> <span class='ocrx_word' id='word_1_346' title='bbox 635 2491 827 2528; x_wconf 84' lang='lat' dir='ltr'>vnquam</span> <span class='ocrx_word' id='word_1_347' title='bbox 867 2480 1084 2529; x_wconf 86' lang='lat' dir='ltr'>adpulerit</span> <span class='ocrx_word' id='word_1_348' title='bbox 1125 2482 1221 2526; x_wconf 92' lang='lat' dir='ltr'>oris,</span> <span class='ocrx_word' id='word_1_349' title='bbox 1259 2480 1374 2530; x_wconf 90' lang='lat' dir='ltr'>quod</span> <span class='ocrx_word' id='word_1_350' title='bbox 1413 2480 1611 2530; x_wconf 85' lang='lat' dir='ltr'>equidem</span> <span class='ocrx_word' id='word_1_351' title='bbox 1652 2492 1791 2529; x_wconf 88' lang='lat' dir='ltr'>spera-</span> 
     </span>
     <span class='ocr_line' id='line_1_42' title="bbox 216 2531 1790 2585; baseline 0.002 -17"><span class='ocrx_word' id='word_1_352' title='bbox 216 2544 311 2569; x_wconf 86' lang='lat' dir='ltr'>mus</span> <span class='ocrx_word' id='word_1_353' title='bbox 340 2531 550 2578; x_wconf 85' lang='lat' dir='ltr'>futurum,</span> <span class='ocrx_word' id='word_1_354' title='bbox 579 2535 838 2583; x_wconf 80' lang='lat' dir='ltr'>excipiemus</span> <span class='ocrx_word' id='word_1_355' title='bbox 867 2538 910 2572; x_wconf 89' lang='lat' dir='ltr'>te</span> <span class='ocrx_word' id='word_1_356' title='bbox 939 2539 1121 2572; x_wconf 89' lang='lat' dir='ltr'>ouantes</span> <span class='ocrx_word' id='word_1_357' title='bbox 1154 2535 1460 2585; x_wconf 88' lang='lat' dir='ltr'>magnificeque</span> <span class='ocrx_word' id='word_1_358' title='bbox 1495 2534 1790 2572; x_wconf 86' lang='lat' dir='ltr'>tractabimus.</span> 
     </span>
    </p>
   </div>
   <div class='ocr_carea' id='block_1_6' title="bbox 213 2620 1790 2925">
    <p class='ocr_par' dir='ltr' id='par_1_15' title="bbox 213 2620 1790 2794">
     <span class='ocr_line' id='line_1_43' title="bbox 261 2620 1790 2663; baseline 0.002 -13"><span class='ocrx_word' id='word_1_359' title='bbox 261 2620 356 2651; x_wconf 86' lang='lat'>2713.</span> <span class='ocrx_word' id='word_1_360' title='bbox 387 2622 435 2652; x_wconf 87' lang='lat'>18.</span> <span class='ocrx_word' id='word_1_361' title='bbox 463 2620 557 2661; x_wconf 57' lang='lat' dir='ltr'>fite:</span> <span class='ocrx_word' id='word_1_362' title='bbox 584 2622 632 2652; x_wconf 82' lang='lat' dir='ltr'>sit</span> <span class='ocrx_word' id='word_1_363' title='bbox 647 2634 676 2652; x_wconf 87' lang='grc' dir='ltr'>α.</span> <span class='ocrx_word' id='word_1_364' title='bbox 761 2632 811 2659; x_wconf 80' lang='lat'>19.</span> <span class='ocrx_word' id='word_1_365' title='bbox 838 2623 1053 2654; x_wconf 84' lang='lat' dir='ltr'>ominantur</span> <span class='ocrx_word' id='word_1_366' title='bbox 1068 2623 1108 2663; x_wconf 86' lang='grc' dir='ltr'>β;</span> <span class='ocrx_word' id='word_1_367' title='bbox 1135 2624 1352 2655; x_wconf 83' lang='lat' dir='ltr'>animantur</span> <span class='ocrx_word' id='word_1_368' title='bbox 1366 2636 1396 2654; x_wconf 88' lang='grc' dir='ltr'>α.</span> <span class='ocrx_word' id='word_1_369' title='bbox 1491 2633 1542 2653; x_wconf 92' lang='lat'>20.</span> <span class='ocrx_word' id='word_1_370' title='bbox 1569 2623 1691 2653; x_wconf 80' lang='lat' dir='ltr'>omina</span> <span class='ocrx_word' id='word_1_371' title='bbox 1706 2624 1790 2654; x_wconf 77' lang='lat' dir='ltr'>scri-</span> 
     </span>
     <span class='ocr_line' id='line_1_44' title="bbox 213 2664 1790 2708; baseline 0.001 -13"><span class='ocrx_word' id='word_1_372' title='bbox 213 2665 379 2704; x_wconf 71' lang='lat' dir='ltr'>psimus:</span> <span class='ocrx_word' id='word_1_373' title='bbox 405 2666 529 2695; x_wconf 82' lang='lat' dir='ltr'>omnia</span> <span class='ocrx_word' id='word_1_374' title='bbox 542 2664 653 2696; x_wconf 83' lang='lat' dir='ltr'>MSS.</span> <span class='ocrx_word' id='word_1_375' title='bbox 756 2676 810 2697; x_wconf 83' lang='lat'>21.</span> <span class='ocrx_word' id='word_1_376' title='bbox 836 2671 987 2707; x_wconf 88' lang='lat' dir='ltr'>sperent</span> <span class='ocrx_word' id='word_1_377' title='bbox 1005 2680 1022 2697; x_wconf 81' lang='lat' dir='ltr'>a</span> <span class='ocrx_word' id='word_1_378' title='bbox 1039 2680 1045 2698; x_wconf 91' lang='lat'>:</span> <span class='ocrx_word' id='word_1_379' title='bbox 1153 2672 1306 2708; x_wconf 81' lang='lat' dir='ltr'>sperant</span> <span class='ocrx_word' id='word_1_380' title='bbox 1321 2667 1353 2708; x_wconf 87' lang='grc' dir='ltr'>β</span> <span class='ocrx_word' id='word_1_381' title='bbox 1461 2677 1514 2698; x_wconf 88' lang='lat'>22.</span> <span class='ocrx_word' id='word_1_382' title='bbox 1541 2667 1733 2697; x_wconf 84' lang='lat' dir='ltr'>redeamus</span> <span class='ocrx_word' id='word_1_383' title='bbox 1747 2666 1769 2706; x_wconf 87' lang='grc' dir='ltr'>β</span> <span class='ocrx_word' id='word_1_384' title='bbox 1784 2679 1790 2697; x_wconf 92' lang='lat'>:</span> 
     </span>
     <span class='ocr_line' id='line_1_45' title="bbox 215 2707 1789 2752; baseline 0.001 -14"><span class='ocrx_word' id='word_1_385' title='bbox 215 2707 456 2739; x_wconf 86' lang='lat' dir='ltr'>rededeamus</span> <span class='ocrx_word' id='word_1_386' title='bbox 470 2721 499 2738; x_wconf 87' lang='grc' dir='ltr'>α.</span> <span class='ocrx_word' id='word_1_387' title='bbox 655 2719 752 2750; x_wconf 83' lang='lat'>23—4.</span> <span class='ocrx_word' id='word_1_388' title='bbox 779 2720 933 2741; x_wconf 82' lang='lat' dir='ltr'>excusso</span> <span class='ocrx_word' id='word_1_389' title='bbox 948 2710 990 2750; x_wconf 76' lang='lat' dir='ltr'>B:</span> <span class='ocrx_word' id='word_1_390' title='bbox 1017 2721 1152 2742; x_wconf 79' lang='lat' dir='ltr'>excuso</span> <span class='ocrx_word' id='word_1_391' title='bbox 1170 2724 1200 2742; x_wconf 85' lang='grc' dir='ltr'>α.</span> <span class='ocrx_word' id='word_1_392' title='bbox 1349 2721 1400 2752; x_wconf 80' lang='lat'>24.</span> <span class='ocrx_word' id='word_1_393' title='bbox 1428 2711 1560 2742; x_wconf 81' lang='lat' dir='ltr'>animis</span> <span class='ocrx_word' id='word_1_394' title='bbox 1578 2724 1609 2747; x_wconf 84' lang='grc' dir='ltr'>α,</span> <span class='ocrx_word' id='word_1_395' title='bbox 1635 2711 1741 2742; x_wconf 80' lang='lat' dir='ltr'>annis</span> <span class='ocrx_word' id='word_1_396' title='bbox 1756 2710 1789 2750; x_wconf 89' lang='grc' dir='ltr'>β.</span> 
     </span>
     <span class='ocr_line' id='line_1_46' title="bbox 216 2751 992 2794; baseline 0.004 -12"><span class='ocrx_word' id='word_1_397' title='bbox 216 2752 312 2782; x_wconf 89' lang='lat' dir='ltr'>Eum</span> <span class='ocrx_word' id='word_1_398' title='bbox 328 2751 368 2786; x_wconf 73' lang='grc' dir='ltr'>βε</span> <span class='ocrx_word' id='word_1_399' title='bbox 395 2751 487 2783; x_wconf 88' lang='lat' dir='ltr'>Cum</span> <span class='ocrx_word' id='word_1_400' title='bbox 505 2765 536 2783; x_wconf 84' lang='lat' dir='ltr'>a.</span> <span class='ocrx_word' id='word_1_401' title='bbox 673 2763 725 2793; x_wconf 84' lang='lat'>31.</span> <span class='ocrx_word' id='word_1_402' title='bbox 752 2758 789 2785; x_wconf 89' lang='lat' dir='ltr'>et</span> <span class='ocrx_word' id='word_1_403' title='bbox 805 2754 846 2794; x_wconf 77' lang='grc' dir='ltr'>βε</span> <span class='ocrx_word' id='word_1_404' title='bbox 874 2765 941 2785; x_wconf 86' lang='lat' dir='ltr'>om.</span> <span class='ocrx_word' id='word_1_405' title='bbox 961 2767 992 2785; x_wconf 87' lang='grc' dir='ltr'>α.</span> 
     </span>
    </p>

    <p class='ocr_par' dir='ltr' id='par_1_16' title="bbox 264 2839 1790 2882">
     <span class='ocr_line' id='line_1_47' title="bbox 264 2839 1790 2882; baseline 0.002 -14"><span class='ocrx_word' id='word_1_406' title='bbox 264 2839 361 2869; x_wconf 82' lang='grc'>2714.</span> <span class='ocrx_word' id='word_1_407' title='bbox 387 2849 416 2878; x_wconf 89' lang='lat'>3.</span> <span class='ocrx_word' id='word_1_408' title='bbox 430 2839 572 2878; x_wconf 83' lang='lat' dir='ltr'>literis]</span> <span class='ocrx_word' id='word_1_409' title='bbox 591 2840 667 2872; x_wconf 87' lang='lat' dir='ltr'>Not</span> <span class='ocrx_word' id='word_1_410' title='bbox 684 2845 828 2872; x_wconf 79' lang='lat' dir='ltr'>extant.</span> <span class='ocrx_word' id='word_1_411' title='bbox 1032 2842 1285 2877; x_wconf 81' lang='lat' dir='ltr'>Greifenklau,</span> <span class='ocrx_word' id='word_1_412' title='bbox 1315 2843 1412 2882; x_wconf 86' lang='lat' dir='ltr'>Abp.</span> <span class='ocrx_word' id='word_1_413' title='bbox 1436 2850 1606 2881; x_wconf 84' lang='lat'>1511—31;</span> <span class='ocrx_word' id='word_1_414' title='bbox 1633 2852 1673 2872; x_wconf 90' lang='lat' dir='ltr'>or</span> <span class='ocrx_word' id='word_1_415' title='bbox 1690 2841 1790 2872; x_wconf 86' lang='lat' dir='ltr'>John</span> 
     </span>
    </p>

    <p class='ocr_par' dir='ltr' id='par_1_17' title="bbox 259 2885 1788 2925">
     <span class='ocr_line' id='line_1_48' title="bbox 259 2885 1788 2925; baseline 0.002 -13"><span class='ocrx_word' id='word_1_416' title='bbox 259 2891 290 2920; x_wconf 84' lang='lat'>5.</span> <span class='ocrx_word' id='word_1_417' title='bbox 315 2888 500 2923; x_wconf 84' lang='lat' dir='ltr'>quantum</span> <span class='ocrx_word' id='word_1_418' title='bbox 528 2908 534 2913; x_wconf 90' lang='lat'>.</span> <span class='ocrx_word' id='word_1_419' title='bbox 562 2908 569 2913; x_wconf 92' lang='lat'>.</span> <span class='ocrx_word' id='word_1_420' title='bbox 598 2909 604 2914; x_wconf 92' lang='lat'>.</span> <span class='ocrx_word' id='word_1_421' title='bbox 630 2885 708 2923; x_wconf 81' lang='lat' dir='ltr'>fixi]</span> <span class='ocrx_word' id='word_1_422' title='bbox 723 2885 821 2916; x_wconf 86' lang='lat' dir='ltr'>Pers.</span> <span class='ocrx_word' id='word_1_423' title='bbox 841 2895 871 2924; x_wconf 86' lang='lat'>5.</span> <span class='ocrx_word' id='word_1_424' title='bbox 892 2895 942 2925; x_wconf 87' lang='lat'>27.</span> <span class='ocrx_word' id='word_1_425' title='bbox 1036 2895 1081 2916; x_wconf 91' lang='lat'>111</span> <span class='ocrx_word' id='word_1_426' title='bbox 1105 2887 1143 2917; x_wconf 84' lang='lat' dir='ltr'>of</span> <span class='ocrx_word' id='word_1_427' title='bbox 1160 2886 1460 2919; x_wconf 84' lang='lat' dir='ltr'>Metzenhausen,</span> <span class='ocrx_word' id='word_1_428' title='bbox 1485 2891 1524 2917; x_wconf 91' lang='lat' dir='ltr'>to</span> <span class='ocrx_word' id='word_1_429' title='bbox 1544 2886 1665 2916; x_wconf 82' lang='lat' dir='ltr'>whom</span> <span class='ocrx_word' id='word_1_430' title='bbox 1683 2885 1788 2915; x_wconf 81' lang='lat' dir='ltr'>Eras-</span> 
     </span>
    </p>
   </div>
   <div class='ocr_carea' id='block_1_7' title="bbox 258 2927 1788 3014">
    <p class='ocr_par' dir='ltr' id='par_1_18' title="bbox 258 2927 1788 3014">
     <span class='ocr_line' id='line_1_49' title="bbox 258 2927 1533 2970; baseline 0.003 -14"><span class='ocrx_word' id='word_1_431' title='bbox 258 2929 290 2957; x_wconf 82' lang='grc'>6.</span> <span class='ocrx_word' id='word_1_432' title='bbox 317 2927 581 2967; x_wconf 87' lang='lat' dir='ltr'>Polyphemus]</span> <span class='ocrx_word' id='word_1_433' title='bbox 595 2928 660 2959; x_wconf 87' lang='lat' dir='ltr'>See</span> <span class='ocrx_word' id='word_1_434' title='bbox 678 2929 747 2969; x_wconf 88' lang='lat' dir='ltr'>Ep.</span> <span class='ocrx_word' id='word_1_435' title='bbox 763 2931 858 2969; x_wconf 80' lang='lat'>2649.</span> <span class='ocrx_word' id='word_1_436' title='bbox 875 2932 954 2960; x_wconf 79' lang='lat' dir='ltr'>26n.</span> <span class='ocrx_word' id='word_1_437' title='bbox 1036 2941 1119 2961; x_wconf 85' lang='lat' dir='ltr'>mus</span> <span class='ocrx_word' id='word_1_438' title='bbox 1136 2935 1250 2961; x_wconf 84' lang='lat' dir='ltr'>wrote</span> <span class='ocrx_word' id='word_1_439' title='bbox 1268 2931 1303 2960; x_wconf 88' lang='lat' dir='ltr'>in</span> <span class='ocrx_word' id='word_1_440' title='bbox 1319 2930 1420 2970; x_wconf 85' lang='lat' dir='ltr'>Sept.</span> <span class='ocrx_word' id='word_1_441' title='bbox 1440 2939 1533 2969; x_wconf 75' lang='lat'>1534.</span> 
     </span>
     <span class='ocr_line' id='line_1_50' title="bbox 263 2971 1788 3014; baseline 0.002 -14"><span class='ocrx_word' id='word_1_442' title='bbox 263 2979 312 3001; x_wconf 89' lang='lat'>12.</span> <span class='ocrx_word' id='word_1_443' title='bbox 339 2971 570 3010; x_wconf 82' lang='lat' dir='ltr'>Treuerensi]</span> <span class='ocrx_word' id='word_1_444' title='bbox 593 2972 722 3003; x_wconf 86' lang='lat' dir='ltr'>Either</span> <span class='ocrx_word' id='word_1_445' title='bbox 745 2973 906 3004; x_wconf 85' lang='lat' dir='ltr'>Richard</span> <span class='ocrx_word' id='word_1_446' title='bbox 929 2974 967 3005; x_wconf 84' lang='lat' dir='ltr'>of</span> <span class='ocrx_word' id='word_1_447' title='bbox 1077 2975 1293 3006; x_wconf 83' lang='lat' dir='ltr'>18.nostris.</span> <span class='ocrx_word' id='word_1_448' title='bbox 1309 2973 1788 3014; x_wconf 81' lang='lat' dir='ltr'>..oris]SecVerg.A.3.33S.</span> 
     </span>
    </p>
   </div>
  </div>
 </body>
</html>
