1966 3379
175 613 234 643 180
254 619 346 644 rum
377 607 703 646 offendiculum:

167 1443 227 1474 195

163 1707 226 1727 200
246 1698 408 1734 tianam
444 1698 712 1735 charitatem.

160 2249 222 2271 210
242 2241 494 2290 impediatis

157 2519 219 2549 215

255 120 332 157 338

683 123 938 162 LETTERS
970 123 1040 161 OF
1070 123 1335 162 ERASMUS

1694 126 1816 174 [1533

254 238 301 262 ac
332 227 507 264 morosis
538 227 755 265 hominum
785 228 977 265 iudiciis?
1027 227 1105 273 Qui
1136 227 1253 265 falsis
1280 231 1323 265 et
1349 228 1565 265 atrocibus
1593 229 1816 267 calumniis

254 280 469 318 interdurn
494 287 537 318 et
562 282 728 319 furiosis
754 283 965 325 conuiciis,
990 282 1102 319 vltro
1129 282 1315 319 lacerant
1346 282 1570 327 hominem,
1594 284 1816 322 vindicant

176 347 234 377 175
255 335 333 371 sibi
353 334 637 373 Christianam
657 337 920 381 modestiam,
944 340 987 373 et
1009 338 1050 373 in
1071 348 1119 373 co
1141 337 1212 385 qui
1233 349 1352 374 suam
1370 338 1655 375 innocentiam
1673 338 1812 376 defen-

255 388 318 425 dit
346 389 399 426 ab
429 391 659 440 impietatis
687 392 860 428 crimine
891 391 1133 428 desiderant
1162 391 1427 428 modestiam.
1478 391 1613 437 Quam
1641 392 1814 430 obsecro

254 443 503 481 modestiam
519 450 534 482 ⁸?
585 445 639 483 Vt
670 459 746 495 pro
777 445 1013 482 maledictis
1043 449 1084 482 ct
1115 445 1338 482 calumniis
1367 446 1524 494 gratias
1554 450 1666 495 agat,
1698 452 1741 484 et
1771 448 1813 484 in

252 499 433 545 gratiam
463 500 648 548 ipsorum
676 500 865 537 fateatur
893 500 1125 549 impietatis
1153 500 1310 537 crimen
1338 512 1362 535 a
1389 512 1473 548 quo
1504 513 1547 537 se
1576 502 1697 538 nouit
1725 514 1813 539 esse

255 564 407 601 purum
424 558 438 590 ¹!
488 553 573 591 Nec
596 555 771 592 istorum
799 555 927 591 refert
953 553 1063 602 quod
1090 566 1139 590 ca
1166 566 1229 590 res
1256 554 1446 602 gigneret
1472 567 1600 603 graue
1627 555 1811 593 infirmo-

254 661 418 699 volunt.

742 613 830 645 tam
863 612 1107 645 accuratam
1139 608 1308 645 honoris
1336 609 1398 645 sui
1428 609 1634 646 rationem
1666 609 1810 647 haberi

469 662 579 708 Quid
614 664 682 700 isti
718 663 969 700 modestiam
1006 662 1224 712 appellent
1254 663 1442 700 nondum
1474 664 1577 701 satis
1608 664 1810 714 intelligo.

252 715 310 753 At
340 720 441 754 sunt
471 717 647 778 aliquot,
679 722 808 766 atque
840 718 880 754 hi
912 717 1082 765 quidem
1114 729 1189 753 nec
1220 717 1381 754 indocti
1411 730 1485 755 nec
1514 717 1640 763 leues,
1670 720 1741 767 qui
1769 720 1810 756 in

253 770 466 820 Apologiis
502 773 603 809 meis
638 772 881 821 improbant
917 771 1186 808 immodicam
1222 771 1488 816 modestiam,
1519 774 1812 810 existimantes

252 825 364 863 malo
398 826 509 864 nodo
540 826 698 864 malum
728 826 855 863 fuisse
885 826 1174 863 adhibendum
1208 838 1410 863 cuneum:

173 888 231 924 185
254 880 483 918 modestiae
514 886 684 918 nostrae
715 881 938 930 specimen,
972 880 1115 929 legant
1144 880 1464 918 Dcclarationes
1493 894 1619 919 meas.

1447 831 1491 863 et
1522 828 1555 864 si
1590 829 1812 876 requirunt

1671 882 1809 928 Quan-

251 947 379 983 quam
401 936 523 984 aequi
550 935 714 972 Iudices
741 935 934 973 fatentur
962 947 1028 972 me
1055 947 1266 983 nusquam
1295 935 1478 972 oblitum
1508 936 1811 974 moderationis

251 1001 299 1025 ac
321 989 551 1033 ciuilitatis,
578 994 875 1039 praeterquam
903 990 944 1026 in
970 988 1175 1038 Apologia
1196 1002 1281 1038 qua
1306 990 1539 1039 respondeo
1564 989 1718 1029 Sutori.
1770 991 1812 1029 Is

251 1044 361 1080 enim
387 1057 518 1092 quum
546 1044 719 1081 haberet
747 1044 902 1081 malam
931 1056 1117 1088 causam,
1146 1048 1190 1080 et
1218 1048 1462 1081 versarctur
1490 1045 1532 1081 in
1560 1050 1810 1094 argumento

251 1097 301 1134 de
324 1110 408 1146 quo
430 1099 615 1136 iudicare
636 1111 719 1136 non
742 1102 924 1148 poterat,
943 1102 1087 1135 tamen
1104 1098 1248 1135 effreni
1268 1098 1505 1148 petulantia
1523 1099 1810 1138 debacchatus

171 1169 232 1197 190
250 1157 313 1189 est
335 1153 377 1189 in
401 1165 478 1198 me,
502 1154 565 1190 vir
586 1157 628 1190 et
654 1153 891 1201 Theologus
918 1157 961 1190 et
988 1152 1279 1190 Cartusianus.

1331 1152 1440 1198 Quid
1469 1154 1627 1202 igitur?
1657 1166 1711 1191 an
1740 1155 1809 1192 isti

250 1208 445 1255 protinus
466 1207 519 1244 ob
542 1220 669 1244 vnam
691 1207 914 1257 epistolam
932 1220 997 1244 me
1012 1208 1052 1244 in
1070 1207 1361 1245 modestorum
1379 1207 1523 1245 album
1541 1208 1809 1246 adscribent?

249 1261 342 1298 Non
375 1262 571 1299 arbitror.

623 1262 702 1299 Sed
733 1261 803 1299 alii
833 1261 975 1299 dicent
1007 1274 1095 1299 esse
1130 1261 1288 1307 sucum,
1321 1261 1391 1299 alii
1422 1263 1714 1300 causabuntur
1744 1276 1809 1301 me

248 1315 386 1353 facere
409 1316 522 1366 quod
543 1316 643 1365 galli
668 1316 889 1365 gallinacei
911 1316 1012 1353 victi
1038 1316 1188 1361 solent,
1215 1316 1406 1354 demissis
1432 1316 1508 1353 alis
1533 1330 1554 1354 e
1580 1319 1808 1355 certamine

247 1369 414 1418 fugere:
445 1383 492 1408 ac
516 1384 590 1421 pro
613 1370 805 1408 modesto
827 1371 1051 1408 iactabunt
1071 1383 1160 1408 esse
1181 1371 1391 1408 timidum.

303 1424 412 1470 Quin
444 1430 487 1462 et
522 1425 627 1462 illud
658 1438 841 1474 auguror
870 1425 1078 1470 futurum,
1111 1430 1159 1462 vt
1188 1426 1411 1474 epistolam
1443 1426 1625 1476 epistola
1654 1428 1806 1476 pariat.

247 1477 288 1516 Si
316 1480 397 1517 ista
424 1479 626 1529 prodierit
654 1481 696 1517 in
723 1480 953 1529 publicum,
985 1481 1018 1517 is
1049 1481 1115 1517 cui
1146 1481 1303 1529 scripta
1333 1484 1398 1518 est
1428 1493 1512 1517 non
1540 1481 1648 1518 sinet
1676 1483 1808 1530 premi

246 1546 378 1571 suam.
439 1534 548 1572 Nam
583 1547 631 1571 ea
667 1547 834 1584 quoque
871 1547 966 1572 cum
1001 1535 1154 1571 vestris
1190 1534 1344 1572 litteris
1379 1535 1481 1572 mihi
1516 1535 1683 1573 reddita
1717 1541 1804 1573 est:

245 1600 352 1637 quae
392 1601 476 1637 quo
515 1590 656 1626 animo
697 1590 855 1638 scripta
895 1590 948 1626 sit
990 1589 1103 1626 Deus
1142 1590 1274 1633 nouit,
1311 1602 1388 1638 ego
1427 1594 1539 1627 certe
1574 1590 1616 1626 in
1652 1590 1805 1627 bonam

245 1647 409 1691 partem
448 1644 716 1693 interpretor.

768 1643 863 1681 Non
902 1644 1011 1681 enim
1048 1648 1217 1692 oportet
1253 1645 1511 1693 suspicacem
1546 1657 1635 1682 esse
1669 1643 1805 1682 Chris-

763 1697 1014 1735 Salutabitis
1050 1698 1262 1735 hominem
1297 1699 1399 1735 meis
1431 1698 1568 1736 verbis
1599 1703 1805 1744 amanter,

244 1751 452 1800 simulque
478 1752 785 1801 persuadebitis
813 1765 1083 1802 nequaquam
1111 1765 1199 1789 esse
1228 1752 1551 1790 maleuolentiae
1580 1753 1694 1802 quod
1722 1766 1805 1790 non

244 1807 489 1855 respondeo.

550 1806 642 1844 Imo
682 1807 735 1844 ob
776 1807 853 1844 hoc
893 1808 1031 1856 ipsum
1072 1819 1156 1844 non
1197 1807 1441 1856 respondeo,
1483 1807 1595 1856 quod
1637 1809 1805 1857 cupiam

244 1865 439 1897 mutuam
475 1862 585 1899 inter
620 1874 695 1898 nos
731 1861 1072 1898 beneuolentiam
1107 1874 1196 1898 esse
1231 1865 1493 1911 perpetuam.
1546 1862 1700 1899 Verum
1740 1867 1806 1900 est

244 1915 357 1963 quod
397 1914 544 1952 Graeci
579 1915 714 1953 dicere
750 1916 900 1961 solent,
937 1915 1171 1953 multorum
1207 1917 1415 1954 amicitias
1450 1916 1617 1954 silentio
1652 1916 1803 1955 dirimi.

161 1978 223 2008 ²05
243 1968 322 2006 Sed
344 1982 488 2007 rursus
509 1971 801 2019 experimento
822 1983 971 2007 verum
992 1982 1080 2007 esse
1098 1971 1292 2020 comperi,
1311 1971 1578 2020 quorundam
1595 1972 1804 2009 amicitias

243 2023 392 2061 melius
424 2024 479 2061 ali
512 2024 678 2062 silentio
713 2037 843 2074 quam
874 2024 1094 2074 colloquiis
1125 2029 1199 2062 aut
1230 2025 1470 2062 litterarum
1502 2026 1802 2064 vicissitudine.

243 2077 343 2115 Sum
374 2078 617 2127 frequenter
646 2080 688 2116 in
717 2079 938 2116 scribendo
963 2079 1203 2128 simplicior,
1234 2079 1412 2116 aliorum.
1440 2081 1604 2117 animos
1631 2092 1682 2118 ex
1710 2093 1803 2118 meo

242 2133 483 2170 aestimans.

534 2133 690 2170 Verum
711 2146 760 2171 ea
781 2146 845 2171 res
866 2133 969 2171 mihi
989 2146 1073 2170 non
1098 2147 1193 2171 raro
1220 2133 1328 2171 male
1353 2135 1488 2172 cessit.
1532 2134 1614 2172 Vos
1636 2147 1803 2184 quoque

242 2190 385 2224 vestra
406 2187 672 2225 humanitate
694 2188 867 2237 dignum
888 2188 1082 2233 feceritis,
1105 2189 1137 2225 si
1159 2189 1323 2226 iuuenis
1340 2189 1515 2226 animosi
1532 2202 1701 2226 cursum
1719 2202 1803 2226 non

542 2242 752 2279 Fortassis
772 2243 941 2280 eueniet
961 2242 1021 2279 illi
1042 2243 1156 2292 quod
1178 2243 1286 2280 solet
1303 2244 1402 2280 vino
1418 2255 1632 2292 generoso.

1679 2243 1802 2281 Acer-

243 2295 336 2332 bius
357 2300 434 2340 est,
457 2296 557 2333 dum
579 2301 643 2333 est
669 2302 872 2342 mustum,
895 2310 1042 2334 verum
1069 2301 1349 2346 posteaquam
1377 2302 1519 2335 aetate
1545 2298 1802 2336 deferbuerit

241 2349 290 2386 fit
320 2350 477 2387 mitius.

523 2350 697 2399 Aliquid
725 2351 914 2388 dandum
941 2356 1007 2388 est
1036 2352 1264 2397 iuuentuti,
1293 2364 1401 2401 quae
1428 2351 1662 2401 philautiae
1690 2352 1800 2390 leno-

240 2404 360 2448 cinio,
378 2404 504 2442 modo
524 2417 576 2442 ne
597 2406 651 2442 sit
672 2406 910 2451 immodica,
931 2405 1213 2443 extimulatur
1233 2406 1288 2443 ad
1308 2406 1564 2444 industriam
1582 2406 1800 2444 honestos-

240 2470 321 2506 que
343 2458 518 2496 labores.

294 2512 443 2550 Habeo
463 2514 643 2562 gratiam
660 2518 826 2552 vestrae
841 2514 1083 2564 diligentiae
1100 2515 1214 2564 quod
1229 2514 1428 2552 Lodouici
1442 2515 1559 2552 Viuis
1575 2515 1801 2565 epistolam

282 2663 357 2694 204.
382 2655 523 2693 Graeci]
552 2654 673 2688 πολλὰς
703 2655 810 2694 φιλίας
840 2655 982 2696 ἀπροση-

239 2697 334 2736 γορία
351 2697 502 2734 διέλυσεν,
521 2699 634 2729 Arist.
654 2700 733 2730 Eth.
752 2700 832 2730 IVIC.
851 2701 881 2729 S.
901 2709 931 2738 5.
947 2709 959 2730 Ι
975 2713 981 2736 ;

238 2742 284 2771 cf.
303 2742 415 2780 Adaq.
438 2744 530 2775 1026.
548 2742 622 2772 and
639 2743 707 2782 Ep.
728 2745 824 2773 2608.
847 2753 900 2774 1n.

283 2793 357 2823 215.
383 2785 485 2815 Viuis
506 2786 716 2825 epistolam]
740 2786 816 2817 Not
839 2791 982 2817 extant.

238 2828 359 2858 Mexia
380 2828 452 2858 had
473 2829 696 2869 apparently
715 2830 920 2860 forwarded
945 2835 983 2860 to

239 2871 413 2902 Erasmus
440 2882 462 2902 a
488 2872 597 2902 letter
621 2873 737 2902 which
764 2873 808 2903 he
833 2873 905 2903 had
930 2884 981 2903 re-

237 2915 362 2945 ceived
396 2915 489 2945 from
523 2915 645 2951 Vives,
680 2917 893 2956 expressing
926 2917 982 2947 his

237 2959 421 2999 suspicion
441 2959 524 2990 that
546 2959 721 2990 Erasmus
744 2960 816 2990 had
838 2962 981 3001 ‘grown

1051 2657 1130 2687 cold
1146 2657 1180 2687 in
1195 2657 1398 2697 friendship
1409 2656 1417 2669 '
1437 2657 1590 2688 because
1603 2658 1641 2688 of
1657 2667 1678 2687 a
1692 2658 1802 2688 letter

1051 2700 1089 2731 of
1116 2701 1413 2731 commendation
1440 2701 1557 2731 which
1586 2701 1630 2731 he
1659 2701 1799 2738 (Vives)

1051 2744 1123 2774 had
1137 2745 1284 2774 written
1302 2744 1358 2774 for
1373 2744 1551 2783 Carvajal.
1599 2744 1686 2774 This
1700 2750 1800 2775 must

1051 2788 1095 2817 be
1115 2787 1178 2817 the
1199 2787 1309 2818 letter
1328 2792 1367 2817 to
1387 2787 1534 2818 Charles
1554 2787 1659 2827 Croy,
1681 2788 1799 2818 which

1050 2830 1217 2870 Carvajal
1247 2831 1396 2870 printed
1430 2831 1467 2861 in
1501 2831 1557 2861 his
1590 2831 1799 2862 Dulcoratio

1054 2883 1147 2912 1530,
1174 2875 1198 2903 f.
1228 2875 1343 2909 18v0.;
1377 2875 1406 2904 it
1434 2874 1464 2904 is
1491 2875 1528 2904 in
1556 2874 1631 2905 fact
1656 2884 1677 2905 a
1700 2885 1798 2905 mere

1050 2917 1160 2947 letter
1176 2917 1213 2947 of
1233 2917 1484 2948 introduction
1503 2918 1540 2947 of
1560 2928 1581 2947 a
1602 2928 1690 2957 very
1707 2928 1795 2948 non-

1049 2960 1254 2992 committal
1265 2961 1463 2992 character.
1512 2961 1619 2992 From
1630 2961 1700 3002 Ep.
1714 2970 1795 3000 2932
