1966 3379
267 111 345 148 320
695 111 952 150 LETTERS
983 111 1053 149 OF
1084 110 1349 150 ERASMUS
1709 113 1832 160 [1533

268 216 391 253 huius
415 217 602 254 maiores.
666 216 741 254 Est
762 217 996 254 etiamnum
1021 217 1060 253 in
1083 229 1131 254 ea
1154 218 1321 265 regione
1344 217 1661 261 monasterium,
1680 216 1829 254 horum

269 271 529 319 benignitate
566 275 657 308 tum
692 275 891 309 ornatum
927 272 1159 320 magnifice,
1196 277 1287 308 tum
1324 271 1595 321 amplissimis
1630 271 1829 309 dotatum

267 325 473 362 censibus.
518 325 673 363 Verum
697 339 747 363 ne
770 327 894 363 nimis
916 327 1095 375 antiqua
1118 338 1359 375 persequar,
1383 331 1506 375 pater
1527 325 1652 363 huius
1673 326 1724 363 de
1746 339 1830 375 quo

207 388 247 425 85
269 393 378 416 nunc
405 381 580 429 agimus,
603 380 657 418 ob
679 381 855 418 eximias
880 382 1009 418 animi
1034 382 1228 421 virtutes,
1253 381 1541 429 integritatem
1565 381 1604 417 in
1628 381 1828 426 moribus,

270 434 539 483 prudentiam
570 436 612 472 in
641 435 834 479 0011511115,
858 435 982 472 fidem
1012 448 1058 472 ac
1088 435 1390 472 dexteritatem
1414 436 1455 472 in
1479 436 1668 483 negotiis,
1697 436 1827 485 pieta-

268 494 353 526 tem
376 502 473 538 erga
495 491 693 539 patriam,
718 491 759 527 in
781 502 946 527 summa
968 494 1060 527 tum
1083 490 1219 537 gratia
1242 496 1334 526 tum
1357 490 1591 527 autoritate
1613 489 1695 527 fuit
1715 490 1828 539 apud

268 556 485 593 supremos
521 544 634 581 orbis
670 544 934 589 monarchas,
970 544 1175 581 Mathiam
1212 544 1420 593 Vngariae
1457 544 1628 593 Regem,
1665 546 1830 582 excussi

268 598 409 635 iudicii
450 599 601 644 virum,
643 599 889 636 Federicum
932 599 1252 648 Imperatorem,
1290 612 1413 648 quem
1452 600 1691 636 nominasse
1727 600 1830 636 satis

206 668 248 695 90
267 658 331 690 est
367 653 573 697 laudasse,
610 658 653 691 et
689 654 814 691 huius
849 653 982 690 filium
1020 653 1373 691 Maximilianum.
1434 653 1596 699 Quibus
1633 654 1830 691 omnibus

267 720 570 757 saepenumero
588 708 685 745 belli
702 709 900 757 domique
918 708 1082 745 fidelem
1101 721 1148 745 ac
1168 708 1427 757 praeclaram
1447 709 1623 746 nauauit
1643 721 1827 758 operam.

268 762 362 799 Non
386 762 537 800 vltima
559 762 651 800 laus
672 767 737 800 est
760 763 1019 812 principibus
1046 762 1253 812 placuisse
1277 764 1387 808 viris,
1411 764 1660 813 praesertim
1684 763 1826 800 lauda-

267 818 334 862 tis,
356 822 399 854 et
421 817 475 854 ob
497 817 723 855 laudanda.
784 817 871 855 Nec
894 818 1034 854 minus
1060 818 1230 855 interim
1260 819 1470 865 gratiosus
1495 818 1609 867 apud
1639 830 1829 867 proceres

267 885 314 909 ac
343 871 560 922 populum,
585 872 637 909 ob
660 885 823 909 morum
848 872 1074 909 amabilem
1103 873 1362 917 comitatem,
1388 885 1435 910 ac
1464 877 1708 922 promptam
1738 886 1827 922 per-

206 940 247 969 95
268 931 526 976 petuamque
548 926 599 964 de
621 927 818 965 omnibus
840 927 1136 964 benemerendi
1159 927 1440 965 voluntatem.

322 980 517 1019 Ceterum
550 985 597 1018 vt
634 986 736 1019 sunt
772 982 1055 1019 humanarum
1092 995 1230 1019 rerum
1266 983 1502 1019 aestuariae
1544 983 1666 1027 vices,
1706 982 1829 1019 huius

266 1035 424 1073 familie
461 1036 718 1074 clarissimae
753 1036 995 1081 facultates,
1034 1049 1107 1086 per
1142 1049 1183 1073 sc
1215 1037 1384 1085 quidem
1418 1037 1716 1086 amplissimae,
1750 1038 1828 1074 sub

267 1090 499 1128 maioribus
520 1085 793 1128 vehementer
815 1091 1106 1135 dccreuerant,
1130 1093 1285 1141 partim
1309 1091 1515 1129 bellorum
1541 1092 1827 1129 inundationi-

267 1145 357 1190 bus,
384 1146 542 1195 partim
571 1145 738 1183 filiabus
767 1145 914 1183 multis
943 1158 1108 1183 summa
1136 1159 1231 1184 cum
1261 1146 1361 1184 dote
1392 1147 1610 1196 splendide
1640 1147 1827 1191 elocatis,

188 1214 248 1235 100
267 1213 375 1249 quae
397 1213 595 1249 magnam
614 1213 742 1250 opum
764 1204 931 1250 partem
949 1213 1090 1238 secum
1108 1201 1150 1238 in
1167 1201 1350 1238 familias
1367 1201 1526 1238 alienas
1543 1206 1826 1239 attraxerant.

267 1254 519 1304 Quanquam
543 1260 686 1292 autern
709 1268 832 1292 verae
858 1255 1097 1293 nobilitatis
1124 1256 1297 1293 minima
1330 1257 1470 1306 portio
1500 1261 1562 1293 est
1595 1256 1827 1306 opulentia,

267 1314 411 1347 tamen
435 1310 512 1347 hoo
534 1310 735 1359 quicquid
756 1314 820 1347 est
841 1309 1014 1353 decoris,
1039 1310 1219 1348 Ioannes
1236 1324 1258 1348 a
1278 1311 1551 1359 Paungarten
1574 1324 1656 1348 non
1680 1324 1828 1360 passus

265 1368 330 1401 est
346 1377 422 1401 suo
439 1364 638 1402 decedere
654 1365 794 1413 generi
811 1378 817 1401 :
842 1364 913 1402 sed
931 1363 1139 1402 iacturam
1157 1366 1235 1403 sub
1253 1366 1592 1415 progenitoribus
1609 1370 1827 1415 acceptam

266 1419 467 1468 singulari
502 1419 730 1469 prudentia
766 1419 1074 1469 vigilantiaque
1107 1421 1168 1457 ita
1204 1421 1341 1463 sarsit,
1379 1421 1439 1457 ita
1476 1420 1649 1458 lacunas
1685 1433 1829 1458 omnes

186 1486 245 1515 105
265 1473 466 1523 expleuit,
490 1478 538 1511 vt
566 1473 731 1511 nullum
760 1487 938 1523 vsquam
968 1478 1098 1512 restet
1129 1475 1387 1512 facultatum
1419 1476 1668 1513 attritarnm
1702 1476 1827 1512 vesti-

264 1529 391 1577 gium.
451 1528 514 1566 Ne
545 1529 587 1565 in
619 1528 863 1578 Principum
896 1529 1067 1577 quidem
1100 1531 1299 1567 amiciciis
1333 1535 1507 1579 parente
1539 1530 1621 1568 fuit
1657 1535 1730 1568 aut
1764 1535 1826 1567 est

265 1583 458 1623 inferior:
491 1583 606 1632 apud
628 1596 734 1632 quos
755 1583 809 1620 ob
832 1596 970 1620 raram
997 1585 1151 1632 ingenii
1174 1585 1477 1622 dexteritatem
1502 1598 1549 1622 ac
1572 1584 1827 1634 singularem

265 1637 550 1687 prudentiam,
569 1650 735 1675 summa
758 1639 798 1675 in
819 1639 955 1687 gratia
975 1651 1225 1688 summoque
1243 1640 1283 1676 in
1308 1640 1446 1689 precio
1463 1645 1505 1677 et
1523 1640 1605 1677 fuit
1624 1640 1829 1677 hactenus

265 1696 307 1730 et¹
333 1696 397 1729 est
423 1692 558 1737 hodie,
581 1692 794 1730 nobilibus
821 1705 869 1730 ac
901 1693 1179 1742 popularibus
1210 1699 1298 1731 tam
1331 1694 1484 1731 charus
1510 1695 1563 1731 ob
1590 1695 1827 1744 expositam

188 1759 246 1780 110
265 1747 306 1784 in
329 1759 472 1784 omnes
500 1748 749 1796 praesertim
771 1760 923 1796 egenos
945 1747 1245 1786 liberalitatem
1277 1753 1322 1786 vt
1352 1750 1515 1798 optimo
1546 1750 1633 1786 iure
1665 1750 1828 1799 patriae

265 1801 461 1838 delicium
501 1802 635 1851 possit
669 1802 887 1852 appellari.
959 1803 1008 1840 In
1043 1803 1312 1852 expeditione
1349 1803 1583 1841 Turcarum
1619 1817 1643 1841 a
1678 1803 1829 1841 Carolo

265 1855 413 1893 Cesare
436 1857 609 1901 accitus,
632 1856 691 1894 illi
713 1862 757 1894 et
778 1857 1060 1895 facultatibus
1089 1858 1273 1907 largiter,
1296 1863 1336 1896 et
1360 1858 1545 1896 consiliis
1570 1858 1763 1903 fideliter,
1786 1863 1829 1896 et

265 1923 391 1960 opera
432 1911 600 1948 fortiter
640 1911 791 1956 adfuit,
829 1913 1018 1949 omnium
1061 1913 1344 1962 periculorum
1385 1915 1533 1957 socius,
1570 1918 1747 1963 paratus
1786 1918 1830 1950 et

266 1966 400 2002 vitam
428 1966 591 2015 patriae
614 1979 661 2003 ac
683 1965 822 2003 Cesari
844 1967 1099 2016 impendere,
1122 1980 1253 2017 quum
1277 1972 1376 2005 ante
1400 1968 1440 2006 id
1464 1969 1666 2018 temporis
1688 1969 1729 2005 in
1753 1968 1829 2005 hoc

186 2032 245 2061 115
265 2020 402 2070 ipsum
436 2020 592 2058 bellum
624 2022 710 2058 suis
742 2022 965 2071 impendiis
995 2021 1135 2059 Cesari
1165 2023 1344 2060 misisset
1368 2034 1497 2060 xxxn
1527 2022 1829 2072 cataphractos

265 2074 409 2123 pulcre
454 2075 700 2121 instructos,
742 2088 826 2113 non
872 2089 1094 2114 numerum
1143 2077 1294 2122 hercle,
1342 2078 1414 2115 sed
1462 2078 1574 2115 viros
1619 2090 1639 2114 e
1683 2077 1830 2115 multis

266 2128 454 2169 selectos,
477 2142 659 2178 quorum
682 2130 871 2180 plerique
893 2135 1095 2180 poterant
1116 2133 1302 2181 egregios
1325 2132 1422 2169 belli
1445 2132 1571 2170 duces
1599 2137 1827 2182 praestare.

267 2183 397 2221 Porro
423 2183 560 2228 fidem,
585 2185 774 2222 studium
796 2190 839 2222 et
861 2198 1032 2235 operam
1061 2199 1189 2235 quam
1222 2187 1439 2236 praestitit
1469 2186 1620 2224 Carolo
1649 2186 1828 2231 Caesari,

265 2238 439 2275 eandem
464 2251 573 2276 1111110
602 2244 793 2288 praestat
824 2240 947 2277 huius
968 2253 1169 2289 germano
1192 2241 1474 2286 Ferdinando,
1497 2242 1563 2279 0111
1591 2246 1633 2278 et
1667 2242 1745 2291 ipsi
1776 2241 1829 2278 ob

188 2304 246 2325 ¹20
265 2305 381 2329 raras
402 2293 532 2330 animi
553 2293 675 2330 dotes
697 2307 792 2331 cum
814 2295 960 2344 primis
983 2295 1136 2332 charus
1157 2300 1234 2333 est.

320 2347 464 2384 Habes
497 2347 678 2385 hominis
711 2350 917 2398 pietatem
951 2351 992 2387 in
1025 2351 1209 2400 patriam
1243 2356 1283 2388 et
1319 2351 1359 2387 in
1396 2351 1644 2400 Principem.
1706 2351 1829 2388 Nunc

265 2401 365 2438 audi
386 2414 470 2450 qua
498 2403 659 2451 pietate
680 2403 826 2441 foueat
848 2403 1002 2442 liberos
1024 2417 1133 2442 suos
1195 2404 1388 2451 Quatuor
1419 2405 1546 2442 habet
1578 2406 1697 2451 filios,
1724 2406 1830 2443 filias

264 2455 457 2499 totidem,
482 2469 626 2494 omnes
647 2457 758 2495 felici
783 2458 934 2496 indole.
995 2458 1118 2496 Dices
1146 2460 1339 2505 forsitan,
1367 2459 1618 2498 felicitatem
1650 2461 1830 2498 hominis

351 2550 405 2579 82.
431 2550 585 2581 maiores
602 2551 710 2581 huius
728 2551 767 2582 L.
873 2553 1077 2583 etiamnum
1095 2554 1175 2583 add.
1195 2554 1233 2583 L.
1347 2554 1444 2592 86η.
1471 2555 1649 2594 pietatem
1667 2565 1750 2595 erga
1768 2565 1830 2595 pa-

265 2593 374 2624 triam
391 2593 472 2623 add.
492 2594 531 2623 L.
637 2604 735 2631 90-1.
763 2594 905 2631 Quibus
925 2620 931 2626 .
954 2621 959 2625 .
981 2621 986 2626 .
1007 2607 1157 2637 operam
1174 2597 1254 2627 add.
1277 2597 1314 2627 L.
1425 2607 1479 2636 93.
1507 2608 1673 2638 proceres
1690 2609 1731 2628 ac
1749 2599 1829 2629 add.

267 2637 304 2667 L.
378 2639 432 2673 96.
460 2642 544 2668 sunt
567 2662 572 2666 .
593 2662 599 2667 .
622 2662 627 2668 .
647 2639 744 2669 vices
763 2639 809 2669 L:
836 2639 879 2670 fit
896 2639 978 2670 MS.
1057 2650 1127 2671 102.
1154 2651 1174 2671 a
1194 2641 1429 2681 Paungarten
1447 2642 1528 2671 add.
1551 2643 1587 2672 L.
1670 2644 1738 2672 106.
1765 2648 1827 2673 aut

265 2685 321 2710 est
338 2681 418 2710 add.
438 2680 476 2710 L.
573 2691 643 2718 109.
670 2683 854 2713 nobilibus
871 2693 912 2714 ac
929 2684 1010 2714 add.
1031 2684 1068 2714 L.
1167 2694 1304 2723 112—13.
1330 2690 1365 2715 et
1386 2685 1627 2716 facultatibus
1647 2710 1652 2715 .
1675 2710 1680 2716 .
1702 2710 1708 2715 .
1729 2687 1829 2716 forti-

266 2730 321 2754 ter
338 2724 387 2754 L:
413 2724 570 2754 fideliter
587 2730 623 2755 ct
641 2726 883 2757 facultatibus
901 2732 938 2758 et
955 2728 1113 2758 consiliis
1129 2732 1167 2759 et
1185 2738 1296 2768 opera
1313 2728 1394 2759 MS.
1553 2739 1622 2767 115.
1649 2738 1761 2759 xxxn
1782 2730 1829 2759 L:

266 2768 306 2797 28
324 2772 406 2798 octo
423 2767 505 2797 MS.
665 2771 736 2800 116.
763 2770 882 2801 hercle
900 2771 981 2802 add.
1000 2771 1039 2801 L.
1203 2773 1274 2802 118.
1302 2772 1413 2803 Porro
1435 2797 1440 2803 .
1462 2797 1467 2802 .
1490 2798 1495 2802 .
1519 2783 1590 2803 120.
1616 2778 1672 2803 est
1690 2774 1770 2803 add.
1790 2774 1829 2803 L.

268 2821 339 2841 121.
367 2812 402 2841 in
421 2816 500 2841 ante
518 2811 725 2853 Principem
741 2814 822 2844 add.
843 2814 881 2845 L.
1042 2824 1112 2845 122.
1140 2815 1187 2845 L:
1214 2816 1317 2846 fouet
1333 2816 1414 2847 MS.
1577 2827 1647 2856 123.
1675 2817 1830 2848 forsitan

265 2855 345 2885 add.
365 2855 404 2885 L.

682 2974 735 3002 92.
763 2966 844 2996 Non
862 2967 1006 3005 vltima]
1026 2968 1114 2998 Hor.
1135 2968 1229 3008 Epp.
1252 2978 1279 2998 1.
1302 2978 1349 3008 17.
1370 2978 1421 3008 35.
