1966 3379
313 121 365 157 48
743 118 1000 157 LETTERS
1032 119 1102 157 OF
1133 118 1400 157 ERASMUS
1761 122 1883 169 [1532

252 239 295 270 40
314 230 321 243 ‘
340 237 423 262 non
447 228 495 261 vt
518 224 643 262 multi
665 228 825 274 putant
846 225 967 261 iuxta
991 223 1273 274 Septuaginta
1296 224 1550 274 interpretes
1572 225 1725 273 viginti
1746 226 1885 262 aureis

312 284 378 316 est
411 279 624 323 venditus,
657 279 729 318 sed
764 280 885 316 iuxta
918 279 1175 316 Hebraieam
1212 279 1439 316 veritatem
1476 279 1628 328 viginti
1660 280 1883 328 argenteis.

314 334 461 382 Neque
483 334 593 371 enim
618 335 844 383 preciosior
866 346 1014 371 seruus
1037 346 1126 371 esse
1150 337 1331 382 poterat,
1354 346 1482 382 quam
1505 334 1730 371 dominus.’

367 388 547 426 Causam
584 388 878 426 fornicationis
916 389 1031 438 apud
1065 388 1376 436 Euangelistas,
1410 401 1495 425 non
1529 388 1670 425 videre
1702 388 1805 425 mihi
1837 402 1886 426 eo

314 443 481 487 referre,
499 456 584 491 quo
602 441 823 480 referenda
839 448 916 480 est.
961 443 1104 480 Etiam
1124 447 1288 479 veteres
1306 456 1390 479 non
1407 455 1492 491 quo
1510 447 1554 479 tu
1571 456 1663 480 eam
1682 443 1884 481 referunt.

252 513 292 543 45
368 498 543 535 Decimo
565 498 619 535 ad
642 498 859 535 Hebraeos
887 499 1039 548 capite,
1061 498 1232 535 Christo
1260 497 1384 534 fidem
1414 497 1580 542 tribuis,
1603 498 1715 547 quod
1744 498 1885 547 palam

313 565 408 590 cum
431 553 615 590 veritate
638 557 813 602 pugnat.
871 553 1006 590 Locus
1027 556 1092 589 est
1115 554 1154 589 in
1178 552 1555 590 Annotationibus.

367 606 591 645 Caeterum
615 608 718 645 scire
747 620 853 645 aueo
880 608 982 656 quid
1011 608 1051 644 in
1079 607 1190 644 Aulo
1218 606 1353 644 Gellio
1381 607 1589 656 significet
1619 606 1886 651 Insubidum‚

313 675 421 711 quae
444 663 545 699 item
574 663 630 699 sit
655 663 744 699 eius
775 663 888 700 vocis
916 662 1187 712 etymologia.
1249 662 1402 699 Petrus
1432 662 1690 699 Mosellanus
1712 661 1815 699 nihil
1838 675 1886 699 ea

313 717 365 754 ‹le
406 730 449 754 re
488 718 672 755 notauit.
732 717 930 754 Arbitror
970 717 1086 754 aliud
1128 716 1187 754 illi
1223 717 1450 765 contigisse
1485 716 1714 766 exemplar.
1775 716 1885 754 Nam

253 787 295 817 50
314 773 484 809 variant
511 771 772 822 exemplaria
797 785 846 809 eo
874 772 1044 821 quidem
1073 771 1176 809 loeo.
1238 771 1455 817 Quaedam
1489 771 1649 808 hahent
1678 771 1885 817 insubide,

313 827 397 864 alia
419 826 601 864 insolite.
664 827 798 864 Locus
820 831 885 864 est
908 827 1016 864 libro
1038 827 1174 876 primo
1196 827 1336 876 capite
1358 826 1557 863 secundo.
1619 826 1733 864 Vale.

369 881 449 918 Vix
482 883 683 930 consequi
719 894 884 931 queam,
919 895 1046 930 quam
1082 895 1146 918 me
1180 881 1345 919 felicem
1378 882 1640 918 existimem:
1674 893 1888 930 quamque

314 937 401 986 ipse
433 936 535 973 mihi
566 949 658 974 eam
687 936 906 974 fortunam
935 936 1138 986 gratuler,
1169 936 1283 985 quod
1312 936 1440 973 semel
1468 940 1509 973 et
1540 937 1695 974 iterum
1724 949 1799 973 nos
1827 935 1886 973 di-

313 995 468 1041 gnatus
490 992 545 1028 sis
568 992 760 1029 inuisere.

617 1181 885 1237 ²⁶⁷⁴26752ss76
948 1181 1016 1222 To
1049 1181 1282 1222 AMBROSE
1317 1181 1585 1222 PELARGUS.

366 1260 568 1303 Pelargus,
591 1259 768 1293 Bellaria
788 1259 833 1293 fo,
855 1260 912 1293 H³
933 1266 989 1293 νο.
1556 1261 1806 1305 (Freiburg.)

1518 1315 1570 1343 (c.
1592 1310 1692 1355 July
1714 1316 1840 1353 1532.>

742 1403 942 1430 ERASMVS
964 1403 1059 1431 ROT.
1083 1404 1186 1430 AMB.
1211 1403 1411 1431 PELARGO
1434 1404 1466 1431 S.

372 1464 457 1501 IMO
505 1463 764 1501 coelibatum
808 1464 952 1501 nullus
992 1464 1124 1501 latine
1165 1464 1433 1513 loquentium
1481 1464 1606 1502 aliter
1648 1466 1888 1515 vsurpauit.

316 1519 527 1568 Exempla
548 1523 650 1556 sunt
672 1520 905 1557 innumera.
948 1519 1060 1556 Nam
1082 1519 1197 1568 quod
1214 1519 1491 1557 iureconsulti
1507 1519 1711 1557 adferunt
1727 1525 1889 1569 etymo-

317 1574 487 1623 logiam,
504 1573 695 1611 Coelibes
712 1574 850 1611 dictos
867 1575 989 1623 quasi
1006 1574 1190 1619 coeliteS,
1207 1586 1291 1611 non
1309 1574 1555 1611 castitatem
1573 1575 1889 1620 commendant,

317 1628 389 1666 sed
410 1628 603 1666 indicant
623 1641 713 1666 esse
733 1628 850 1673 felix,
872 1642 920 1666 ac
943 1629 1079 1666 vitam
1101 1628 1290 1674 deorum,
1313 1641 1397 1666 non
1421 1629 1574 1666 habere
1597 1642 1784 1667 vxorem.
1830 1629 1891 1667 De

279 1709 297 1739 5
316 1687 572 1733 paupertate
600 1683 800 1729 scribens,
826 1696 912 1721 non
940 1683 1114 1721 confudi
1143 1683 1448 1721 monachorum
1477 1684 1796 1733 professionem,
1819 1685 1891 1722 sed

318 1751 391 1788 per
404 1739 668 1776 occasionem
683 1738 879 1784 indicaui,
891 1739 1159 1788 paupertatis
1172 1738 1476 1788 professionem
1487 1751 1577 1776 esse
1591 1739 1892 1788 quadantenus

319 1793 517 1831 omnibus
531 1792 782 1831 Christianis
796 1806 1078 1839 communem,
1094 1793 1208 1843 quod
1224 1793 1378 1842 vulgus
1393 1794 1560 1842 ignorat
1573 1807 1621 1831 ac
1635 1794 1890 1832 dissimulat.

319 1847 442 1894 Quod
463 1848 624 1897 colligis
641 1853 690 1885 vt
707 1848 955 1893 absurdum,
974 1849 1175 1897 quoniam
1193 1848 1392 1885 innititur
1409 1848 1540 1885 verbo
1557 1861 1641 1886 non
1660 1849 1891 1894 intellecto,

320 1915 404 1941 non
426 1904 634 1940 consistit.
695 1903 757 1940 De
779 1904 932 1953 viginti
952 1903 1090 1941 aureis
1107 1902 1385 1940 Cartusianus
1402 1903 1577 1952 quidam
1594 1903 1890 1949 admonuerat,

262 1981 300 2002 10
320 1958 387 1995 cui
410 1960 474 2005 (vt
495 1957 636 2005 video)
658 1959 837 1995 nimium
859 1958 1003 1996 tribui.
1063 1957 1121 1995 At
1153 1957 1289 1995 habeo
1316 1958 1512 2007 gratiam,
1535 1958 1651 2007 quod
1678 1958 1890 1996 indicaris.

320 2012 383 2050 De
404 2025 534 2050 causa
554 2012 850 2050 fornicationis
875 2025 960 2050 non
988 2013 1173 2058 memini>
1195 2013 1416 2062 inspiciam
1447 2013 1598 2050 locum.
1659 2013 1722 2050 De
1751 2013 1890 2051 obedi-

320 2068 436 2104 entia
466 2067 575 2112 fidei,
599 2080 722 2105 nemo
753 2068 886 2117 magis
916 2067 1108 2105 obediuit
1139 2067 1251 2117 patri
1279 2080 1407 2116 quam
1436 2066 1630 2105 Christus
1658 2068 1892 2106 secundum

321 2122 553 2159 humanam
583 2127 797 2160 naturam.
856 2122 944 2159 Nec
972 2127 1035 2159 est
1068 2134 1227 2159 nouum
1259 2122 1301 2158 in
1334 2122 1568 2172 scripturis,
1598 2122 1730 2160 tribui
1761 2123 1892 2172 capiti

320 2176 502 2221 Christo,
525 2177 639 2226 quod
667 2181 733 2214 est
758 2177 957 2226 corporis.
1007 2177 1099 2214 Iam
1121 2190 1175 2214 an
1197 2176 1300 2213 fides
1322 2176 1441 2214 nullo
1462 2177 1590 2215 modo
1611 2178 1654 2214 in
1675 2176 1892 2215 Christum

263 2255 300 2285 15
320 2236 550 2281 competat,
573 2232 883 2281 dispiciendum
905 2236 982 2269 est.
1029 2232 1153 2269 Fides
1175 2231 1276 2269 mihi
1298 2231 1514 2269 interdum
1537 2237 1662 2270 sonat
1682 2232 1891 2270 fidutiam.

321 2286 576 2323 Insubidum
597 2287 819 2336 appellant
839 2287 1059 2336 stupidum
1081 2299 1129 2324 ac
1150 2286 1346 2323 stultum.
1406 2286 1526 2324 Vnde
1543 2287 1689 2324 veniat
1709 2300 1785 2324 nee
1806 2288 1894 2337 ipse

321 2341 417 2378 seio.
478 2341 765 2391 Posteaquam
802 2341 955 2390 reliqui
988 2341 1213 2387 Basileam,
1247 2353 1408 2390 pauper
1439 2354 1532 2378 sum
1565 2341 1784 2387 librorum,
1817 2354 1892 2379 nec

321 2395 458 2433 habeo
493 2396 607 2445 quod
642 2409 755 2434 nunc
791 2397 963 2434 mittam
999 2397 1111 2442 noui,
1147 2400 1317 2446 praeter
1348 2395 1457 2433 hanc
1490 2396 1730 2446 epistolam,
1764 2409 1893 2446 quam

321 2451 471 2500 opinor
492 2454 534 2488 te
556 2451 724 2488 vidisse.
784 2450 898 2488 Bene
919 2451 1027 2489 vale.

696 2544 793 2574 2674.
821 2552 873 2583 50.
900 2544 978 2575 loco
996 2545 1232 2584 scripsimus:
1259 2543 1327 2574 loci
1346 2543 1518 2574 Bellaria.

366 2631 461 2661 2674.
488 2640 541 2671 45.
567 2631 615 2662 ad
640 2632 844 2670 Hebraeos]
873 2633 988 2663 Hebr.
1020 2642 1069 2663 10.
1139 2635 1202 2671 560
1235 2631 1370 2662 introd.
1420 2631 1488 2662 His
1519 2631 1659 2662 edition
1687 2632 1724 2662 of
1756 2632 1894 2663 Gellius

370 2699 375 2704 .
1142 2686 1216 2706 was
1233 2675 1430 2716 published
1447 2680 1484 2706 at
1504 2676 1660 2716 Cologne
1677 2676 1713 2706 in
1734 2678 1827 2714 1526.

366 2727 419 2758 47.
445 2718 575 2757 Gellio]
596 2728 622 2749 1.
645 2728 672 2749 2.
692 2731 732 2759 4;
759 2721 804 2750 ef.
826 2729 875 2757 19.
894 2730 924 2758 9.
944 2730 974 2757 9.
1186 2720 1282 2750 2675.
1312 2720 1361 2748 18.
1387 2719 1598 2759 epistolam]
1636 2720 1799 2760 Perhaps
1831 2720 1894 2750 the

367 2763 419 2802 48.
447 2762 594 2801 Petrus]
612 2763 720 2794 Peter
737 2763 898 2801 Schade;
926 2774 984 2795 see
1002 2764 1072 2804 Ep.
1144 2762 1341 2803 Traqoeclia
1359 2762 1579 2795 Basz‘lz'ensis
1596 2763 1680 2804 (Ep.
1699 2764 1810 2801 2698).

323 2684 363 2714 37
