1966 3379
239 122 313 158 102
664 121 924 159 LETTERs
956 121 1027 159 or
1057 122 1325 161 ERAsMUs
1688 127 1809 173 [1532

236 238 388 263 nomen
422 239 665 275 propagem.
726 226 775 263 In
808 239 914 276 quos
946 231 1090 264 antem
1121 227 1198 264 1100
1232 228 1375 265 malim
1407 241 1536 277 quam
1570 230 1611 266 in
1643 242 1727 270 cos,
1760 229 1810 267 de

236 281 391 329 quibus
428 281 529 318 mihi
565 281 709 330 aliqua
743 295 837 331 spes
867 287 946 322 est,
977 287 1019 319 et
1057 283 1097 319 in
1132 283 1287 331 quibus
1324 283 1586 332 praeclaram
1625 284 1809 321 indolem

237 335 391 372 video?
469 335 547 381 Qui
588 340 631 373 et
672 349 790 373 senes
829 336 1064 385 aliquando
1110 350 1314 374 renouare
1358 338 1520 375 Erasini
1562 340 1809 376 memoriam

236 394 452 439 poterunt,
482 390 791 440 defendereque
822 392 1028 428 aduersus
1057 405 1127 429 eos
1156 393 1227 440 qui
1259 392 1399 429 laruas
1428 393 1564 430 solent
1597 394 1806 431 insectari.

154 459 215 487 205
292 445 485 482 Alciatus
508 446 541 482 si
565 445 677 483 mille
706 446 960 483 ducatorum
991 446 1191 483 salarium
1217 447 1332 484 volet
1362 460 1532 491 merere,
1565 448 1643 485 11110
1672 454 1733 485 031
1757 448 1809 485 ad

236 500 475 549 proximam
510 500 705 549 hyemem
738 502 1012 547 migraturus.
1065 501 1254 538 Tantum
1283 503 1394 539 enim
1427 502 1485 539 illi
1516 503 1569 539 ab
1598 504 1809 551 gymnasii

239 554 464 603 praefectis
495 555 714 593 decretum
746 561 823 594 est.
888 556 1037 593 Medici
1070 556 1195 593 valde
1226 556 1424 594 laborant
1453 557 1504 594 (10
1535 558 1739 594 Menardo
1769 559 1808 594 in

238 609 445 646 Matthaei
485 610 621 647 (Jurtii
658 610 795 647 locum
833 611 1091 655 sufficiendo,
1129 624 1203 648 1100
1241 611 1308 648 1110
1345 625 1387 649 se
1423 613 1597 649 minoris
1634 613 1811 649 conduci

236 665 414 714 patitur.
476 666 607 714 Spero
648 678 723 703 nos
760 666 984 702 habituros
1025 666 1225 714 frequens
1260 672 1304 703 ct
1339 667 1504 704 celebre
1538 668 1809 716 gymnasium

156 734 216 753 „⁷10
239 719 433 768 proximo
462 733 585 757 anno.
647 720 846 770 Sinapius
878 720 955 757 11111
993 721 1209 761 rescribet,
1234 721 1305 757 vbi
1337 721 1388 758 de
1423 722 1625 759 Menardo
1657 723 1812 759 certior

237 775 316 811 erit
339 774 491 812 factus.
545 776 619 812 Est
645 776 677 812 is
700 776 865 812 iuuenis
884 775 1008 812 valde
1031 775 1250 820 candidus,
1269 777 1426 825 quique
1445 778 1557 813 inter
1580 777 1811 814 medicinae

236 829 451 866 studiosos
473 830 632 879 primas
655 831 740 867 fere
763 835 906 879 partes
924 830 1104 868 obtinet.
1157 830 1287 868 Iussit
1310 836 1469 870 autem.
1494 836 1539 868 vt
1563 836 1604 868 te
1628 832 1811 869 multum

237 884 481 921 salutarem.
561 885 763 934 Ephorini
804 885 1072 922 consuetudo
1112 899 1290 935 magnae
1331 886 1434 923 mihi
1476 892 1540 923 est
1582 886 1811 935 voluptati.

238 939 347 976 Huic
385 939 574 977 moribus
605 940 845 977 simillimus
875 944 941 977 est
974 940 1186 989 Rupilius,
1216 941 1421 989 singulari
1454 941 1639 990 quodam
1670 941 1813 978 studio

155 1008 214 1037 215
235 1007 333 1041 erga
359 994 583 1032 Erasmum
606 995 712 1032 nulli
735 1000 929 1032 nostrum
955 995 1116 1033 cedens.
1180 995 1291 1033 Bene
1315 995 1422 1034 vale.

294 1049 473 1087 Patauii.
535 1051 570 1088 ὃ.
595 1050 661 1087 die
684 1049 959 1099 Septembris,
983 1063 1050 1087 an.
1078 1059 1193 1098 1532.

677 1259 808 1296 2717.
874 1256 1013 1296 Fssom
1038 1256 1168 1297 ι101111
1196 1257 1376 1297 Boxum.

284 1346 446 1390 Leipzig
460 1346 543 1379 MS.
1489 1348 1642 1381 Padua.

283 1396 366 1429 EE.
392 1405 472 1438 179.
1358 1408 1380 1437 9
1401 1398 1638 1441 September
1662 1407 1765 1440 1532.

279 1480 351 1517 [An
373 1479 526 1519 original
552 1480 672 1514 letter,
693 1480 875 1520 probably
892 1481 1123 1520 autograph:
1152 1481 1214 1511 the
1233 1485 1298 1520 top
1319 1481 1535 1519 right-hand
1553 1492 1681 1511 corner
1698 1482 1735 1511 of
1754 1482 1816 1511 the

234 1532 295 1553 MS.
315 1524 344 1553 is
363 1528 445 1554 10111
464 1524 542 1561 off]

290 1584 328 1620 S.
389 1583 513 1621 Certe
532 1583 757 1633 Philippus
775 1584 1059 1621 Macedonum
1079 1598 1149 1621 rex
1174 1597 1258 1621 11011
1279 1589 1452 1622 tantum
1472 1585 1713 1635 voluptatis
1731 1587 1814 1632 <in-

235 1639 380 1687 uenit]
402 1651 453 1675 ex
477 1639 563 1676 suis
582 1639 812 1688 triumphis
830 1652 958 1688 quam
977 1652 1053 1689 ego
1069 1653 1120 1677 cx
1137 1640 1221 1677 tuis
1239 1640 1374 1677 literis
1395 1641 1536 1690 accepi
1556 1655 1562 1685 ;
1595 1653 1717 1689 quac,
1735 1641 1815 1678 etsi

235 1694 429 1741 anim<us
460 1694 604 1743 meus]
637 1693 812 1731 vulnere
839 1695 1005 1732 sautius
1026 1694 1079 1731 ob
1102 1694 1240 1732 fatum
1270 1694 1571 1732 dilectissimae
1598 1696 1816 1744 genitricis

235 1748 377 1785 fuerat
399 1751 524 1797 (quae
553 1748 633 1786 deo
660 1749 813 1796 viuat),
840 1749 1084 1798 attam<an
1107 1749 1234 1786 michi
1262 1749 1384 1786 dulce
1413 1749 1595 1787 lenimen
1622 1755 1746 1787 erant
1771 1754 1814 1787 et

197 1814 214 1843 5
236 1808 422 1840 mentem
444 1804 528 1840 iam
552 1803 676 1853 plane
699 1804 882 1841 tristicia
905 1804 1152 1842 hebetatam
1176 1804 1493 1854 collapsamque
1516 1810 1813 1842 recreauerant

235 1862 557 1907 erexerantque.

290 1912 426 1958 Quod,
450 1914 516 1950 vir
538 1914 822 1957 ornatissime,
845 1914 995 1951 scribis
1018 1927 1103 1952 non
1125 1927 1215 1952 esse
1237 1928 1312 1952 eur
1341 1915 1420 1952 tibi
1443 1915 1577 1952 iustas
1595 1928 1815 1964 ageremus

235 1968 408 2017 gratias,
431 1968 472 2004 id
496 1972 543 2005 tu
567 1968 758 2006 modeste
779 1970 923 2018 potius
944 1982 1074 2018 quam
1098 1982 1195 2006 vere
1217 1970 1377 2007 scribis.
1430 1969 1661 2007 Enimuero
1690 1974 1815 2007 tanta

235 2026 301 2060 est
322 2023 574 2072 magnitudo
595 2027 768 2061 tuorum
791 2036 889 2073 erga
918 2037 994 2061 nos
1023 2025 1274 2062 meritorum
1304 2025 1635 2073 officiorumque,
1659 2024 1814 2073 quibus

179 2090 217 2110 10
236 2090 348 2114 nunc
383 2090 467 2115 non
504 2077 650 2115 videor
685 2078 813 2116 michi
849 2079 1102 2129 respondere
1138 2092 1284 2128 posse3
1332 2092 1614 2129 responsurus
1654 2084 1813 2124 tamen,

236 2136 455 2182 vtcunque
492 2137 654 2182 potero,
689 2133 789 2171 olim
821 2147 918 2171 eum
949 2138 993 2171 et
1026 2147 1090 2171 res
1122 2138 1165 2171 et
1196 2139 1316 2172 aetas
1348 2135 1584 2172 accesserit.
1644 2133 1814 2171 Gratias

236 2188 365 2225 etiam
388 2187 467 2225 tibi
490 2188 755 2226 immortales
777 2201 856 2238 ago
878 2202 954 2238 pro
981 2193 1055 2226 tua
1082 2193 1172 2226 tam
1202 2189 1389 2226 humana
1418 2202 1601 2237 vereque
1622 2190 1814 2238 parentis

236 2243 277 2279 in
300 2242 434 2279 filium
457 2243 765 2288 admonitione,
788 2256 897 2292 quae
918 2243 1046 2281 michi
1068 2257 1233 2294 semper
1260 2244 1314 2281 ad
1341 2243 1609 2281 imbibendas
1631 2245 1814 2281 virtutes

236 2297 455 2347 bonosque
477 2310 614 2335 mores
636 2298 775 2336 calcar
796 2298 939 2336 addet.

178 2365 214 2394 15
291 2352 415 2389 Nunc
438 2356 480 2389 te
503 2356 720 2402 postremo
742 2366 816 2391 oro
844 2366 895 2390 ne
917 2354 972 2391 sis
995 2353 1204 2391 sollicitus
1221 2354 1272 2391 de
1290 2353 1503 2392 Terentio.
1536 2354 1684 2403 Nuper
1701 2354 1812 2390 enim

236 2407 382 2444 literas
403 2408 594 2457 parentis
611 2409 752 2457 accepi
776 2408 932 2457 quibus
955 2408 1145 2446 Terentii
1166 2408 1268 2446 feeit
1290 2410 1565 2454 mentionem,
1588 2409 1813 2459 presertim

235 2462 375 2499 adhuc
411 2462 465 2499 ad
501 2475 652 2500 manus
682 2475 768 2500 non
798 2464 1040 2512 peruenisse
1080 2464 1360 2512 ignotumque
1395 2464 1474 2501 sibi
1514 2477 1615 2508 esse,
1652 2464 1813 2500 efficere

235 2521 381 2553 tamen
413 2517 522 2554 velle
553 2521 602 2554 vt
632 2530 893 2568 propensum
925 2518 1037 2556 1111110
1069 2522 1192 2555 tuum
1221 2522 1265 2556 et
1293 2519 1477 2556 amicum
1506 2520 1697 2556 animum
1727 2531 1812 2555 non

236 2571 399 2608 videbis
422 2575 464 2609 te
485 2572 717 2610 contulisse
747 2573 790 2610 in
813 2572 920 2610 filios
950 2574 1107 2623 ingrati
1132 2574 1280 2622 patris.
1341 2573 1521 2611 Interim
1552 2573 1647 2610 vale
1676 2572 1810 2610 breui-

278 2670 375 2700 2716.
403 2680 474 2710 207.
502 2671 692 2710 Menardo]
712 2672 776 2703 See
799 2673 868 2713 Ep.
895 2674 987 2712 1587.
1060 2674 1138 2711 2461
1162 2673 1296 2703 introd.

235 2714 335 2744 28811.
1102 2726 1175 2755 214.
1204 2717 1390 2757 Rupilius]
1405 2717 1470 2748 See
1484 2717 1553 2757 Ep.
1573 2718 1657 2755 2867
1675 2716 1810 2746 introd.

280 2759 354 2788 208.
382 2758 564 2789 Matthaei
578 2759 710 2797 Curtii]
725 2760 790 2791 See
805 2760 874 2800 Ep.
892 2769 988 2800 2594.
1102 2761 1198 2790 2717.
1225 2770 1255 2791 2.
1282 2761 1410 2799 literis]
1430 2761 1505 2791 Not·
1521 2764 1666 2791 extant.

235 2811 314 2841 3411-
1102 2813 1132 2843 3.
1159 2805 1359 2844 genitricis]
1405 2805 1540 2844 Sophia
1585 2804 1810 2838 Bethmann,

281 2855 356 2875 210.
382 2845 568 2885 Sinapius]
588 2847 645 2877 He
659 2857 733 2877 was
750 2852 789 2878 at
807 2848 882 2878 this
900 2849 989 2879 timo
1057 2848 1179 2878 whose
1191 2848 1303 2879 death
1316 2848 1388 2879 had
1400 2849 1514 2879 taken
1527 2848 1629 2888 place
1640 2858 1687 2878 on
1698 2856 1715 2885 5
1727 2847 1811 2887 May

235 2889 349 2929 living
393 2890 483 2920 with
531 2890 604 2920 and
650 2891 829 2932 studying
873 2892 991 2922 under
1062 2901 1155 2930 1532.

237 2933 449 2969 Manardus,
487 2938 526 2964 to
558 2935 678 2964 whom
711 2936 756 2966 he
792 2936 865 2966 had
897 2936 990 2966 been
1086 2948 1090 2951 ·
1107 2944 1155 2974 15.
1182 2936 1369 2974 Terentio]
1387 2935 1451 2966 See
1469 2936 1538 2975 Ep.
1559 2937 1655 2974 2584.

236 2977 517 3008 recomniendcd
536 2978 584 3019 by
601 2978 787 3010 Erasmus.
837 2979 901 3010 See
920 2980 988 3021 Ep.
1107 2989 1156 3016 19.
1183 2979 1340 3018 videbis]
1362 2980 1431 3010 For
1449 2981 1569 3011 videas
1586 2990 1626 3010 or
1643 2979 1809 3010 videaris.
