1966 3379
281 109 333 145 64
711 107 969 146 LETTERS
1000 108 1070 147 or
1101 108 1368 148 ERASMUS
1733 113 1854 160 [1532

221 218 262 254 65
284 212 515 250 Mindensis
536 217 580 250 et
601 213 651 250 D.
676 212 971 251 Borchardum
997 213 1244 259 Eusebium,
1266 214 1445 252 fratrem
1473 227 1720 264 germanum
1748 215 1854 253 Her-

283 269 429 305 manni
470 268 653 313 Buschii,
695 268 927 314 Decanum,
964 268 1014 306 D.
1058 269 1116 306 Io.
1154 268 1378 317 Smysinck
1418 270 1667 307 canonicum
1708 270 1853 308 Mona-

284 324 543 367 steriensem‚
574 323 624 361 D.
652 323 856 360 Ioannem
883 336 907 360 a
932 322 1237 368 Carsenbrock,
1266 323 1317 361 D.
1347 324 1626 362 Thedericum
1652 325 1706 362 ab
1734 324 1854 363 Ghel.

284 377 586 415 scholasterem
608 381 651 415 et
680 379 931 415 canonicum
958 378 1158 415 ecclesiae
1188 378 1437 428 Osnaburg.,
1467 392 1551 416 non
1579 379 1857 417 abhorrentes

284 446 309 470 a
339 433 461 470 bonis
492 432 638 477 literis,
670 436 713 469 et
737 432 961 482 plerosque
989 433 1094 470 alios
1125 433 1364 471 eruditione
1394 438 1437 471 et
1465 435 1627 483 pietate
1657 435 1853 484 insignes.

224 498 265 528 70
285 487 406 533 Quod
438 488 471 524 si
501 487 754 537 episcopalis
784 487 883 525 aula
909 487 1152 525 huiusmodi
1180 489 1281 525 viris
1310 488 1572 538 locupletata
1598 488 1739 534 fuerit,
1772 502 1857 526 non

283 542 461 579 dubium
497 547 563 579 est
598 543 701 591 quin
741 546 784 579 et
824 542 971 580 literae
1006 543 1049 580 in
1090 543 1317 592 pristinum
1358 547 1523 581 statum
1559 544 1856 581 restituantur.

286 597 448 634 Habito
466 600 555 634 tam
579 601 793 647 oportuno
816 597 1036 643 Mercurio,
1056 597 1193 635 Felice
1213 598 1472 648 Poliphemo‚
1492 602 1725 648 vtcumque
1742 598 1796 636 ad
1814 603 1857 636 te

285 653 466 689 scribere
488 652 617 697 volui,
636 665 720 701 quo
738 656 921 690 testarer
937 665 1124 690 amorem
1142 666 1241 702 erga
1258 657 1300 690 te
1318 665 1472 690 meum.
1534 653 1670 702 quue
1688 666 1764 703 pro
1781 657 1858 691 tua

286 707 446 757 pietate
463 711 507 744 et
530 707 857 744 mansuetudine
876 707 974 744 boni
997 707 1193 744 consulas
1211 720 1356 756 queso.
1417 708 1598 757 Propter
1619 709 1856 745 animorum

226 771 265 802 75
286 762 567 807 turbationes,
610 775 691 811 que
733 762 799 799 vel
836 763 1020 812 sapienti
1056 763 1273 812 imponere
1309 762 1460 807 solent,
1501 763 1638 800 fusius
1677 763 1857 800 scribere

285 816 414 854 nolui.
474 816 586 854 Ante
608 817 774 866 aliquot
795 817 883 854 dies
905 817 1173 866 quorundam
1196 817 1417 854 hominum
1444 817 1722 867 improbitate
1743 819 1859 855 omni

285 871 371 909 fere
398 871 575 909 fortuna
599 876 769 917 exutus,
796 872 922 924 idque
955 872 1218 921 Ratisponae
1250 873 1416 922 vesperi
1447 885 1514 909 me
1542 872 1716 910 domum
1743 885 1858 922 repe-

286 928 464 975 ten<te>.
515 925 777 964 Commenda
812 939 878 964 me
914 926 964 964 D.
1002 927 1212 976 Episcopo
1249 927 1547 965 Monasterien.
1586 927 1720 964 literis
1760 928 1857 972 tuis,

286 994 361 1019 nec
392 982 474 1019 erit
499 981 612 1031 quod
640 982 851 1031 penitebit
880 985 922 1018 te
953 982 1334 1019 commendationis
1364 982 1516 1019 factae.
1577 982 1795 1031 Optarem,
1826 983 1859 1019 si

225 1038 267 1067 80
286 1037 374 1074 fieri
396 1041 551 1086 potest,
576 1039 698 1084 t<ua>
721 1037 931 1086 sapientia
952 1036 1055 1073 mihi
1084 1038 1178 1074 vnis
1207 1037 1352 1082 literis,
1376 1049 1482 1086 quas
1504 1037 1700 1074 omnibus
1729 1038 1858 1074 etiam

286 1092 534 1129 sacerdotiis
570 1092 779 1140 rebusque
814 1091 1014 1128 fortunae
1050 1092 1293 1141 preferrem,
1336 1092 1562 1129 rescribere
1598 1092 1858 1141 dignaretur.

288 1147 401 1184 Bene
423 1146 530 1191 vale,
554 1147 611 1183 mi
640 1147 829 1191 Erasme,
858 1146 989 1184 animi
1017 1146 1239 1184 dimidium
1269 1148 1362 1192 mei,
1392 1159 1519 1196 quem
1548 1147 1616 1184 vel
1644 1147 1861 1184 nolentem

285 1215 429 1239 amare
465 1201 607 1251 quoad
642 1202 790 1238 vixero
825 1214 909 1238 non
950 1202 1133 1239 cessabo.
1195 1202 1244 1239 D.
1282 1201 1554 1239 Bertramum
1591 1201 1790 1246 Damum,
1828 1202 1860 1238 si

286 1257 425 1294 adhuc
448 1256 563 1306 apud
584 1260 626 1293 te
648 1257 748 1305 agit,
771 1256 939 1293 saluum
961 1257 1085 1306 cupio
1107 1269 1202 1294 cum
1231 1260 1326 1293 tota
1351 1256 1526 1294 familia.
1587 1256 1861 1306 Poliphemus

225 1312 266 1349 85
286 1312 338 1349 de
360 1311 483 1348 rebus
506 1311 770 1361 Ratisponae
792 1312 834 1348 in
856 1311 1038 1348 comitiis
1059 1312 1165 1348 actis
1188 1315 1230 1348 te
1252 1311 1434 1349 docebit.
1486 1311 1674 1356 Roscius,
1694 1315 1742 1348 vt
1759 1311 1861 1348 mihi

287 1367 467 1416 scripsit,
500 1370 697 1403 versatur
727 1366 978 1403 excudendo
1008 1366 1233 1415 magnifico
1265 1366 1451 1415 quodam
1485 1379 1608 1416 opere
1640 1365 1860 1403 cuiusdam

287 1421 473 1471 theologi
495 1421 810 1466 LauonicensiS‚
833 1421 947 1458 intra
969 1434 1128 1458 annum
1150 1422 1222 1458 vix
1244 1420 1465 1463 absoluet:
1497 1421 1620 1458 facile
1648 1421 1861 1458 diuinabis

287 1477 484 1526 quisnam
513 1477 580 1513 sit.
640 1475 886 1525 Campensis
911 1476 983 1525 qui
1014 1476 1080 1513 h-ic
1106 1476 1220 1526 apud
1253 1476 1312 1513 Io.
1337 1476 1604 1521 Dantiscum,
1634 1477 1734 1525 epis.
1764 1475 1859 1513 Cul-

287 1544 489 1575 mensem,
519 1535 732 1568 oratorem
761 1532 867 1580 regis
899 1531 1098 1568 Poloniae
1129 1535 1207 1568 etc.
1241 1532 1342 1580 agit,
1369 1543 1411 1568 se
1443 1531 1598 1568 vidisse
1629 1530 1862 1580 aliquando

225 1595 268 1621 00
289 1587 465 1624 Louanii
501 1587 562 1623 ait
601 1585 809 1635 planeque
849 1599 984 1635 nugas
1023 1599 1112 1623 esse
1153 1587 1348 1623 asseruit.
1409 1585 1523 1623 Bene
1559 1585 1703 1623 valeat
1738 1587 1862 1633 t<ua>

287 1642 496 1691 sapientia
518 1641 585 1678 cui
606 1653 672 1678 me
694 1642 848 1678 iterum
871 1645 1002 1690 atque
1024 1642 1178 1678 iterum
1200 1641 1464 1678 commendo.

343 1697 408 1733 Ex
441 1696 682 1746 Ratispona
707 1708 821 1734 anno
853 1705 955 1744 1532
985 1695 1051 1733 die
1079 1696 1231 1733 Martis
1257 1700 1356 1745 post
1388 1695 1656 1733 Visitationis
1687 1695 1725 1732 D
1756 1696 1860 1745 virg.

288 1751 459 1789 Mariae.

225 1867 266 1897 95
893 1859 1141 1910 Ludolphus
1155 1837 1336 1898 Coceius
1358 1860 1593 1898 Biluelden
1617 1859 1806 1897 deditiss.

341 1891 563 1953 Conradus
583 1914 809 1953 Goelenius
830 1915 1036 1953 oriundus
1057 1920 1122 1953 est
1143 1928 1195 1952 ex
1218 1915 1379 1953 ditione
1400 1914 1577 1953 Comitis
1598 1928 1622 1952 a
1645 1914 1861 1952 Waldeck.

342 1970 407 2008 Ad
431 1971 658 2008 Eobanum
680 1970 865 2008 Hessum
887 1970 1205 2020 Nurembergae
1226 1974 1304 2007 aut
1329 1969 1541 2008 Othonem
1568 1969 1635 2007 vel
1658 1969 1863 2009 Ioannem

287 2039 312 2063 a
334 2025 625 2063 Falkenberck
646 2025 802 2062 fratres
823 2038 1060 2075 germanos,
1084 2026 1255 2075 insignis
1281 2025 1481 2063 eeclesiae
1510 2023 1717 2075 Spirensis
1739 2037 1862 2062 cano-

287 2081 415 2125 nicos,
438 2084 515 2118 aut
535 2079 735 2118 Coloniae
755 2079 810 2117 ad
831 2080 1028 2130 aliquem.

210 2166 268 2186 100
343 2151 551 2189 Omnibus
576 2151 713 2189 modis
735 2152 1006 2189 ornatissimo
1028 2152 1120 2189 viro
1142 2164 1352 2201 veraeque
1380 2151 1555 2201 pietatis
1583 2151 1862 2188 instauratori

289 2207 468 2244 Erasmo
491 2206 783 2245 Roterodamo
805 2206 1003 2256 theologo
1025 2207 1176 2256 insigni
1198 2219 1285 2244 suo.
1338 2206 1534 2256 Friburgi
1555 2205 1767 2256 Brisgoae.

481 2320 885 2361 2678”-’684’26862688.
952 2320 1089 2361 FROM
1114 2320 1358 2361 BONIFACE
1382 2321 1668 2361 AMERBACH.

290 2412 410 2445 Basle
429 2411 512 2445 MS.
533 2411 574 2445 C.
596 2411 687 2445 Vra.
710 2420 768 2454 73.
793 2421 848 2454 13.
1541 2410 1714 2493 J13asle.

1479 2470 1522 2493 10
1571 2472 1596 2493 u
1615 2472 1641 2504 y
1661 2465 1813 2502 <1532>.

334 2528 406 2565 [An
428 2528 637 2568 autograph
658 2527 906 2568 rough-drast,
931 2528 1040 2558 much
1065 2528 1264 2563 corrected,
1292 2527 1458 2568 replying
1483 2531 1522 2558 to
1547 2527 1650 2558 three
1675 2526 1803 2557 letters
1827 2527 1865 2557 of

290 2572 477 2607 Erasmus
504 2572 598 2602 from
622 2572 740 2602 which
766 2572 829 2602 the
853 2571 1045 2611 year-date
1069 2582 1136 2602 can
1163 2572 1206 2602 be
1235 2571 1417 2612 supplied.
1465 2571 1541 2601 The
1569 2570 1807 2601 mouth—date
1835 2571 1864 2600 is

288 2615 429 2646 altered
447 2615 540 2646 from
557 2617 576 2646 8
594 2620 632 2646 to
649 2625 669 2653 9
685 2616 759 2646 and
775 2615 901 2656 finally
919 2617 926 2629 ‘
940 2626 963 2646 x
981 2615 1065 2646 Iulii
1077 2615 1115 2654 ’.]

346 2674 384 2712 S.
409 2675 453 2712 P.
513 2675 578 2712 Ad
601 2675 930 2713 consolatoriam
954 2675 1069 2712 illam
1092 2679 1225 2720 tuam,
1250 2675 1425 2712 Erasme
1447 2674 1690 2719 clarissime,
1714 2674 1861 2710 reuixi.

291 2729 480 2767 Tametsi
512 2731 708 2779 protinus
734 2743 758 2767 a
786 2729 941 2768 filiolae
972 2734 1109 2768 morte
1141 2731 1182 2767 in
1213 2734 1402 2767 mentem
1434 2729 1618 2766 venisset
1646 2727 1863 2766 Christum

812 2802 908 2831 2687.
935 2803 1031 2840 66-7.
1059 2802 1238 2832 Monaste.
1258 2800 1341 2832 MS.

336 2882 431 2911 2687.
458 2883 512 2911 66.
539 2881 591 2911 Io.
612 2881 820 2921 Smysinck]
839 2882 999 2921 Hoynek
1020 2882 1041 2915 i,
1116 2890 1197 2920 1539
1214 2891 1288 2911 was
1305 2881 1399 2911 dean
1416 2880 1454 2911 of
1471 2880 1649 2911 Miinster.

293 2935 327 2965 p.
350 2934 422 2964 123,
441 2925 554 2955 refers
569 2929 607 2955 to
620 2935 642 2955 a
656 2925 849 2964 Smysinck
863 2926 943 2955 who
958 2926 1044 2955 bore
1156 2927 1208 2963 83.
1235 2924 1410 2962 Damum]
1429 2924 1493 2955 See
1511 2924 1580 2964 Ep.
1600 2926 1697 2954 2661.
1717 2922 1852 2954 introd.

294 2970 356 2999 the
386 2979 493 2999 name
522 2969 559 2999 of
588 2969 762 3009 Rutgers,
795 2969 868 2999 and
894 2970 975 2999 who
1008 2970 1043 2999 in
1156 2970 1209 3006 98.
1238 2967 1505 3006 Falkenberck]
1517 2968 1581 2999 See
1593 2967 1662 3008 Ep.
1676 2976 1771 3007 2439.
1784 2968 1862 3006 58n.
