2050 3395
584 484 712 522 2635.
777 482 844 522 ΤΟ
865 482 997 523 JOHN
1021 481 1199 523 MORIN.

155 556 363 600 Epistolae
382 555 647 589 Palaeonaeoi
666 567 704 599 p.
730 565 809 598 153.
1291 556 1496 600 Freiburg.

155 606 254 650 N.p.
279 608 391 638 1060:
422 605 548 638 Lond.
569 605 691 638 xxvii.
713 607 756 638 O:
787 605 866 638 LB.
892 615 996 649 1241.
1142 608 1178 646 <1²
1194 605 1497 650 March—April>
1521 615 1625 649 1532.

150 689 241 726 [The
258 689 368 719 letter
385 689 413 719 is
430 688 630 719 concerned
648 689 737 719 with
751 688 938 719 Erasmus'
953 689 1080 719 efforts
1094 692 1133 719 to
1152 692 1307 729 prevent
1321 689 1384 719 the
1398 689 1677 720 dissemination

106 734 143 763 of
161 733 348 772 Scaliger-'s
365 732 486 763 Oratio
500 733 584 772 (Ep.
606 734 701 772 2564.
722 734 793 769 zn).
842 733 1017 763 Erasmus
1031 733 1104 763 had
1118 733 1265 763 written
1280 737 1318 763 to
1333 733 1449 763 Morin
1465 744 1511 764 on
1527 743 1567 772 30
1582 734 1675 764 Nov.

110 786 187 816 1531
212 777 296 816 (Ep.
324 778 435 815 2577).
484 776 599 806 Morin
624 786 741 806 seems
763 781 828 807 not
848 781 888 807 to
911 777 1004 807 have
1022 781 1105 807 sent
1122 787 1195 816 any
1212 778 1361 807 written
1379 787 1532 811 answer,
1553 778 1621 808 but
1638 782 1677 808 to

105 821 199 850 have
215 820 509 850 communicatcd
527 820 616 850 with
634 820 810 850 Erasinus
827 821 987 860 through
1003 820 1231 860 Omphalius.
1281 821 1379 851 Both
1394 821 1468 851 this
1482 821 1591 851 letter
1604 821 1676 852 and

105 864 174 904 Ep.
202 866 286 903 2636
311 864 391 894 lack
414 864 662 897 mouth-date,
689 864 762 894 and
788 864 881 894 have
906 865 997 894 been
1023 864 1152 904 placed
1177 868 1216 894 at
1242 865 1305 894 the
1332 865 1529 904 beginning
1551 865 1588 895 of
1614 865 1677 895 the

106 907 250 938 volume
268 908 324 938 for
343 908 597 938 convenience.
646 907 744 938 That
767 908 857 947 they
879 912 979 939 must
1000 908 1044 939 be
1069 908 1182 939 dated
1206 908 1331 938 before
1352 908 1569 949 September
1595 918 1676 947 1532

106 952 134 982 is
151 952 301 987 certain,
319 962 359 982 as
377 951 466 991 they
483 961 575 981 were
594 952 684 982 both
703 951 899 992 published
917 952 953 982 in
971 952 1034 990 K]

152 1038 351 1065 ERASMVS
379 1037 703 1065 ROTERODAMVS
732 1038 990 1065 CLARISSIMO
1016 1038 1120 1065 VIRO
1150 1039 1189 1065 D.
1221 1038 1381 1065 BALIVO
1410 1039 1625 1066 LVTETIAE

792 1093 927 1120 REGIO
952 1093 984 1120 S.

161 1154 350 1191 IACOBVS
390 1152 651 1203 Omphaliusy
687 1154 752 1190 vir
788 1153 1030 1200 clarissime,
1065 1154 1150 1191 suis
1185 1154 1240 1191 ad
1275 1167 1341 1191 me
1374 1154 1505 1192 lit-eris
1540 1155 1677 1193 multa

106 1208 381 1259 praedicauit,
411 1220 542 1257 quum
572 1208 623 1245 de
651 1208 878 1258 praeclaris
906 1212 1085 1246 naturae
1114 1213 1214 1246 tuae
1242 1209 1417 1247 dotibus
1439 1222 1487 1247 ac
1509 1223 1676 1248 morum

105 1264 376 1308 ornamentis,
413 1267 507 1300 tum
540 1262 591 1300 de
626 1263 827 1312 peculiari
862 1264 1049 1312 quodam
1082 1277 1130 1301 ac
1163 1277 1373 1314 propenso
1405 1265 1548 1302 studio
1580 1278 1678 1314 erga

105 1331 258 1356 nomen
277 1318 442 1355 Erasmi
459 1331 465 1355 2
490 1317 595 1355 adeo
614 1321 660 1355 vt
678 1318 933 1367 quibusdam
953 1319 1076 1356 isthic
1095 1319 1172 1356 hoc
1187 1319 1474 1363 molientibus,
1492 1332 1543 1357 ne
1561 1333 1677 1357 meae

105 1373 423 1410 lucubrationes
438 1372 551 1422 apud
566 1385 642 1410 vos
656 1372 889 1422 publicitus
903 1373 1255 1418 distraherentur,
1273 1374 1499 1411 maliciosis
1517 1375 1675 1412 conati·
1697 1393 1714 1423 5

106 1428 184 1465 bus
212 1431 289 1465 tua
316 1427 533 1465 obstiterit
561 1428 767 1476 aequitas.
828 1428 943 1465 Haec
973 1440 1058 1477 quo
1086 1429 1219 1478 magis
1246 1441 1334 1466 esse
1361 1441 1462 1466 vera
1489 1434 1532 1467 et
1553 1429 1677 1467 credo

103 1486 146 1520 et
159 1482 335 1531 gaudeo,
351 1482 428 1519 hoc
446 1482 579 1531 magis
595 1482 781 1520 admiror
798 1495 882 1532 quo
898 1483 996 1521 fuco
1013 1483 1215 1529 libellum,
1232 1483 1417 1533 vndique
1432 1485 1677 1522 scurrilibus

105 1537 316 1582 conuiciis,
339 1537 717 1586 impudentissimis
740 1538 969 1575 mendaciis
990 1542 1239 1583 scatentem,
1258 1539 1413 1588 vbique
1431 1539 1678 1589 simpliciter

104 1592 323 1637 furiosum,
347 1596 422 1629 tuo
444 1592 708 1629 obtruserint
727 1593 901 1638 nomini,
923 1593 1049 1642 idque
1070 1593 1266 1643 exemplo
1287 1606 1371 1631 non
1392 1595 1532 1631 minus
1553 1594 1675 1632 dede-

105 1659 251 1684 coroso
266 1647 335 1684 isti
353 1646 473 1696 longe
488 1647 782 1684 celeberrimae
800 1647 1054 1685 Academiae
1068 1660 1197 1697 quam
1213 1649 1446 1697 pernicioso
1461 1649 1677 1687 studiosae

104 1702 332 1739 iuuentuti.
394 1700 533 1747 Quum
556 1701 673 1739 nulla
694 1702 818 1739 isthic
840 1707 951 1740 esset
973 1703 1115 1740 aedita
1136 1704 1388 1741 constitutio
1410 1704 1678 1753 peculiariter

105 1757 307 1794 minitans
328 1757 569 1794 istiusmodi
590 1758 837 1802 temeritati,
860 1757 1001 1795 nullus
1024 1770 1212 1807 vnquam
1237 1759 1385 1795 extitit
1413 1759 1485 1808 qui
1513 1759 1677 1796 facinus

104 1811 281 1848 auderet
303 1815 391 1848 tam
410 1811 625 1857 illiberale,
648 1811 784 1861 pudor
806 1812 1019 1850 humanus
1040 1825 1116 1862 pro
1138 1812 1225 1861 lege
1253 1812 1463 1851 deterruit
1488 1826 1632 1851 omnes
1653 1826 1677 1851 a

105 1865 330 1916 plusquam
354 1866 517 1903 scurrili
538 1866 802 1916 petulantia:
835 1880 946 1904 nunc
970 1868 1061 1917 ipsa
1082 1868 1334 1905 constitutio
1356 1868 1460 1906 talia
1485 1874 1678 1906 monstra

104 1921 238 1970 gignit
265 1922 406 1958 etiam.
458 1921 515 1958 Et
543 1926 633 1958 tam
662 1921 867 1959 illiberale
894 1922 1058 1959 facinus
1087 1926 1259 1960 autores
1287 1922 1430 1968 habet,
1453 1927 1501 1961 vt
1529 1923 1676 1969 fertur,

104 1975 324 2025 theologos
355 1976 575 2025 quosdam,
604 1978 853 2026 praesertim
883 1977 1003 2014 illum
1032 1976 1307 2026 φιλοθόρυβον,
1340 1979 1381 2015 in
1412 1991 1538 2028 quem
1570 1979 1676 2016 vati-

105 2031 271 2068 cinatus
293 2031 462 2068 videtur
484 2031 753 2076 PrudentiuS,
776 2045 908 2081 quum
929 2033 1014 2069 ait:

652 2101 686 2140 O
708 2106 901 2141 tortuose
923 2116 1106 2154 serpens,

653 2158 726 2206 qui
747 2158 860 2196 mille
881 2171 954 2208 per
976 2158 1201 2196 meandros

654 2212 911 2262 fraudesque
932 2213 1142 2251 flexuosas

649 2269 785 2317 agitas
807 2269 953 2318 quieta
973 2269 1102 2306 corda
1122 2269 1128 2306 1

104 2332 246 2381 Atque
273 2333 402 2369 etiam
430 2333 655 2372 minitatur
682 2333 865 2372 Senatus
892 2335 1242 2385 indignationem,
1274 2335 1353 2373 nisi
1384 2335 1678 2373 subseruiatur

105 2387 235 2437 ipsius
256 2387 459 2425 maliciae.

160 2441 248 2479 Aut
282 2455 455 2492 prorsus
495 2444 640 2492 ignoro
681 2442 898 2490 Senatum,
934 2449 1010 2482 aut
1046 2445 1318 2483 vehementer
1353 2445 1674 2495 indignaturum

105 2496 290 2534 arbitror
311 2497 344 2534 si
372 2498 570 2536 resciscat
598 2500 891 2548 turpissimum
921 2501 1080 2549 pariter
1107 2513 1155 2538 ac
1184 2500 1577 2550 pestilentissimum
1606 2514 1673 2537 ex-
1698 2516 1712 2536 2

104 2551 305 2600 emplum.
366 2551 486 2590 Idem
508 2554 644 2590 sentio
669 2553 719 2590 de
743 2553 857 2603 Rege
884 2553 1257 2592 Christianissimo.
1317 2555 1427 2592 Nam
1454 2556 1505 2592 de
1533 2556 1676 2592 animo

106 2607 259 2643 summi
277 2607 493 2644 Pontificis
510 2613 775 2657 compertum
793 2613 836 2646 et
851 2609 1123 2659 exploratum
1142 2610 1290 2655 habeo,
1313 2611 1432 2647 cuius
1449 2610 1676 2659 prudentia

107 2661 307 2710 perspicit
339 2666 501 2710 quanta
532 2663 587 2700 sit
616 2667 659 2700 et
691 2663 899 2713 religionis
929 2668 972 2702 et
1003 2665 1241 2702 studiorum
1274 2666 1404 2714 pestis
1436 2665 1675 2702 istiusmodi

108 2715 257 2752 libellis
282 2716 542 2754 debacchari.
604 2718 712 2762 Quid
741 2723 885 2756 autem
915 2719 1092 2762 facilius,
1115 2733 1243 2769 quam
1273 2720 1372 2756 ficto
1400 2720 1528 2756 titulo
1556 2719 1673 2768 quid-

1701 1669 1738 1689 10

1701 1942 1737 1972 15

1698 2241 1739 2262 20

107 2769 209 2807 libet
226 2771 267 2807 in
285 2772 478 2819 quemuis
494 2772 673 2809 seribere
689 2778 704 2810 ἱ)
749 2773 828 2811 Sed
846 2774 957 2811 absit
975 2779 1023 2811 vt
1040 2775 1223 2812 alienam
1242 2775 1449 2811 insaniam
1469 2774 1675 2811 imitando
1696 2790 1736 2819 30

106 2824 192 2873 ipsc
215 2824 311 2862 fiam
336 2826 521 2864 insanus.
584 2827 663 2864 Hic
686 2828 948 2878 prodigiosus
970 2829 1110 2867 foetus
1128 2830 1328 2867 Venetiae
1345 2834 1575 2878 conceptus
1596 2835 1673 2871 cst,

153 2933 180 2954 1.
208 2924 439 2964 Omphalius]
459 2926 522 2955 See
541 2926 609 2966 Ep.
629 2936 724 2966 2311.
744 2930 822 2968 4611.
971 2938 1020 2969 17.
1048 2929 1286 2966 Prudentius]
1307 2928 1407 2959 Goth.
1428 2930 1458 2958 (3.
1481 2937 1597 2967 141—4.

151 2976 181 3006 7.
208 2968 383 3007 libellum]
403 2969 591 3011 Scaliger's
608 2970 741 3002 Oratio.

150 3043 271 3073 452.1o
875 3037 899 3063 Β
