1966 3379
167 87 287 136 2761]
637 84 707 122 TO
739 83 1003 121 ERASMUS
1034 81 1243 121 SCHETS
1650 82 1719 117 151

222 189 260 228 S.
281 190 324 227 P.
385 188 426 226 Si
447 189 547 226 haee
564 188 745 238 epistola
762 188 905 224 veniet
922 188 963 224 in
981 191 1184 235 tempore,
1204 185 1374 222 mallem
1393 189 1439 222 vt
1458 184 1723 234 pecuniolam

167 257 295 294 quarn
319 243 447 281 habes
469 255 610 280 serues
630 243 780 287 adhue,
805 243 837 278 si
859 241 985 278 modo
1006 241 1085 278 tibi
1106 253 1191 277 non
1213 240 1340 277 fuerit
1362 238 1600 276 molestum.

222 299 328 336 Dein
350 297 495 335 sedulo
523 310 625 334 caue
647 310 698 334 ne
727 297 827 345 quid
850 296 1090 333 litterarum
1120 307 1308 332 mearum
1335 294 1477 330 veniat
1505 294 1545 330 in
1574 305 1724 330 manus

168 352 343 390 Bebellii
376 356 452 390 aut
484 351 653 400 Grynei.
714 351 823 388 Nam
858 351 997 387 vernis
1030 349 1230 386 nundinis
1263 349 1452 398 proxime
1486 348 1725 397 praeteritis

167 408 306 445 neseio
327 419 411 456 quo
432 419 531 444 casu
555 405 766 443 Bebellius
795 409 946 442 nactus
973 408 1037 442 est
1065 404 1230 441 litteras
1260 415 1385 447 meas,
1409 414 1589 451 quarum
1620 414 1725 438 vnas
1746 416 1763 445 5

167 461 340 500 tandem
357 461 542 498 reddidit
560 460 747 498 Thomae
769 459 906 497 Moro:
933 459 987 496 ad
1004 458 1391 507 Arehiepiscopum,
1409 456 1462 493 ad
1480 456 1725 493 Linconien-

166 529 265 560 sem,
284 516 334 553 de
355 516 470 553 seriis
487 515 610 552 rebus
632 527 879 564 suppressae
901 518 1012 551 sunt.
1055 513 1340 561 Hieronymus
1358 512 1542 549 affirmat
1560 523 1601 547 se
1625 510 1726 547 nihil

167 570 226 608 illi
253 570 488 607 tradidisse.
550 569 700 606 Vtrum
723 569 799 606 abs
827 573 868 606 te
893 568 1102 617 acceperit
1133 580 1185 604 an
1215 568 1255 604 in
1285 566 1437 616 Anglia
1466 570 1646 602 venatus
1674 566 1728 602 sit

167 625 317 662 nescio.

223 679 301 716 Hic
324 679 374 716 de
396 678 571 716 Caesare
592 678 695 716 nihil
719 678 923 716 hahemus
945 677 1048 714 certi
1071 676 1262 721 rumoris,
1286 676 1364 713 nisi
1390 674 1503 724 quod
1530 674 1728 711 Pontifex
1752 688 1790 708 10

167 747 333 771 summa
373 746 469 771 cum
505 734 728 770 maiestate
769 734 980 782 ingressus
1021 733 1075 768 sit
1117 731 1368 775 Bononiam,
1403 734 1445 767 et
1486 730 1527 766 in
1570 728 1729 778 templo

169 789 355 826 Petronii
377 787 579 838 postridie
601 788 814 837 exceperit
835 800 930 824 eum
953 787 1007 824 ad
1030 785 1172 823 oscula
1190 785 1358 835 pedum.
1410 784 1520 821 Hinc
1543 784 1597 821 ad
1615 783 1728 833 pala-

168 844 287 880 tium.
348 842 493 880 Habet
520 847 664 880 tamen
693 855 891 892 magnam
920 841 1103 879 militum
1132 853 1307 877 manum
1339 839 1453 889 apud
1486 851 1540 876 se.
1602 839 1657 875 Et
1689 839 1729 874 in

169 897 411 946 Burgondia
433 897 588 934 dieitur
609 897 747 934 adhue
770 898 812 934 in
833 897 942 946 agris
964 895 1142 933 volitare
1165 908 1249 932 vna
1271 907 1434 932 manus.

224 952 285 989 De
302 951 464 1001 synodo
481 953 564 989 scio
582 951 686 989 nihil
704 951 912 996 futurum,
931 955 985 996 et,
1005 951 1037 987 si
1056 949 1142 995 fiat,
1162 949 1265 987 nihil
1280 949 1404 986 video
1423 960 1598 997 magnae
1618 947 1728 984 vtili-
1754 960 1790 990 15

169 1007 284 1044 tatis.
345 1006 589 1056 Euangelici
607 1008 689 1044 iam
708 1006 872 1055 aliquot
890 1006 990 1043 loeis
1007 1006 1351 1052 conueniunt[ur]
1378 1003 1428 1040 de
1451 1002 1728 1040 restituendo.

169 1061 284 1098 Haec
306 1066 406 1099 sunt
427 1061 646 1111 praeludia
668 1062 838 1099 maioris
859 1060 971 1097 mali.
1024 1060 1175 1097 Precor
1197 1064 1245 1096 vt
1266 1060 1321 1096 sit
1341 1058 1442 1095 felix
1464 1058 1615 1094 exitus.

223 1116 457 1166 Episcopus
474 1115 689 1153 Cantuari.
714 1115 817 1153 nihil
840 1115 942 1152 mihi
964 1115 1135 1163 legauit.
1181 1114 1266 1151 Res
1288 1118 1385 1150 acta
1406 1117 1467 1150 est
1487 1117 1577 1149 arte
1595 1113 1730 1148 cuius-

167 1170 264 1207 dam
286 1184 360 1221 per
381 1184 506 1220 quem
529 1171 763 1220 Episcopus
785 1170 890 1207 solet
913 1182 1034 1219 agere
1057 1182 1220 1206 mecum
1247 1169 1400 1205 onmia.
1462 1167 1502 1204 Is
1525 1179 1657 1216 vsque
1679 1166 1732 1203 ad

168 1226 374 1262 insaniam
397 1229 461 1263 est
483 1225 776 1275 Euangelieus,
800 1225 986 1273 mihique
1014 1224 1154 1261 factus
1182 1228 1247 1261 est
1274 1222 1568 1260 dissimulatus
1598 1221 1731 1258 iniini-
1753 1234 1794 1255 20

168 1293 252 1325 ους,
275 1280 390 1329 quod
411 1293 537 1317 ausus
560 1281 637 1318 sim
663 1280 821 1318 Lutero
846 1279 1111 1329 respondere.
1172 1278 1251 1316 Per
1276 1277 1387 1315 hune
1416 1276 1529 1326 quod
1559 1276 1661 1313 inihi
1682 1288 1732 1312 ex

168 1335 368 1384 pensione
391 1335 638 1380 debebatur,
662 1335 920 1372 transfertur
941 1334 993 1371 ad
1016 1334 1133 1371 alios,
1195 1332 1321 1370 Multi
1343 1332 1479 1369 latent
1505 1331 1582 1368 sub
1606 1330 1734 1368 titulo

168 1389 401 1439 Euangelii,
419 1391 490 1439 qui
513 1403 659 1428 reuera
681 1394 782 1427 sunt
798 1389 963 1440 pagani.
1007 1388 1120 1425 Deus
1137 1387 1210 1425 (let
1227 1387 1348 1425 nobis
1366 1386 1562 1425 omnibus
1581 1385 1734 1423 bonam

167 1449 366 1482 mentem.

224 1498 273 1536 In
290 1499 398 1537 hane
416 1499 589 1537 domum
607 1500 690 1537 iam
712 1500 918 1549 insumpsi
940 1511 1067 1548 supra
1085 1499 1352 1547 octingentos
1374 1496 1554 1534 florenos
1572 1508 1733 1539 aureos,
1755 1507 1795 1537 25

168 1558 211 1590 et
233 1558 376 1591 tamen
399 1555 565 1592 animus
586 1555 715 1604 gestit
737 1554 833 1591 hine
856 1553 1038 1591 auolare.
1085 1552 1143 1590 At
1160 1565 1245 1590 non
1262 1551 1386 1589 video
1404 1564 1499 1600 quo.
1553 1550 1735 1587 Senatus

169 1607 428 1646 Besontinus
453 1610 535 1647 iam
564 1609 628 1646 bis
652 1622 726 1659 per
751 1609 919 1646 litteras
946 1608 1151 1645 inuitauit
1178 1611 1228 1644 vt
1258 1619 1307 1644 eo
1334 1607 1571 1655 migrarem,
1602 1617 1736 1654 nuper

169 1664 298 1700 etiam
339 1664 451 1702 dono
491 1665 607 1702 misit
647 1664 731 1701 duo
773 1676 876 1701 vasa
917 1664 1003 1700 vini
1043 1662 1340 1712 Burgondiaci.
1407 1661 1456 1698 In
1502 1661 1735 1710 patria<m>

169 1718 352 1764 mallem,
375 1719 448 1757 sed
470 1719 608 1756 multa
630 1718 858 1756 deterrent.
920 1717 1034 1756 Vale.

226 1772 430 1824 Friburgi.
456 1783 477 1822 5
501 1774 567 1811 die
588 1773 692 1811 febr.
720 1783 834 1821 1533.
1757 1781 1797 1810 30

1345 1825 1547 1863 Erasmus
1569 1830 1680 1862 tuus.

214 1938 245 1966 4.
271 1928 437 1965 Bebellii]
474 1928 550 1957 The
589 1926 684 1958 chief
720 1927 839 1967 object
880 1927 916 1957 of

169 1972 354 2012 suspicion
371 1981 487 2002 seems
504 1976 543 2002 to
561 1971 655 2002 have
673 1971 764 2001 been
782 1971 894 2001 Bebel
909 1982 915 2006 ;

169 2015 215 2046 cf.
232 2016 328 2056 Epp.
344 2024 440 2054 2530.
456 2024 535 2054 5011,
552 2024 646 2053 2552.
663 2024 693 2054 7,
709 2017 805 2054 2763.
820 2024 879 2051 9—1
892 2025 916 2045 1.

215 2068 245 2097 5.
272 2059 429 2097 litteras]
484 2059 588 2090 None
643 2059 680 2089 of
730 2059 834 2089 these
891 2059 917 2088 is

170 2107 314 2134 extant.

218 2157 267 2177 10.
294 2147 481 2185 Pontifex]
521 2147 660 2187 Viglius
700 2147 771 2177 had
812 2147 917 2186 given

170 2191 345 2221 Erasmus
357 2201 455 2221 soine
467 2195 623 2221 account
633 2191 670 2221 of
682 2191 744 2221 the
756 2191 919 2230 Bologna

170 2235 331 2274 meeting
363 2235 447 2274 (Ep.
484 2243 578 2274 2753.
598 2236 710 2274 34—9),
748 2235 816 2265 but
855 2234 918 2264 the

170 2279 352 2309 reference
378 2286 415 2309 to
442 2279 504 2309 the
528 2279 664 2309 church
684 2279 722 2309 of
739 2279 773 2309 S.
793 2278 917 2308 Petro-

170 2323 253 2353 nius
276 2323 395 2353 shows
419 2323 499 2353 that
527 2323 703 2353 Erasmus
722 2322 807 2352 here
829 2322 919 2352 cites

170 2376 270 2396 some
309 2366 416 2397 other
456 2367 668 2396 informant.
725 2366 919 2396 Petronius

987 1928 1083 1965 2776.
1104 1934 1220 1965 33—42.
1255 1925 1348 1955 Vv'ho
1363 1925 1425 1955 the
1441 1924 1640 1964 particular
1658 1933 1735 1963 per-

986 1981 1051 2000 son
1082 1970 1166 2000 here
1196 1969 1354 2000 referred
1384 1972 1423 1999 to
1452 1969 1492 2003 is,
1520 1978 1571 1997 we
1596 1967 1642 1997 do
1673 1973 1733 1997 not

987 2015 1105 2044 know.

1031 2067 1083 2088 22.
1113 2057 1301 2098 pensione]
1344 2056 1413 2086 For
1442 2055 1629 2086 Erasinus*
1659 2065 1735 2095 pre-

987 2102 1206 2142 occupation
1230 2101 1318 2131 with
1342 2101 1405 2130 the
1427 2099 1585 2139 possible
1607 2099 1678 2129 loss
1701 2098 1737 2128 of

988 2147 1043 2176 his
1073 2146 1244 2185 pensions
1276 2144 1424 2174 derived
1458 2144 1551 2174 from
1587 2142 1736 2182 English

987 2189 1118 2229 livings
1129 2200 1188 2219 see
1202 2189 1299 2228 Epp.
1315 2190 1408 2227 2776.
1420 2197 1536 2227 27—42.
1551 2187 1735 2225 278541&

986 2234 1160 2264 Craniner
1186 2233 1221 2262 in
1249 2232 1324 2262 fact
1351 2231 1558 2261 undertook
1587 2236 1626 2260 to
1655 2240 1736 2259 con-

988 2278 1091 2308 tinue
1109 2277 1172 2307 the
1190 2277 1374 2317 pensions.
1393 2275 1466 2305 and
1485 2276 1518 2304 in
1538 2275 1636 2304 June
1657 2283 1737 2311 1533

988 2326 1070 2351 sent
1088 2320 1248 2360 through
1265 2320 1403 2350 Gerard
1424 2319 1600 2358 Phrysius
1620 2317 1738 2356 thirty

988 2364 1145 2404 pounds,
1164 2374 1222 2394 see
1244 2364 1312 2404 Ep.
1334 2364 1428 2401 2815.
1453 2363 1575 2401 13—182
1602 2361 1647 2391 cf.
1668 2361 1736 2400 Ep.

170 2420 245 2440 was
261 2410 323 2440 the
341 2414 474 2450 patron
494 2410 591 2440 saint
608 2410 645 2440 of
662 2410 837 2450 Bologna.

219 2462 269 2492 15.
295 2454 450 2494 synodo]
497 2454 575 2484 The
622 2454 762 2494 project
812 2453 850 2484 of
899 2463 920 2483 a

171 2498 317 2538 general
343 2497 504 2529 Couneil.

219 2544 269 2572 16.
297 2542 341 2572 do
370 2541 612 2579 restituendo]
645 2541 722 2571 The
749 2541 919 2581 question

171 2585 208 2616 of
226 2586 288 2616 the
305 2585 518 2616 restitution
540 2585 576 2616 of
597 2585 660 2616 the
680 2585 816 2615 chureh
839 2594 919 2624 pro-

172 2630 318 2669 perties.

219 2674 334 2709 18-19.
360 2672 565 2710 cuiusdam]
600 2672 669 2703 For
701 2682 853 2712 persons
886 2672 920 2702 in

172 2716 378 2747 WVarfflmss
395 2716 597 2747 household
619 2716 656 2746 of
676 2717 795 2746 whom
815 2716 919 2746 Eras-

172 2771 253 2791 mus
277 2760 511 2791 entertained
538 2761 743 2800 suspicions
766 2770 825 2790 see
850 2759 919 2799 Ep.

990 2410 1084 2447 2879.
1105 2418 1201 2447 30—4‚
1221 2407 1466 2440 Miaskowski.
1490 2417 1525 2445 p.
1548 2415 1622 2444 333,
1644 2404 1735 2434 EE2.

992 2453 1064 2491 138,
1095 2452 1210 2482 Lond.
1239 2462 1326 2481 xxx.
1356 2460 1407 2489 70,
1439 2450 1551 2480 xxvii.
1584 2458 1636 2487 51,
1665 2448 1736 2478 LB.

993 2497 1086 2531 1288,
1108 2498 1202 2533 1296,
1222 2495 1313 2525 Brit.
1334 2494 1426 2524 Mus.
1454 2493 1525 2523 MS.
1546 2492 1667 2522 Vitell.
1695 2492 1736 2521 Β.

990 2540 1063 2570 xiv.
1083 2540 1106 2569 f.
1128 2548 1201 2577 259,
1219 2539 1463 2579 Copenhagen
1483 2537 1555 2567 MS.
1574 2538 1616 2566 G.
1638 2535 1683 2565 K.
1703 2536 1736 2565 S.

989 2592 1030 2622 95
1049 2584 1260 2621 F01.f.138,

1036 2637 1086 2665 25.
1113 2626 1360 2666 octingentos]
1379 2626 1443 2655 See
1463 2625 1529 2664 Ep.
1552 2632 1645 2662 2530.
1669 2632 1722 2652 in.

1036 2674 1088 2701 20.
1115 2671 1287 2707 Senatus]
1315 2670 1379 2699 See
1410 2669 1504 2708 lep.
1538 2676 1631 2706 2750.
1661 2675 1737 2700 2011,

991 2716 1086 2755 2778,
1109 2718 1201 2754 2735.
1222 2723 1295 2754 4—5.
