1966 3379
471 91 588 129 THE
619 89 918 129 DONATION
948 90 1020 129 ΤΟ
1050 89 1370 130 GOCLENIUS
1619 94 1699 131 415

194 195 232 234 S.
270 196 315 234 P.
367 194 579 232 Redditae
614 195 788 232 fuerunt
823 194 944 232 nobis
979 194 1128 232 literae
1163 198 1264 232 tuae
1299 195 1353 232 ad
1388 208 1464 233 nos
1496 196 1699 245 postridie

140 250 326 289 Paschae
356 250 546 300 proxime
581 250 802 299 praeteriti
832 249 972 294 datae,
1005 249 1069 286 vir
1103 248 1344 287 clarissime.
1395 249 1557 295 Quibus
1589 263 1697 288 com-
1720 269 1737 298 5

138 305 342 343 mittebas
361 304 483 342 nobis
504 304 614 341 illius
639 304 840 354 pecuniae
865 303 1237 352 dispensationem,
1260 316 1387 352 quam
1417 304 1467 341 D.
1498 304 1700 342 Erasmus

140 358 401 398 Roterodam
409 371 468 403 us,
486 359 551 395 vir
566 358 841 396 admirandae
856 357 1116 403 erudit-ionis,
1135 357 1249 407 apud
1265 358 1543 395 excellentem
1563 360 1700 396 virum

139 413 381 452 Conradum
402 412 662 458 Goclenium,
684 412 825 462 lingue
853 411 1031 449 Latinae
1059 413 1100 449 in
1129 411 1303 461 collegio
1331 412 1579 450 Buslidiano
1606 426 1699 463 pro-

138 468 351 513 fessorem,
388 467 644 517 deposuerat
678 470 722 504 et
755 467 798 504 in
834 466 925 516 pios
961 479 1060 504 vsus
1095 467 1137 503 in
1172 466 1409 504 Brabantia
1444 468 1699 516 erogandam

140 522 469 568 concrediderat,
497 521 787 571 praescribens
815 520 935 558 nobis
961 525 1022 567 vt,
1052 521 1086 558 si
1113 521 1218 559 nihil
1246 522 1500 559 nominatim
1526 527 1699 559 cautum
1725 541 1763 561 10

140 577 256 627 apud
290 589 365 614 nos
400 580 579 621 extaret,
610 577 652 613 in
682 588 788 624 quos
820 587 921 612 Vsus
953 575 1025 612 illa
1056 580 1167 613 esset
1201 575 1504 621 conuertenda,
1536 589 1629 613 eam
1661 577 1701 614 in

141 644 304 670 annuos
334 631 508 676 reditus,
538 630 648 668 vnde
675 630 841 679 aliquot
867 642 1073 680 pauperes
1101 630 1280 668 studiosi
1308 631 1350 667 in
1377 630 1456 668 hac
1484 631 1702 668 academia

139 686 311 724 educari
344 698 392 723 ac
428 684 640 722 subleuari
678 688 864 734 possent,
900 684 1214 722 collocaremus.
1264 684 1400 730 Quam
1441 686 1702 734 prouinciam

141 753 190 778 eo
220 740 419 778 libentius
447 740 720 789 suscepimus,
749 743 798 776 vt
826 742 916 776 tam
944 739 1117 789 insignis
1145 740 1224 776 viri
1252 751 1405 777 munus
1432 740 1582 777 maiori
1609 739 1702 785 fide,

141 795 359 845 diligentia
388 807 436 831 ac
466 794 664 831 cautione
695 793 927 832 secundum
956 793 1067 831 illius
1094 793 1365 832 voluntatem
1392 798 1436 831 et
1464 798 1584 832 tuam
1613 807 1701 844 pre·
1727 813 1763 843 15

139 849 374 887 finitionem
394 849 720 898 dispensaretur.

196 903 276 942 Sed
297 916 393 941 cum
414 904 498 941 iam
520 907 618 953 post
639 903 808 952 longam
830 903 949 940 litem
967 903 1008 940 in
1025 907 1177 940 senatu
1194 903 1455 941 Brabantiae
1473 916 1546 953 per
1562 903 1703 953 syndi-

141 971 237 996 cum
263 962 457 996 nostrum
478 962 522 995 et
543 957 745 995 Ioannem
773 957 1046 1003 Altenanum,
1069 957 1271 995 heredum
1295 957 1482 996 Goclenii
1506 971 1704 1008 procura-

142 1018 291 1058 torem,
324 1013 545 1062 agitatam,
568 1011 715 1050 fiscum
743 1012 949 1062 Principis
970 1012 1140 1050 decreto
1166 1017 1340 1050 senatus
1368 1012 1704 1057 exclusissemus‚

140 1080 234 1106 ecce
255 1067 306 1105 de
327 1067 556 1117 improuiso
576 1079 689 1104 noua
710 1067 1010 1105 controuersia.
1062 1066 1260 1105 Prefatus
1288 1067 1497 1117 siquidem
1525 1067 1706 1105 Ioannes
1728 1086 1766 1107 20

141 1122 376 1160 Altenanus
406 1121 635 1159 eorundem
666 1121 866 1159 heredum
898 1121 1086 1159 Goclenii
1117 1123 1286 1159 nomine
1314 1126 1541 1172 praetextu
1569 1122 1704 1159 cuius-

143 1177 241 1214 dam
263 1176 518 1222 donationis,
545 1189 674 1225 quam
702 1176 923 1214 contendit
951 1176 1005 1214 ab
1034 1176 1211 1214 Erasmo
1238 1176 1438 1214 Goclenio
1466 1189 1577 1214 anno
1602 1185 1706 1224 1533

143 1232 292 1280 quinto
313 1230 521 1269 Calendas
547 1230 816 1281 Septembres
840 1231 1014 1276 factam,
1037 1231 1269 1269 secundum
1292 1231 1578 1281 syngrapham
1599 1232 1704 1269 eius-

142 1286 237 1323 dem
251 1285 302 1323 D.
317 1285 482 1323 Erasmi
499 1298 627 1323 manu
643 1286 927 1336 conscriptam
944 1290 988 1323 et
1003 1286 1296 1335 subsignatam
1314 1287 1449 1334 (cuius
1465 1286 1706 1336 exemplum

142 1341 251 1378 istuc
273 1341 635 1387 transmittimus),
655 1342 812 1390 satagit
833 1341 1055 1390 pecuniam
1069 1340 1185 1378 illam
1202 1340 1465 1378 fiduciariam
1483 1340 1648 1378 auferre
1663 1345 1707 1378 et
1728 1359 1744 1380 2
1750 1358 1767 1388 5

144 1394 226 1432 illis
242 1398 291 1432 vt
308 1395 522 1444 propriam
539 1395 764 1445 adplicare.
811 1394 933 1441 Quod
955 1408 1007 1432 ne
1028 1399 1172 1445 posset
1189 1396 1362 1440 efficere,
1381 1396 1706 1440 intercessimus,

142 1453 186 1487 et
207 1453 297 1487 tam
319 1449 443 1486 huius
464 1449 703 1487 academiae
724 1462 771 1487 ac
793 1463 1029 1500 pauperum
1047 1463 1175 1499 quam
1192 1450 1357 1488 heredis
1372 1454 1415 1488 et
1431 1454 1707 1488 executorum

144 1505 491 1542 testamentariae
527 1504 814 1554 dispositionis
849 1504 900 1542 D.
938 1505 1103 1542 Erasmi
1133 1505 1302 1542 nomine
1332 1517 1406 1554 per
1437 1504 1707 1554 magnificum

144 1559 282 1596 virum
313 1558 437 1596 huius
467 1558 708 1596 academiae
736 1563 942 1597 rectorem
969 1559 1105 1597 eidem
1133 1560 1336 1610 pecuniae
1363 1572 1519 1597 nexum
1548 1572 1632 1605 seu,
1660 1563 1709 1596 vt

143 1613 271 1662 vulgo
291 1613 515 1662 loquimur,
536 1618 745 1651 arrestum
767 1614 997 1652 iniecimus.
1729 1633 1770 1663 30

199 1668 355 1705 Verum
394 1668 494 1717 quia
534 1668 725 1717 predicta
765 1668 940 1706 donatio
975 1681 1026 1706 ex
1067 1668 1214 1706 multis
1253 1669 1503 1706 coniecturis
1539 1668 1709 1706 videtur

145 1722 357 1767 simulata,
380 1727 424 1759 et
449 1723 633 1760 maxime
661 1735 712 1759 ex
741 1722 873 1760 literis
900 1724 1031 1773 ipsius
1052 1723 1102 1761 D.
1126 1724 1291 1761 Erasmi
1313 1723 1427 1773 apud
1455 1723 1708 1773 Friburgum

145 1777 342 1826 Brisgoae
364 1781 518 1814 octauo
539 1776 694 1827 Aprilis
719 1790 830 1815 anno
854 1787 958 1827 1534
986 1779 1166 1828 scriptis,
1196 1791 1303 1828 quae
1331 1778 1430 1816 licet
1457 1779 1710 1828 posteriores

145 1832 230 1869 sint
251 1831 383 1869 literis
404 1835 652 1881 praetensae
674 1831 927 1878 donationis,
949 1833 1233 1870 meminerunt
1255 1837 1400 1870 tamen
1425 1833 1563 1870 adhuc
1586 1845 1707 1883 pecu-

144 1887 237 1924 niae
258 1886 563 1936 predepositae,
582 1899 762 1935 quarum
780 1886 1039 1937 descriptum
1056 1888 1186 1925 etiam
1203 1887 1258 1925 ad
1274 1892 1317 1925 te
1335 1887 1499 1933 damus,
1516 1891 1710 1937 petentes
1730 1906 1770 1936 35

146 1944 206 1985 vt,
230 1941 263 1977 si
284 1953 392 1990 quae
413 1940 496 1978 alia
518 1941 611 1978 istic
639 1945 789 1978 extent
814 1941 1083 1988 documenta,
1107 1942 1260 1991 quibus
1285 1942 1400 1980 fictio
1427 1946 1471 1980 et
1495 1941 1710 1980 simulatio

146 1995 257 2032 dicte
279 1995 520 2033 donationis
541 1996 711 2045 coargui
732 1997 878 2046 possit,
902 1996 974 2033 illa
995 1997 1049 2034 ad
1070 2009 1147 2034 nos
1168 1998 1338 2034 mittere
1359 2009 1443 2034 non
1464 1997 1662 2046 graueris.

201 2049 257 2086 Et
279 2050 378 2098 quia
399 2050 570 2099 insignis
597 2054 674 2088 tua
700 2050 883 2088 eruditio
911 2055 1177 2101 compertum
1206 2051 1349 2097 habet,
1377 2051 1630 2089 mandatum
1660 2051 1710 2088 de

146 2103 346 2154 predictis
378 2105 562 2142 nummis
597 2105 827 2143 secundum
862 2118 1029 2143 sensum
1066 2106 1231 2143 Erasmi
1264 2106 1558 2156 dispensandis
1589 2106 1711 2143 nobis

147 2159 309 2196 factum
332 2159 385 2196 ad
407 2159 525 2196 litem
546 2159 749 2197 aduersus
771 2159 944 2198 heredes
964 2159 1152 2198 Goelenii
1177 2160 1486 2210 suscipiendam
1516 2173 1599 2198 non
1625 2160 1708 2198 suf-
1731 2180 1772 2210 40

147 2213 279 2258 ficere,
302 2214 460 2263 poteris
482 2214 624 2259 etiam,
643 2218 691 2252 vt
712 2215 847 2251 omnis
868 2215 1157 2253 calumniandi
1177 2228 1281 2253 ansa
1297 2215 1477 2253 tollatur
1494 2216 1711 2264 omnisque

148 2267 483 2317 subterfugiendi
505 2269 576 2306 via
602 2268 890 2318 precludatur,
920 2271 984 2307 ius
1012 2270 1284 2320 dispensandi
1312 2270 1567 2320 prescriptos
1590 2282 1709 2307 num-

148 2335 238 2359 mos
259 2321 496 2360 fiduciarios
524 2323 756 2360 secundum
783 2323 980 2362 vltimam
1005 2324 1275 2362 voluntatem
1301 2324 1351 2362 D.
1379 2324 1544 2362 Erasmi
1569 2325 1610 2361 in
1636 2337 1711 2361 nos

148 2376 294 2414 cederc
329 2376 382 2414 ad
418 2389 651 2427 pauperum
686 2378 941 2416 scholarium
974 2379 1221 2424 vtilitatem,
1255 2392 1350 2416 cum
1383 2379 1435 2416 de
1467 2378 1550 2416 alio
1585 2379 1711 2416 modo

148 2430 418 2480 dispensandi
446 2431 658 2481 prefatum
688 2432 927 2482 depositum
955 2433 1058 2471 nihil
1090 2434 1205 2483 apud
1232 2446 1308 2471 nos
1336 2437 1510 2471 cautum
1537 2434 1709 2477 existat,
1731 2451 1771 2482 45

149 2489 197 2522 vt
225 2486 432 2534 possimus
463 2486 504 2523 in
534 2486 688 2524 iudicio
716 2487 782 2524 vel
811 2488 966 2525 actoris
992 2488 1058 2525 vel
1089 2489 1147 2525 rei
1178 2501 1414 2538 personam,
1446 2492 1573 2537 prout
1601 2500 1709 2525 com-

148 2539 321 2577 modum
342 2540 483 2585 fuerit,
505 2541 723 2579 sustinere.

203 2593 319 2639 Quae
347 2595 488 2631 omnia
514 2596 576 2632 vti
601 2597 738 2633 tutius
764 2597 905 2646 peragi
930 2598 1106 2646 possint,
1133 2598 1344 2634 mittimus
1369 2596 1422 2633 ad
1449 2600 1566 2633 tuam
1593 2596 1709 2633 clari-

149 2648 339 2685 tudinem
362 2648 510 2686 harum
532 2649 723 2696 latorem,
746 2652 819 2700 qui
841 2652 980 2688 omnia
1003 2651 1062 2689 illi
1087 2652 1329 2689 concredita
1354 2652 1407 2688 ad
1433 2664 1507 2688 nos
1534 2650 1712 2688 fideliter

148 2707 213 2740 est
234 2702 486 2752 perlaturus.
540 2703 651 2741 Bene
673 2704 779 2750 vale,
802 2706 866 2743 vir
886 2705 1126 2744 clarissime.
1731 2724 1772 2752 50

204 2757 268 2794 Ex
291 2757 479 2795 Louanio
500 2757 648 2795 Idibus
669 2758 923 2797 Octobribus
944 2766 987 2797 a⁰
1012 2770 1126 2809 1539.

205 2810 363 2849 Rector
383 2816 427 2849 et
449 2811 709 2851 Vniuersitas
731 2813 870 2852 Studii
891 2814 1107 2852 Generalis
1130 2814 1415 2852 Louaniensis.
1471 2813 1653 2851 Amicus.
