1966 3379
267 103 345 140 274
724 103 982 142 LETTERS
1012 103 1082 141 OF
1113 103 1379 142 ERASMUS

1712 107 1835 154 [1533

268 208 497 252 lubentius,
521 208 633 256 quod
658 221 721 245 res
746 208 799 245 ad
824 208 1012 245 omnium
1040 208 1272 245 vtilitatem
1300 208 1437 246 facere
1466 208 1693 246 videretur.
1753 209 1833 247 Hic

269 262 433 300 nullum
461 262 637 299 verbum
664 267 742 308 est,
773 263 914 311 quoad
942 266 1013 299 τοῦ
1041 261 1290 300 ἀποστασίου
1318 275 1488 300 causam
1517 264 1688 308 attinet,
1715 265 1834 302 cuius

207 328 249 353 00
270 320 413 354 tamen
446 318 509 354 vir
540 316 621 362 ille,
651 321 700 354 vt
731 318 905 367 accipio,
935 330 1008 354 nec
1039 322 1165 355 autor
1196 330 1270 354 nee
1302 318 1527 365 instigator
1558 317 1652 363 fuit,
1682 322 1832 368 vtpote

269 371 423 420 quietis
463 384 590 420 quam
632 384 761 421 opum
801 375 878 409 aut
918 372 1088 409 honoris
1135 372 1359 408 amantior.
1419 371 1558 417 Quum
1598 371 1751 410 Caesar
1791 377 1834 410 et

270 425 515 463 Franciscus
542 425 776 463 Galliarum
807 426 898 463 Rex
929 426 1046 463 bellis
1075 427 1185 463 inter
1213 438 1254 463 se
1280 426 1636 471 conflictarentur,
1663 427 1833 476 Vtrique

268 479 406 517 dieaui
429 493 544 517 meas
566 480 894 526 lucubrationes,
912 493 1048 529 neque
1070 481 1295 529 quisquam
1318 481 1478 526 extitit,
1497 481 1833 530 qui‘elamitaret

269 547 334 571 me
364 535 417 571 ab
452 535 573 572 hoste
603 534 792 572 Caesaris
822 539 947 573 stare.
1008 534 1178 580 Quanto
1210 536 1349 572 minus
1380 535 1532 573 habuit
1562 535 1727 581 frontis,
1760 537 1832 585 qui

207 598 248 628 95
267 589 523 626 calumniam
544 590 669 627 istam
691 590 926 627 fabricatus
947 593 1012 627 est
1026 594 1041 627 ’ί

323 642 403 681 Sed
426 644 503 681 hoe
525 644 576 681 de
597 649 858 693 nugamento
876 644 970 694 plus
992 644 1109 682 satis.
1151 644 1281 681 Venio
1304 657 1416 688 nunc
1438 644 1491 682 ad
1509 657 1604 682 eum
1627 645 1832 695 epistolae

268 702 368 736 tuae
396 698 548 743 locum,
578 711 662 748 quo
691 700 759 748 pio
786 699 942 736 affectu
971 699 1166 748 deploras
1199 699 1444 748 Pilapianae
1473 700 1611 748 gentis
1638 700 1830 745 exitium,

268 765 376 802 quae
398 765 471 802 per
487 753 748 791 Christianos
770 754 978 802 principes
999 753 1208 803 spoliatur
1227 754 1415 791 externis
1432 753 1563 799 bonis,
1581 766 1656 791 nec
1679 754 1832 792 sinitur

269 808 445 844 internis
462 808 582 845 bonis
599 808 822 852 ditescere;
853 808 1060 857 premitur
1082 808 1268 845 humano
1289 809 1397 857 iugo,
1417 821 1490 845 nec
1513 808 1690 846 docetur
1709 810 1831 846 suaui

191 871 250 891 ¹00
268 861 424 899 Christi
459 863 556 911 iugo
588 862 697 900 colla
731 863 996 900 submittere.
1057 862 1253 900 Proeeres
1284 863 1395 899 enim
1431 862 1491 900 illi
1523 864 1595 912 qui
1631 863 1831 901 victorias

269 916 427 966 praeda
449 917 697 962 metiuntur,
720 917 888 954 malunt
910 917 1115 966 imperare
1141 916 1275 954 beluis
1296 929 1425 966 quam
1453 917 1707 955 hominibus.
1769 918 1831 956 Ea

269 983 333 1008 res
368 972 410 1008 in
441 984 569 1009 causa
604 976 681 1016 est,
718 975 768 1008 vt
803 972 1022 1021 pauciores
1057 975 1202 1020 gentes
1238 984 1346 1021 quae
1382 971 1597 1009 Christum
1633 973 1829 1022 ignorant

268 1025 323 1062 ad
353 1026 551 1064 ecclesiae
582 1027 842 1063 consortium
874 1030 1007 1063 semet
1037 1026 1286 1075 adiungant,
1318 1025 1511 1064 videntes
1541 1039 1630 1064 sese
1660 1039 1745 1064 non
1775 1027 1829 1064 ad

268 1079 650 1123 Christianismum,
676 1081 749 1118 sed
774 1080 827 1118 ad
854 1082 1046 1130 rapinam
1075 1093 1123 1118 ae
1152 1081 1350 1118 miseram
1378 1082 1629 1119 seruitutem
1659 1082 1758 1131 peti,
1786 1085 1831 1119 et

188 1148 248 1178 105
268 1135 470 1184 quicquid
491 1139 556 1172 est
578 1135 786 1172 malorum
805 1148 970 1173 morum
988 1136 1191 1184 insignius
1207 1148 1295 1173 esse
1313 1136 1355 1172 in
1372 1136 1463 1172 vita
1479 1135 1828 1174 Christianorum.

269 1189 406 1227 Multo
427 1189 543 1227 aliud
567 1194 632 1227 est
658 1190 876 1239 negotiari,
899 1189 1016 1227 aliud
1041 1190 1215 1239 pietatis
1241 1191 1457 1239 negotium
1483 1203 1616 1239 agere.
1678 1190 1830 1240 Itaque

269 1244 467 1281 victorias
497 1244 615 1282 ducis
646 1244 758 1281 illius
788 1245 942 1294 egregii
972 1244 1143 1294 quidem
1174 1257 1221 1282 ac
1252 1244 1475 1289 fortunati,
1505 1245 1578 1293 qui
1608 1249 1675 1282 tot
1706 1245 1830 1282 vrbes

267 1298 454 1336 litorales
481 1299 693 1349 spoliauit,
720 1300 920 1336 coniectis
947 1299 989 1336 in
1018 1311 1144 1344 mare,
1174 1299 1329 1348 quibus
1357 1299 1559 1336 vehendis
1587 1312 1718 1337 naues
1746 1312 1830 1337 non

267 1353 544 1398 sufficiebant,
575 1358 623 1391 vt
651 1354 830 1403 ingenue
861 1353 976 1402 quod
1007 1366 1072 1390 res
1103 1357 1168 1391 est
1198 1353 1347 1399 fatear,
1381 1366 1464 1391 non
1495 1353 1655 1403 absque
1685 1354 1830 1392 dolore

188 1421 247 1442 110
267 1407 359 1457 legi.
420 1407 500 1445 Sed
522 1408 573 1446 de
600 1409 771 1457 negotio
798 1408 985 1453 militari,
1008 1408 1257 1458 praesertim
1285 1421 1334 1446 eo
1363 1409 1482 1446 cuius
1504 1408 1757 1457 qualitatem
1787 1413 1831 1446 et

266 1463 595 1500 circunstantias
622 1475 774 1512 parum
803 1463 993 1512 cognitas
1022 1462 1169 1507 habeo,
1202 1463 1336 1500 satius
1366 1462 1494 1500 fuerit
1524 1475 1590 1500 me
1621 1476 1705 1500 non
1735 1476 1828 1513 pro-

267 1518 479 1554 nunciare.
539 1517 654 1555 Illud
676 1518 718 1555 in
743 1530 893 1567 genere
914 1517 1076 1554 dicam:
1109 1518 1335 1555 auaritiam
1360 1522 1403 1555 et
1428 1517 1664 1567 imperandi
1693 1518 1828 1555 libidi-

267 1584 361 1609 nem
383 1584 466 1609 non
487 1573 706 1609 minimam
728 1585 817 1609 esse
839 1585 1011 1610 causam
1034 1585 1143 1621 quur
1164 1572 1309 1621 religio
1331 1572 1573 1610 Christiana
1601 1572 1643 1609 in
1671 1572 1747 1610 has
1775 1573 1831 1610 sit

266 1630 487 1664 contracta
507 1627 739 1676 angustias.
791 1627 1117 1664 Mansuetudine
1138 1639 1185 1664 ac
1208 1626 1487 1664 beneficentia
1508 1627 1764 1672 cicurantur,
1787 1631 1831 1665 et

188 1694 245 1724 115
265 1681 320 1718 ad
350 1694 523 1719 manum
553 1682 731 1719 veniunt
756 1682 886 1719 etiam
911 1681 1037 1727 ferae,
1066 1682 1246 1719 saeuitia
1272 1694 1320 1719 ac
1352 1680 1567 1718 maleficiis
1598 1681 1831 1719 efferantur

265 1739 308 1773 et
330 1735 401 1773 illa
423 1748 531 1785 quae
553 1740 710 1774 natura
730 1740 955 1773 mansueta
975 1740 1087 1773 sunt.

320 1789 443 1836 Quod
482 1795 627 1828 autem
669 1790 747 1828 hae
778 1791 818 1828 in
854 1803 897 1828 re
933 1803 1007 1840 per
1042 1803 1108 1828 me
1143 1791 1261 1840 cupis
1297 1790 1397 1835 fieri,
1434 1803 1641 1841 perquam
1678 1790 1830 1828 lubens

265 1844 419 1882 obiero.
480 1844 635 1883 Vereor
656 1850 801 1882 tamen
824 1849 872 1882 vt
900 1846 1055 1895 possim
1084 1845 1195 1883 hisce
1223 1845 1434 1883 nundinis.
1495 1844 1595 1883 Sero
1624 1845 1750 1883 rediit
1777 1859 1827 1883 ex

264 1898 415 1948 Anglia
436 1896 623 1937 famulus
645 1912 775 1945 meuS‚
798 1904 842 1937 et
863 1901 936 1949 qui
961 1899 1026 1936 hic
1055 1900 1176 1937 adest
1202 1899 1498 1950 typographus
1520 1913 1641 1945 vnus,
1664 1913 1828 1938 mecum

265 1957 401 1991 totam
434 1954 609 2004 languet
636 1959 857 1992 aestatem.
918 1954 1099 1992 Adnitar
1126 1958 1282 1992 tamen.
1342 1954 1465 2000 Quod
1494 1954 1682 1992 famulus
1712 1968 1830 1992 meus

264 2008 439 2058 perpelli
470 2021 555 2047 non
583 2010 726 2059 potuit
750 2013 799 2046 vt
828 2008 894 2046 vel
923 2022 1051 2059 opera
1080 2008 1147 2047 vel
1178 2010 1357 2059 pecunia
1385 2014 1462 2047 tua
1491 2013 1697 2054 vteretur,
1726 2009 1829 2046 nihil

264 2062 324 2100 illi
346 2063 606 2109 mandaram,
629 2064 708 2101 nisi
730 2068 778 2101 vt
800 2063 956 2113 vbique
981 2064 1140 2101 vitaret
1167 2076 1333 2101 omnem
1365 2064 1611 2113 petacitatis
1636 2065 1828 2114 speeiem,

265 2118 607 2168 meminissetque
629 2118 741 2155 illius
759 2119 919 2156 vetusti
941 2118 1167 2168 prouerbii,
1186 2118 1275 2155 οὔτε
1298 2117 1440 2163 πάντα,
1463 2118 1553 2155 οὔτε
1575 2117 1717 2167 πάντῃ,
1740 2118 1830 2155 οὕτε

263 2256 541 2295 Ρναεραναιίονιο
560 2256 607 2287 ad
625 2260 768 2287 mortem
795 2260 834 2287 to
857 2256 1011 2296 Boleyn,

264 2299 332 2339 Ep.
351 2300 448 2339 2884.

305 2352 357 2380 92.
384 2343 547 2384 Vtrique]
564 2343 642 2374 The
660 2344 885 2384 paraphrase
903 2343 941 2374 of
958 2343 1010 2373 St.

262 2386 439 2417 Mauhew
461 2397 535 2417 was
555 2387 748 2417 dedicated
773 2391 813 2418 to
837 2387 900 2417 the
925 2387 1009 2417 Em-

262 2440 379 2470 peror,
407 2431 491 2461 that
519 2431 556 2461 of
584 2432 636 2461 St.
661 2430 766 2461 Mark
794 2435 833 2461 to
862 2431 1011 2461 Francis

262 2473 490 2513 (Epp.1255‚
512 2476 619 2513 1400).

309 2527 379 2556 114.
406 2518 629 2556 cicurantur]
673 2517 728 2548 Cf.
769 2518 1009 2553 Ecclesiaste&

261 2561 335 2591 LB.
354 2572 387 2591 v.
407 2562 504 2600 813F.

309 2614 321 2634 1
331 2614 379 2644 17.
405 2605 509 2644 cupis
520 2605 610 2642 fieri]
624 2605 780 2635 Damian
792 2605 863 2635 had
876 2605 1011 2635 wished

262 2648 437 2678 Erasmus
468 2648 585 2678 either
611 2652 650 2679 to
674 2649 778 2679 write
801 2649 1010 2688 something

260 2692 376 2722 about
392 2692 456 2722 the
472 2692 712 2722 misfortunes
728 2692 765 2722 of
788 2692 850 2722 the
871 2692 1007 2732 Lapps,

261 2745 301 2765 or
317 2739 356 2766 to
373 2745 544 2775 compose
560 2746 582 2766 a
593 2735 702 2766 letter
715 2736 832 2766 which
845 2736 951 2766 could
964 2736 1007 2766 be

261 2779 410 2818 printed
433 2779 522 2809 with
541 2779 597 2809 his
616 2789 696 2809 own
720 2779 831 2810 letter
851 2784 890 2810 to
906 2779 1006 2810 ,John

261 2822 377 2858 storo,
403 2832 461 2852 see
486 2822 554 2862 Ep.
582 2823 677 2853 2826.
705 2832 783 2862 33n.
832 2823 1007 2853 Erasmus

262 2866 334 2896 had
350 2875 372 2896 a
387 2865 546 2896 German
562 2866 783 2897 translation
796 2866 903 2897 made
916 2867 1007 2897 both

261 2909 299 2939 of
316 2909 505 2940 Damian‘s
519 2909 615 2940 book
628 2910 701 2940 and
718 2910 756 2940 of
772 2911 836 2941 the
850 2910 959 2940 letter
973 2914 1011 2940 to

262 2953 326 2983 the
344 2953 587 2993 Archbishop,
602 2953 671 2983 but
688 2953 947 2990 encountered,
966 2954 1011 2984 he

1083 2256 1164 2287 tells
1198 2256 1368 2292 Damian,
1403 2255 1612 2287 difficulties
1644 2256 1732 2286 with
1769 2257 1832 2286 the

1082 2301 1224 2340 printer
1241 2300 1465 2337 (Emmeus);
1492 2310 1551 2330 see
1568 2299 1638 2340 Ep.
1659 2309 1752 2339 2914.
1769 2301 1831 2330 28-

1082 2353 1133 2382 32.
1188 2344 1233 2374 In
1272 2344 1336 2374 the
1374 2343 1581 2382 Deploratio
1620 2343 1832 2383 Lappz'anae

1079 2387 1265 2418 Gentis—a
1287 2387 1398 2418 letter
1421 2390 1460 2417 to
1488 2387 1551 2417 the
1577 2387 1688 2427 Pope,
1717 2387 1830 2417 dated

1084 2441 1094 2461 1
1124 2431 1225 2471 Sept.
1256 2431 1539 2470 154ossDamian
1564 2431 1752 2470 speaksof
1774 2431 1830 2461 his

1079 2475 1389 2515 correspondence
1402 2474 1492 2504 with
1510 2474 1685 2504 Erasmus
1702 2484 1749 2504 on
1767 2474 1831 2505 the

1079 2519 1222 2557 subject
1239 2518 1276 2548 of
1295 2518 1359 2548 the
1376 2518 1511 2558 Lapps.
1561 2518 1618 2548 He
1637 2517 1729 2548 adds
1746 2518 1831 2548 that

1079 2567 1119 2592 at
1144 2572 1166 2592 a
1192 2562 1286 2592 later
1313 2561 1411 2596 date,
1438 2561 1542 2591 while
1569 2562 1717 2601 staying
1741 2561 1830 2592 with

1081 2606 1256 2636 Erasmus
1282 2609 1322 2636 at
1351 2605 1539 2644 Freiburg,
1572 2605 1616 2634 he
1648 2605 1828 2645 reopened

1077 2650 1140 2680 the
1163 2649 1379 2684 discussion,
1404 2648 1493 2679 with
1519 2648 1583 2679 the
1607 2648 1722 2679 result
1745 2649 1830 2679 that

1078 2693 1254 2723 Erasmus
1296 2692 1504 2722 undertook
1543 2696 1582 2722 to
1622 2692 1770 2731 publish
1809 2702 1831 2722 a

1076 2741 1083 2750 ⁴
1098 2737 1236 2767 iustum
1261 2736 1433 2766 volumen
1448 2735 1469 2771 '‚
1493 2735 1563 2765 but
1590 2735 1674 2766 died
1707 2735 1830 2766 before

1074 2780 1118 2810 he
1137 2780 1276 2810 carried
1297 2783 1363 2810 out
1382 2779 1438 2809 his
1460 2779 1656 2815 intention,
1689 2779 1831 2819 though

1075 2824 1139 2854 the
1154 2823 1382 2854 Ecclesiaste&
1399 2823 1486 2860 (LB.
1502 2833 1536 2853 v.
1555 2823 1617 2861 813
1631 2823 1727 2862 sqq.)
1745 2832 1828 2852 con-

1077 2867 1175 2898 tains
1192 2877 1213 2897 a
1230 2866 1315 2906 long
1332 2876 1485 2906 passage
1502 2876 1549 2896 on
1567 2866 1631 2896 the
1647 2866 1801 2905 subject.

1128 2919 1197 2947 119.
1226 2910 1400 2947 famulus]
1419 2909 1592 2946 Quirinus
1610 2909 1763 2948 Hagius.

1127 2963 1198 2993 123.
1225 2953 1424 2994 prouerbii]
1443 2953 1555 2992 Aclay.
1578 2955 1670 2992 1316.
