1966 3379
109 219 230 268 2663]
391 219 462 257 TO
492 219 759 265 WILLIAM,
792 218 984 258 COUNT
1014 218 1084 257 OF
1115 219 1407 259 ISENBURG
1615 223 1665 260 39

109 323 282 373 quidam
313 323 479 361 sodales
506 322 770 372 gladiatoriis
798 323 950 360 animis
978 323 1032 360 ad
1063 335 1129 360 me
1157 323 1363 361 affectant
1391 325 1518 362 viam.
1578 325 1666 362 Nec

111 378 235 416 video
268 377 358 415 fore
391 376 531 422 finem,
564 378 644 414 nisi
671 377 794 422 forte,
827 377 1073 414 hirudinum
1102 390 1230 423 more,
1259 378 1420 427 expleti
1448 391 1542 416 meo
1571 391 1665 416 san-

107 433 245 482 guine,
267 431 441 469 tandem
463 436 614 480 sponte
634 431 837 469 defluant.
896 431 1073 469 Animat
1094 431 1187 469 illos
1208 433 1251 469 in
1272 445 1338 470 me
1361 445 1454 470 mea
1482 433 1667 471 imbecil-

108 487 207 524 litas
228 490 357 535 atque
378 487 507 523 etiam
529 485 728 523 solitudo.
772 485 883 522 Hinc
904 485 1124 523 imbecillis
1142 499 1248 532 sum,
1267 487 1381 536 quod
1399 487 1518 525 nulla
1535 487 1667 537 digni-

109 545 200 579 tate
220 540 453 578 maleuolos
476 540 721 578 submoueo.
773 539 1009 578 Crabrones
1029 542 1141 578 enim
1163 541 1281 578 nulla
1303 554 1345 578 re
1367 542 1518 579 melius
1539 554 1668 591 quam
1691 556 1728 586 15

109 596 227 633 fumo
247 594 534 644 depelluntur.
593 593 714 632 Solus
736 594 894 640 videor,
917 595 1017 644 quia
1038 595 1143 632 nulli
1165 608 1231 632 me
1253 600 1393 633 sectae
1418 596 1576 641 addixi,
1593 609 1669 634 nec

110 662 202 687 sum
220 649 481 694 addicturus,
500 649 627 686 modo
645 647 758 686 Deus
773 649 880 686 hanc
898 653 1087 687 mentem
1104 649 1207 687 mihi
1228 655 1381 688 seruet.
1433 651 1671 688 Prouolant

110 704 295 753 vndique
316 703 459 749 libelli,
477 716 529 741 ex
551 703 692 748 Italia,
714 716 735 740 e
757 702 905 748 Gallia,
923 716 974 740 ex
992 704 1213 754 Hispania,
1235 717 1257 742 e
1273 703 1524 743 Germaniae
1541 707 1671 743 variis

108 758 326 808 partibus:
353 758 507 807 quibus
530 757 634 795 nihil
656 758 773 795 aliud
795 758 1035 807 proficiunt,
1052 759 1133 796 nisi
1154 759 1270 808 quod
1291 759 1528 797 traducunt
1549 772 1670 797 suam

110 813 326 850 indoctam
349 812 570 857 malitiam,
593 816 637 849 et
657 812 928 850 dissidiorum
951 813 1192 850 incendium
1214 819 1482 863 exasperant.
1542 815 1670 864 Equi·
1691 828 1732 849 20

110 868 217 913 dem,
235 866 350 916 quod
370 879 503 904 vnum
525 879 712 917 possum,
729 871 833 916 opto
849 867 930 904 illis
952 872 1140 905 mentem
1161 868 1392 906 meliorem.
1434 868 1546 907 Nam
1569 869 1672 906 mihi

110 923 153 959 in
174 922 252 959 hac
275 921 433 959 harena
455 921 657 959 standum
678 926 744 959 est
761 934 893 970 vsque
913 922 967 959 ad
989 927 1229 960 extremum
1249 923 1362 960 vitae
1384 923 1509 961 diem.
1561 923 1671 969 Quid

109 976 270 1014 facias?
329 976 398 1014 Ita
419 977 558 1013 visum
579 980 645 1013 est
665 976 779 1014 fatis.
840 976 957 1014 Tuae
978 976 1170 1026 profecto
1192 978 1346 1015 virtuti
1372 978 1577 1027 gratulor,
1600 979 1673 1027 qui

110 1043 265 1081 magno
281 1031 436 1076 animo,
454 1031 629 1080 parique
644 1043 839 1068 successu
854 1043 941 1068 rem
954 1043 1087 1080 geras,
1103 1036 1248 1081 partes
1262 1032 1317 1069 ad
1331 1032 1672 1070 mediocritatem

111 1098 328 1130 reuocans,
359 1089 449 1122 tam
484 1089 612 1122 cauta
646 1085 938 1123 moderatione
975 1090 1024 1123 Vt
1055 1098 1130 1123 nec
1163 1087 1207 1123 in
1239 1085 1427 1136 Scyllam
1463 1088 1673 1137 impingas
1694 1100 1734 1129 25

111 1153 185 1177 nec
206 1152 231 1177 a
251 1139 467 1188 Charybdi
488 1140 544 1177 sit
564 1139 813 1189 periculum.

165 1194 439 1232 Enchiridion
457 1198 578 1231 tuum
602 1207 688 1232 non
704 1195 895 1244 patietur
910 1195 1053 1233 animo
1074 1207 1168 1233 meo
1189 1195 1391 1245 obrepere
1412 1197 1475 1233 tui
1497 1196 1674 1234 obliuio-

111 1261 219 1294 nem,
237 1250 303 1286 vir
323 1249 587 1286 amicissime.
635 1249 829 1286 Vicissim
851 1249 953 1287 haec
974 1249 1156 1299 epistola
1176 1251 1280 1287 meis
1301 1250 1516 1301 descripta
1532 1251 1676 1301 digitis

111 1303 325 1341 interdum
357 1307 399 1341 te
429 1303 781 1341 commonefaciet
810 1303 989 1349 Erasmi‚
1021 1317 1147 1353 quem
1181 1309 1278 1342 tuto
1308 1309 1430 1355 potes
1461 1306 1573 1343 inter
1604 1318 1675 1343 eos

111 1370 417 1396 connumerare
450 1358 523 1407 qui
555 1358 635 1396 tibi
665 1362 898 1408 precantur
928 1360 1073 1396 omnia
1101 1359 1248 1397 fausta
1279 1359 1489 1409 laetaque,
1520 1360 1675 1410 quibus
1696 1373 1738 1403 30

112 1413 304 1462 profecto
339 1413 486 1450 viridis
522 1413 606 1450 ista
638 1412 872 1462 floridaque
907 1417 1103 1451 senectus
1143 1415 1391 1464 cumprimis
1431 1414 1558 1464 digna
1596 1419 1675 1452 est.

112 1467 291 1505 Videtur
321 1468 433 1504 enim
464 1471 622 1505 natura
651 1468 809 1505 mentis
839 1467 1150 1517 pulcherrimae
1178 1469 1484 1507 simulachrum
1513 1470 1556 1506 in
1586 1470 1678 1519 ipso

112 1534 286 1571 corpore
307 1522 574 1572 expressisse.
627 1522 752 1559 Dicas
774 1523 884 1560 istuc
905 1535 995 1560 esse
1016 1522 1190 1561 futurae
1211 1523 1312 1561 olim
1335 1523 1677 1562 immortalitatis

111 1577 322 1626 specimen
360 1576 589 1625 quoddam.
649 1575 729 1615 Sed
764 1576 868 1614 heus
908 1581 957 1615 tu
992 1578 1218 1627 pugionem
1251 1579 1403 1615 misisti
1440 1579 1568 1624 Petri,
1605 1579 1678 1628 qui

112 1631 283 1668 videtur
298 1630 474 1668 idoneus
491 1631 769 1681 amputandis
786 1632 1008 1670 auriculis:
1032 1633 1166 1682 magis
1188 1645 1293 1682 opus
1310 1637 1375 1670 est
1391 1634 1464 1682 qui
1480 1636 1678 1683 amputet
1698 1645 1738 1676 35

111 1685 290 1735 linguas,
320 1698 419 1723 nam
447 1698 496 1723 ea
523 1690 645 1736 parte
666 1687 1017 1724 nocentissimum
1039 1691 1105 1724 est
1126 1687 1204 1725 hoc
1226 1688 1512 1725 animantium
1533 1700 1677 1738 genus.

111 1739 192 1778 Sed
212 1740 360 1778 desino
381 1741 509 1778 iocari
530 1745 684 1779 tecum.
744 1741 859 1778 Bene
880 1741 987 1780 vale.

166 1794 328 1832 Datum
367 1795 482 1845 apud
522 1795 777 1845 Friburgum
818 1796 919 1834 xxii.
965 1795 1092 1842 Iunii,
1133 1796 1260 1835 Anno
1299 1810 1324 1835 a
1365 1796 1537 1835 Christo
1576 1800 1681 1835 nato

112 1859 350 1888 M.D.xxxn.

383 1964 510 2002 2664.
576 1961 715 2002 FROM
747 1960 935 2002 CASPAR
967 1960 1181 2003 URSINUS
1214 1962 1406 2004 VELIUS.

161 2034 322 2078 Leipzig
340 2034 422 2068 MS.
1361 2037 1602 2070 Innsbruck.

160 2084 243 2117 ΕΕ.
268 2092 348 2127 174.
1332 2088 1377 2119 26
1394 2086 1504 2120 June
1525 2096 1630 2129 1532.

157 2155 230 2193 [An
247 2156 399 2195 original
417 2155 538 2193 letter,
558 2156 769 2197 autograph
791 2157 1033 2198 throughout.
1082 2157 1159 2188 The
1182 2157 1268 2188 dato
1285 2168 1371 2198 may
1387 2158 1620 2199 accordingly
1638 2158 1682 2189 be

112 2199 316 2240 accepted]

168 2258 206 2296 S.
231 2258 280 2296 D.
340 2258 463 2304 Quod
484 2259 588 2296 nihil
610 2272 661 2297 ex
683 2272 768 2310 quo
785 2259 993 2310 Friburgo
1009 2273 1034 2298 a
1050 2264 1092 2298 te
1109 2260 1325 2310 profectus
1342 2273 1435 2298 sum
1452 2261 1681 2310 scripseris,

114 2313 226 2359 boni,
249 2317 298 2350 vt
318 2326 394 2363 par
414 2318 491 2359 est,
513 2314 700 2352 consulo.
759 2314 856 2352 Non
876 2316 987 2352 enim
1008 2328 1060 2352 ex
1081 2327 1130 2353 eo
1152 2320 1343 2366 tempore
1364 2328 1389 2353 a
1417 2328 1483 2353 me
1511 2319 1559 2353 tu
1588 2328 1681 2365 pro-

115 2372 294 2406 uocatus
314 2381 370 2414 eS,
393 2381 488 2406 cum
510 2370 762 2419 praesertim
789 2373 859 2407 tot
886 2371 1067 2420 negotiis
1096 2374 1331 2420 occupatus
1358 2370 1612 2411 distinearis,
1636 2375 1683 2407 vt

115 2423 187 2459 vix
219 2423 516 2473 respondendi,
545 2423 701 2461 nedum
733 2423 967 2462 lacessendi
994 2425 1048 2462 ad
1076 2424 1154 2462 hoc
1183 2425 1303 2463 offitii
1331 2424 1494 2475 reliqua
1523 2426 1577 2462 sit
1609 2424 1683 2462 tibi

114 2476 310 2515 facultas.
1704 2496 1722 2526 5

169 2531 235 2568 Ex
256 2532 389 2569 literis
410 2545 515 2582 quas
531 2533 818 2582 superioribus
835 2533 982 2571 diebus
999 2533 1096 2571 dedi
1113 2534 1168 2571 ad
1183 2533 1454 2579 Glareanum,
1468 2534 1683 2571 eruditum

116 2598 164 2623 ac
185 2586 414 2636 probatum
437 2588 586 2633 virum,
608 2588 808 2625 nimirum
837 2589 1075 2638 cognouisti
1104 2601 1169 2626 me
1196 2590 1318 2638 quasi
1346 2589 1448 2626 rude
1477 2589 1683 2626 donatum

116 2652 167 2677 ex
196 2640 292 2678 aula
319 2642 510 2690 inquieta
535 2643 787 2680 concessisse
808 2647 1015 2693 tanquam
1037 2656 1089 2680 ex
1110 2656 1238 2681 arena
1267 2644 1309 2680 in
1338 2643 1512 2681 domum
1542 2647 1682 2680 tutam

117 2698 160 2732 et
181 2695 377 2741 ociosam,
401 2696 661 2734 demandato
683 2697 785 2734 mihi
808 2710 980 2735 munere
1002 2698 1223 2735 erudiendi
1244 2698 1298 2735 ab
1321 2699 1483 2747 optimo
1508 2698 1619 2743 Rege
1642 2710 1683 2733 re

119 2761 219 2787 vera
235 2751 445 2788 maximae
462 2752 549 2801 spei
565 2756 608 2789 et
626 2752 985 2801 praeclarissimae
1004 2753 1157 2790 indolis
1174 2754 1307 2802 regios
1324 2752 1489 2789 liberos.
1531 2751 1683 2796 Quam·
1709 2768 1745 2788 10

120 2816 247 2852 quam
277 2804 354 2842 hoc
383 2806 517 2842 otium
547 2806 718 2844 minime
746 2811 873 2844 vacat
900 2819 1024 2851 cura3
1061 2811 1102 2844 et
1132 2811 1197 2844 est
1226 2808 1442 2856 prouincia
1472 2806 1572 2842 haec
1602 2817 1684 2842 nou

119 2857 235 2904 leuis,
258 2859 619 2908 quemadmodum
642 2864 702 2906 tu,
725 2860 851 2898 homo
873 2861 1095 2907 singularis
1116 2862 1408 2911 plurimaeque
1431 2861 1622 2897 lectionis
1643 2864 1686 2896 et

119 2914 415 2962 experientiae,
447 2915 692 2953 existimare
724 2919 858 2965 potes.
920 2916 1109 2953 Phoenix
1142 2915 1295 2964 aliquis
1327 2919 1403 2952 aut
1436 2913 1686 2952 Aristoteles

164 3012 260 3042 2664.
289 3021 316 3042 1.
344 3013 537 3053 Friburgo]
552 3014 622 3045 For
634 3014 767 3045 Vclius'
783 3015 870 3045 visit
986 3024 1033 3054 13.
1061 3015 1241 3053 Phoenix]
1260 3015 1403 3045 Nestor.

121 3065 179 3086 see
196 3055 265 3096 Ep.
285 3065 380 3096 2543.
403 3067 454 3087 ln.
