1966 3379
200 131 320 177 2750]
747 127 818 165 To
847 127 998 165 -JOHN
1031 127 1218 165 FABER
1693 126 1767 163 139

199 233 420 282 dignitate,
444 233 497 269 ad
520 232 633 281 quod
656 232 709 268 ab
731 231 1019 269 adolescentia
1041 244 1205 280 semper
1227 231 1307 267 fuit
1330 243 1577 280 propensus,
1603 236 1649 269 vt
1671 245 1766 269 cuin

201 289 299 333 suis,
323 292 386 325 est
408 288 519 324 enim
542 286 807 336 φιλόστοργος
829 291 874 323 vt
898 287 1029 334 siquis
1050 286 1169 330 alius,
1194 285 1322 322 libere
1344 285 1587 322 salubribus
1615 286 1767 323 studiis·

200 355 247 379 ac
276 343 427 391 pietati
451 347 634 378 vacaret.
695 341 899 377 Extruxit
931 341 983 377 ad
1013 341 1170 377 flumen
1200 340 1446 388 Tliamysim
1478 339 1590 376 haud
1621 341 1765 389 procul
1791 353 1849 389 165

199 397 252 434 ab
271 397 372 433 vrbe
395 396 601 438 Londino,
622 396 879 445 practorium
905 408 978 432 nec
1001 395 1219 431 sordidum
1238 407 1312 431 nec
1335 394 1387 431 ad
1413 394 1614 431 inuidiam
1635 388 1766 443 vsique

200 450 485 500 magnificum,
515 449 786 487 commodum
816 454 985 486 tamen:
1021 449 1103 486 illic
1132 450 1219 496 agit
1249 462 1342 485 cum
1376 449 1524 485 intimo
1554 449 1765 490 sodalitio,

203 518 345 548 vxorc,
377 505 462 542 filio
491 510 533 541 et
562 517 684 547 nuru,
715 504 853 541 tribus
883 504 1048 541 filiabus
1078 509 1118 541 ct
1150 503 1330 541 totidem
1360 505 1641 549 gc11c1·is‚vna
1671 517 1765 540 cum

200 559 427 609 nepotibus
460 560 543 596 iam
574 559 782 596 vndecim.
844 558 959 596 Vidit
993 559 1165 595 fauente
1196 557 1364 595 Christo
1396 563 1520 594 natos
1552 563 1765 598 natorum,

200 615 368 651 visurus
390 619 432 651 et
454 615 525 663 qui
549 617 779 651 nascentur
800 613 854 650 ab
877 613 970 650 illis.
1023 612 1162 658 Quum
1185 614 1295 650 enim
1318 625 1441 649 nemo
1463 613 1517 649 sit
1542 613 1652 649 inter
1675 613 1767 649 illos
1792 623 1849 652 170

200 682 284 706 non
302 669 478 706 florente
495 673 622 712 etate,
639 667 858 718 probabile
875 672 939 705 est
958 680 1228 705 numerosam
1244 667 1430 704 sobolem
1446 673 1764 716 prouenturam.

200 723 308 769 Quin
332 725 419 773 ipse
441 736 610 772 quoque
633 723 767 772 possit
795 722 935 760 adhuc
963 735 1051 759 esse
1081 722 1314 759 multorum
1344 722 1571 759 liberorum
1602 734 1766 771 parens,

199 779 278 815 nisi
310 791 416 815 vxor
447 779 530 815 iam
566 778 727 827 pridem
764 790 837 827 per
868 782 1027 814 etatem
1062 790 1208 826 parere
1242 777 1446 821 desiisset,
1480 789 1609 825 quain
1642 777 1764 813 duxit

199 833 386 877 viduam,
411 845 484 870 nec
513 846 564 869 cx
594 833 670 869 hac
700 832 809 869 vllos
838 832 1013 869 sustulit
1042 832 1208 869 liberos.
1269 831 1378 868 Nam
1409 844 1514 880 quos
1545 831 1686 871 habet,
1715 844 1766 868 ex

200 888 338 937 priore
375 888 574 936 suscepit,
608 900 735 936 quam
776 888 1013 924 etiamnum
1056 887 1241 936 puellam
1284 887 1426 923 amisit
1468 898 1563 923 cum
1605 886 1766 934 aliquot
1792 895 1849 925 175

199 942 354 979 liberis.
416 942 538 979 Hanc
571 946 714 978 tamen
747 941 841 978 licet
879 941 1079 985 stcrilem,
1113 941 1210 978 licet
1240 946 1356 978 etate
1390 945 1649 990 proucctam,
1684 953 1767 977 non

200 996 324 1034 aliter
354 1001 473 1034 amat
503 996 706 1045 fouetque
735 1009 863 1045 quam
893 997 925 1033 si
957 996 1099 1045 puella
1129 1000 1240 1033 essct
1272 1008 1481 1033 annorum
1511 995 1763 1044 quindecim,

201 1051 281 1089 Vix
313 1051 420 1088 alius
453 1052 562 1088 viuit
593 1051 821 1088 liberorum
853 1052 1079 1095 amantior,
1112 1063 1246 1099 neque
1278 1050 1345 1087 ille
1377 1051 1509 1087 nescit
1542 1050 1767 1087 discrimen

198 1106 310 1143 inter
337 1119 464 1143 anum
493 1110 535 1143 et
564 1105 775 1155 puellam:
810 1105 881 1142 scd
913 1119 961 1142 ca
992 1110 1055 1142 est
1088 1106 1241 1154 ingenii
1270 1104 1564 1147 commoditas,
1595 1106 1690 1147 imo,
1720 1110 1767 1141 vt

199 1160 348 1199 melius
377 1161 527 1198 dicam.
559 1173 608 1197 ea
636 1165 701 1197 est
730 1161 866 1210 pietas
894 1173 942 1197 ac
972 1160 1210 1210 prudentia,
1238 1165 1286 1196 vt
1314 1159 1516 1208 quicquid
1545 1159 1765 1196 obuenerit
1793 1161 1852 1190 180

198 1215 311 1264 quod
334 1216 485 1265 corrigi
509 1228 593 1252 non
623 1216 770 1263 possit,
794 1216 850 1251 sic.
877 1215 1061 1257 adanict,
1085 1216 1206 1264 quasi
1236 1215 1338 1251 1111111
1366 1214 1528 1251 felicius
1558 1215 1768 1263 potuisset¹

197 1270 429 1319 obtingere.
491 1270 616 1307 Dicas
643 1270 756 1318 apud
787 1269 905 1306 illum
928 1282 1018 1306 esse
1046 1269 1226 1307 alteram
1259 1269 1450 1306 Platonis
1478 1268 1764 1306 Academiam.

197 1324 277 1361 Sed
296 1325 599 1362 contumeliam
617 1324 726 1361 facio
743 1325 889 1361 domui
911 1324 1022 1361 illius
1041 1338 1173 1373 quum
1191 1337 1282 1361 cam
1303 1324 1495 1361 Platonis
1513 1323 1767 1360 Academiae

198 1379 379 1424 confero,
412 1380 451 1416 111
485 1392 568 1428 qua
599 1379 906 1428 disputabatur
937 1379 988 1416 de
1019 1381 1206 1416 numeris
1237 1392 1284 1415 ac
1316 1378 1459 1428 figuris
1489 1379 1767 1427 geometricis,

200 1434 412 1471 interdum
444 1434 494 1471 dc
524 1434 759 1470 virtutibus
790 1434 1044 1471 moralibus:
1080 1434 1187 1471 hanc
1219 1434 1393 1470 domum
1425 1434 1581 1470 rectius
1612 1433 1768 1470 dixeris
1792 1436 1850 1473 185

199 1488 387 1526 scholam
411 1502 459 1526 ac
480 1490 749 1537 gymnasium
767 1488 1005 1525 Christiane
1027 1489 1251 1538 religionis.
1299 1488 1452 1525 Nullus
1475 1500 1522 1524 ac
1546 1487 1662 1524 nulla
1685 1487 1768 1524 illic

199 1548 275 1588 est,
294 1556 377 1580 non
396 1552 553 1581 vacans
572 1543 815 1580 liberalibus
833 1543 1065 1592 disciplinis
1083 1557 1130 1581 ac
1149 1543 1374 1592 frugiferae
1392 1543 1575 1583 lectioni,
1594 1543 1769 1579 tametsi

199 1599 427 1648 praecipua
459 1599 679 1648 primaque
711 1598 884 1647 pietatis
917 1611 1016 1635 cura
1051 1603 1128 1636 est.
1189 1597 1317 1635 Nulla
1351 1597 1433 1634 illic
1467 1598 1571 1637 rixa,
1605 1596 1767 1633 nullum

198 1653 461 1702 petulantius
480 1653 656 1690 verbum
676 1653 862 1695 auditur,
882 1665 1005 1690 nemo
1022 1654 1281 1702 conspicitur
1298 1652 1474 1689 ociosus.
1522 1652 1580 1688 Ac
1599 1656 1767 1689 tantam

198 1707 357 1744 familie
389 1707 657 1757 disciplinam
692 1708 755 1744 vir
791 1707 859 1744 ille
895 1720 978 1744 11011
1016 1708 1239 1757 supercilio
1272 1708 1470 1756 iurgiisue
1505 1711 1663 1751 tuetur,
1696 1706 1768 1743 sed
1793 1718 1852 1745 190

197 1763 401 1800 comitate
423 1775 470 1799 ac
501 1762 811 1800 beneuolentia.
873 1762 923 1799 In
953 1763 1087 1800 officio
1117 1773 1215 1800 sunt
1248 1761 1502 1801 om11es.sed
1531 1761 1652 1798 adest
1683 1761 1766 1798 ala-

200 1818 341 1859 critas,
364 1830 438 1854 nec
461 1817 577 1854 deest
602 1817 741 1853 sobria
764 1816 969 1855 hilaritas.

255 1872 304 1908 In
336 1871 497 1921 templo
529 1873 609 1908 vici
640 1873 835 1909 extruxit
866 1872 944 1908 sibi
976 1873 1145 1921 suisque
1182 1884 1406 1909 commune
1439 1871 1692 1921 sepulcrum,
1728 1871 1767 1907 in

197 1927 310 1975 quod
345 1926 569 1963 transtulit
605 1940 699 1963 ossa
735 1927 885 1975 prioris
922 1928 1076 1969 vxoris,
1110 1940 1242 1975 Vsque
1278 1927 1383 1963 adeo
1420 1926 1479 1963 illi
1512 1939 1595 1962 non
1630 1925 1767 1975 placet

203 1981 335 2018 vllum
368 1982 626 2018 diuortium:
664 1983 802 2031 paries
835 1981 961 2018 habet
998 1981 1191 2018 tabulam
1225 1986 1378 2019 testem
1410 1981 1608 2018 fortunae
1638 1985 1851 2029 atq11e105

198 2036 388 2073 instituti
418 2036 542 2079 illius,
572 2049 701 2085 quam
730 2035 918 2073 famulus
947 2049 1065 2073 meus
1094 2036 1148 2073 ad
1178 2036 1355 2073 verbum
1389 2035 1624 2084 descripsit.
1687 2035 1768 2071 Ex-

197 2091 361 2140 emplar
389 2104 484 2127 cum
517 2091 580 2128 his
611 2091 766 2128 litteris
797 2092 988 2141 accipies.
1052 2091 1184 2129 Video
1215 2104 1280 2128 me
1310 2091 1439 2128 fuisse
1471 2090 1768 2138 loquaciorem,

197 2145 269 2182 sed
292 2145 476 2182 fabulari
500 2146 620 2183 iuuat
642 2145 693 2183 de
715 2146 852 2183 amico
873 2146 986 2195 apud
1009 2147 1206 2183 amicum.
1268 2145 1389 2191 Quod
1412 2145 1580 2182 assidue
1607 2145 1767 2181 concio-

198 2200 341 2237 nando
369 2200 421 2237 ad
456 2201 658 2249 populum
687 2201 776 2249 agis
806 2214 952 2238 verum
981 2202 1240 2250 episcopum,
1271 2201 1391 2237 bonis
1420 2200 1617 2237 omnibus
1645 2199 1765 2236 vehe-

198 2259 361 2292 menter
379 2255 530 2304 placet.
575 2255 697 2292 Istud
715 2255 957 2304 exemplum
979 2256 1143 2293 vtinam
1164 2255 1322 2292 multos
1339 2256 1494 2292 excitet
1520 2255 1768 2291 imitatores.
1793 2267 1853 2287 200

253 2309 367 2355 Quae
389 2310 536 2347 scribis
555 2310 605 2346 de
624 2310 750 2358 Regis
769 2310 1025 2347 Fcrdinandi
1046 2311 1223 2359 negotiis
1242 2310 1343 2347 1111111
1361 2310 1478 2347 fuere
1496 2310 1743 2357 gratissima
1762 2323 1767 2345 :

197 2377 247 2401 cx
273 2365 335 2401 1113
358 2365 584 2414 prooemiis
608 2365 761 2402 bonam
786 2366 825 2401 in
850 2378 965 2414 spem
986 2378 1124 2407 vocor,
1144 2365 1232 2402 fore
1252 2376 1296 2402 vt
1321 2365 1473 2414 optimi
1495 2364 1768 2401 sanctissimi-

197 2431 277 2468 que
301 2419 508 2469 Principis
532 2420 765 2456 virtutibus
788 2419 1019 2468 aliquando
1042 2420 1216 2457 fortuna
1240 2419 1506 2469 respondeat.
1572 2418 1685 2455 Vale.

580 2531 786 2571 2⁷02275l.
854 2531 990 2572 FROM
1014 2532 1185 2572 JFLIUS
1210 2532 1383 2572 PFLUG.

246 2604 380 2638 (iotha
400 2605 480 2638 MS.
503 2605 639 2638 Cliart.
662 2606 707 2638 A.
730 2607 813 2648 385,
836 2605 861 2639 f.
888 2616 966 2650 104.
1489 2605 1608 2638 Zeitz.

1363 2668 1382 2699 4
1403 2654 1591 2697 -January
1616 2664 1719 2696 1533.

242 2716 313 2754 [An
340 2716 490 2755 original
517 2716 637 2750 letter,
661 2716 841 2756 probably
863 2717 1071 2756 autograpli
1099 2717 1148 2753 (in
1175 2728 1194 2747 a
1221 2716 1365 2747 volume
1391 2717 1428 2746 of
1453 2715 1604 2755 original
1632 2715 1770 2749 letters,

242 2771 337 2800 2750.
370 2772 438 2810 187.
463 2781 504 2801 ac
520 2771 714 2809 frugiferae
732 2770 832 2801 MS:
855 2771 1123 2811 frugiferaeque
1142 2772 1176 2801 L.
1268 2773 1338 2805 180.
1358 2771 1583 2810 conspicitur
1601 2770 1643 2799 L:
1673 2769 1771 2799 vide-

198 2818 259 2845 tur
273 2815 351 2844 MS.
448 2816 518 2849 103.
545 2815 607 2844 scd
629 2815 706 2844 MS.
727 2816 792 2848 bis.
813 2816 849 2845 in
868 2816 1141 2846 ‹11a1buxlinei.‹.

243 2893 338 2921 2730.
371 2895 506 2930 loq—70.
529 2896 636 2922 natos
656 2916 661 2921 .
684 2916 688 2921 .
713 2916 718 2921 .
740 2892 822 2929 illis]
842 2891 946 2931 Verg.
1019 2892 1134 2922 xvim-h
1155 2891 1253 2921 More
1276 2891 1420 2921 himself
1440 2890 1608 2921 enclosed
1626 2901 1644 2920 a
1665 2900 1769 2929 copy.

202 2936 244 2965 A.
266 2945 294 2974 3.
314 2938 366 2969 08.
1067 2946 1138 2966 201.
1167 2937 1267 2972 Quae
1285 2936 1426 2972 scribis]
1447 2936 1517 2966 Not
1538 2939 1681 2965 extant.

248 2989 317 3017 ¹05·
346 2980 526 3017 tabulam]
554 2981 618 3010 Sec
646 2980 711 3019 1⁴31).
743 2981 836 3018 2831,
863 2980 950 3010 witli
