1966 3379
288 106 367 143 368
745 108 1003 146 LETTERS
1034 107 1104 146 OF
1136 107 1402 146 ERASMUS
1736 111 1858 159 [1534

287 209 396 254 dem,
422 211 735 260 impacientiam
761 211 928 261 aliaque
955 212 1180 261 nephanda
1202 213 1254 249 ob
1278 212 1421 249 oculos
1443 216 1620 261 ponunt.
1665 213 1858 250 Vetuisse

287 269 505 313 praeterea
531 266 609 302 hiis
635 266 782 303 dicbus
809 280 879 303 rex
906 267 1061 303 dicitur
1090 279 1139 303 ne
1171 267 1209 303 in
1240 267 1582 315 praecationibus
1607 272 1649 304 et
1678 267 1855 316 suplica-

287 319 475 356 tionibus
496 320 707 365 ccclesiae,
732 322 794 357 vti
818 321 1022 358 hactenus
1044 321 1215 357 solitum
1239 321 1333 365 fuit,
1359 333 1526 370 praeces
1552 334 1628 370 pro
1652 322 1855 361 Pontifice

287 372 458 419 fierent3
492 376 749 412 monasteria
778 375 1043 412 distribuisse
1072 376 1157 412 suis
1188 376 1430 420 baronibus,
1459 375 1614 423 quibus
1643 376 1855 415 demolitis

225 442 264 472 25
286 432 508 465 vtercntur
530 442 606 466 suo
631 430 830 471 arbitrio:
863 430 1041 466 edixisse
1068 430 1217 466 ‹lvindo
1243 443 1293 466 ne
1319 430 1412 478 quis
1440 430 1688 467 Pontificem
1716 432 1853 480 ipsum

285 488 557 532 recognoscat
600 484 815 533 aliumque
866 489 988 534 putet
1033 497 1159 533 quam
1206 484 1334 521 solius
1385 484 1546 521 Romae
1595 486 1853 535 episcopum.

285 536 497 574 Dicuntur
520 539 652 575 eciam
679 544 765 575 tres
790 544 866 575 aut
891 544 1098 587 quattuor
1122 538 1234 575 illius
1263 539 1469 587 principes
1497 539 1741 588 repudiatis,
1764 543 1853 578 eius

282 592 489 641 exemplo,
513 594 598 630 suis
620 593 869 640 coniugibus
896 593 1113 641 legittimis
1135 593 1239 630 alias
1262 593 1431 629 duxisse
1455 594 1493 629 in
1519 595 1850 633 matrimonium.

284 645 492 684 Videntur
522 649 604 684 iam
637 648 705 692 hii,
734 649 767 684 si
798 661 862 685 res
894 649 954 684 ita
984 661 1026 683 se
1059 647 1200 691 habet,
1229 652 1272 684 et
1301 648 1531 684 Martinum
1565 649 1701 697 ipsum
1731 649 1852 699 longe

222 715 263 745 30
282 712 515 749 superasse,
545 703 617 750 qui
644 715 759 739 more
787 703 1062 739 barbarorum
1092 702 1312 747 gentilium
1344 703 1476 738 tocies
1505 708 1672 740 mutent
1701 717 1852 742 onres

283 756 452 804 quocies
484 757 614 793 libido
646 770 714 793 cos
746 757 1046 794 stimulauerit.
1088 757 1197 802 Quid
1229 757 1367 793 adhuc
1396 762 1612 805 sequatur,
1643 759 1849 797 incertum

281 814 358 847 est.
403 810 516 848 Nihil
543 811 641 848 boni
663 824 714 848 ex
737 812 861 848 rebus
884 812 994 849 male
1016 813 1194 860 inceptis
1216 824 1385 860 sperare
1408 824 1643 860 possumus.

335 864 494 902 Alteris
520 867 605 902 tuis
632 866 784 903 litteris
811 866 1020 913 signifioas
1046 870 1086 902 te
1115 879 1138 902 a
1167 866 1302 903 natali
1329 866 1485 902 Christi
1515 866 1624 904 male
1652 868 1848 906 valuisse.

281 918 457 968 Ingrata
479 920 580 957 mihi
601 926 666 957 cst
688 925 762 957 tua
786 921 1001 957 valetudo.
1044 922 1246 969 Optarem
1275 920 1386 956 illius
1412 926 1591 969 partem⁷
1615 923 1647 958 si
1673 924 1850 972 partitio

219 988 259 1018 35
281 973 368 1011 fieri
394 979 548 1023 posset,
571 975 758 1024 aliquam
786 975 965 1012 libenter
992 976 1032 1011 in
1060 988 1124 1012 me
1150 976 1372 1024 suscipere,
1396 975 1523 1012 modo
1548 975 1625 1012 tibi
1651 977 1848 1025 prodesse

279 1032 461 1077 tuosque
486 1029 652 1066 dolores
678 1030 865 1066 minuere
892 1042 1069 1079 possem.
1111 1029 1169 1066 At
1191 1042 1313 1078 spero
1334 1030 1417 1066 iam
1441 1034 1482 1066 te
1506 1030 1594 1067 Deo
1615 1031 1848 1069 adiuuante

279 1081 452 1132 Optimo
481 1084 680 1129 Maximo,
707 1097 801 1121 cum
832 1085 980 1133 hyeme
1005 1089 1048 1122 et
1077 1084 1154 1122 hoc
1183 1084 1342 1121 Marcio
1371 1097 1481 1121 nunc
1510 1098 1621 1122 nune
1650 1085 1846 1133 finiendo,

278 1150 424 1175 omncs
445 1140 631 1188 corporis
652 1140 865 1176 cruciatus
888 1140 929 1176 in
952 1139 1109 1176 malam
1132 1151 1298 1176 crucem
1320 1139 1630 1188 ablegaturum.

332 1192 394 1230 De
412 1205 557 1231 scurra
574 1194 646 1231 illo
662 1199 705 1231 et
722 1194 863 1231 libello
877 1194 965 1231 eius
980 1194 1240 1243 Antuerpiae
1258 1195 1464 1243 impresso
1477 1195 1540 1244 egi
1557 1208 1652 1231 cum
1674 1195 1846 1245 Regina,

216 1261 258 1291 40
278 1246 598 1293 Panormitano,
616 1250 682 1285 cui
704 1253 747 1285 et
769 1248 935 1285 litteras
958 1252 1055 1285 tuas
1078 1248 1254 1293 reddidi,
1277 1253 1319 1285 et
1341 1248 1447 1285 duce
1469 1248 1648 1286 Arscoti.
1690 1249 1846 1288 Curaui

277 1305 326 1338 vt
352 1302 516 1351 Regina
544 1303 779 1340 Marchioni
807 1303 1108 1352 Antuerpiensi
1136 1303 1373 1347 mandaret,
1402 1316 1486 1352 quo
1515 1303 1681 1341 libellus
1711 1304 1790 1350 ille,
1813 1307 1845 1342 si

276 1356 359 1393 iam
377 1357 605 1406 impressus
627 1362 703 1403 est,
721 1370 804 1395 non
823 1357 1035 1395 vendatur
1050 1362 1094 1394 et
1111 1357 1131 1392 ὁ
1145 1357 1420 1406 βιβλιοπώλης
1437 1359 1652 1407 puniatur,
1672 1366 1847 1409 propter

276 1411 531 1449 mandatum
548 1412 736 1450 Caesaris
754 1412 975 1449 violatum.
1018 1411 1139 1458 Quod
1157 1412 1280 1461 quale
1303 1413 1370 1457 sit,
1389 1412 1596 1461 intelliges
1617 1427 1668 1450 ex
1692 1413 1846 1451 litteris

276 1464 582 1504 Panormitani.
625 1466 786 1512 Quibus
811 1471 955 1504 autem
985 1467 1123 1504 verbis
1152 1467 1386 1504 Marchioni
1415 1467 1669 1505 mandatum
1699 1470 1767 1514 sit,
1792 1482 1842 1506 ex

213 1532 255 1563 45
275 1519 515 1558 litterarum
532 1522 739 1571 exemplo,
758 1522 871 1571 quod
889 1521 943 1559 ad
966 1526 1008 1559 te
1030 1522 1136 1567 misi,
1154 1534 1390 1571 cognosces.
1432 1522 1530 1559 Non
1547 1523 1675 1572 igitur
1692 1523 1843 1560 talium

274 1575 535 1621 rabularum,
566 1589 806 1613 scurrarum
835 1580 879 1613 et
907 1576 1127 1614 hominum
1155 1576 1469 1626 impudentium
1501 1581 1578 1614 aut
1608 1577 1739 1615 verba
1767 1583 1844 1615 aut

273 1630 432 1679 scripta
457 1634 499 1668 136
524 1635 738 1668 moueant.
780 1630 860 1676 Qui
886 1631 964 1668 hiis
992 1631 1317 1668 coaxationibus
1342 1631 1421 1668 sibi
1447 1632 1579 1681 magis
1607 1645 1735 1681 quam
1764 1632 1843 1670 tibi

273 1683 469 1730 oberunt,
501 1685 730 1735 odiumque
765 1686 955 1723 omnium
986 1686 1194 1723 bonorum
1226 1699 1311 1723 non
1342 1687 1385 1723 in
1415 1690 1472 1732 te,
1503 1686 1576 1724 sed
1607 1688 1650 1724 in
1685 1688 1843 1737 seipsos

272 1740 504 1777 concitant.
547 1740 633 1777 Nec
656 1746 761 1790 puta
782 1740 884 1778 alibi
905 1740 984 1778 tibi
1006 1742 1144 1778 tutius
1165 1753 1294 1790 quam
1317 1741 1382 1778 hic
1404 1753 1493 1778 esse
1514 1745 1590 1778 aut
1611 1742 1842 1779 viuendum

212 1811 254 1840 50
274 1797 350 1831 aut
372 1795 650 1832 moriendum.
693 1795 803 1833 Nam
822 1800 871 1832 vt
892 1796 935 1832 in
956 1794 1183 1833 Germania
1204 1808 1289 1833 non
1310 1795 1479 1841 desunt,
1502 1797 1563 1833 ita
1585 1796 1652 1833 hic
1674 1809 1842 1846 quoque

272 1860 357 1885 non
386 1848 568 1892 deerunt
595 1850 673 1887 tibi
703 1851 873 1899 patroni
900 1850 956 1887 hii
979 1851 1050 1900 qui
1076 1850 1130 1888 ad
1156 1854 1198 1888 te
1224 1851 1494 1900 scripserunt,
1517 1854 1560 1888 et
1586 1851 1739 1900 quibus
1766 1855 1841 1889 tua

272 1903 410 1940 virtus
432 1907 497 1941 est
518 1904 778 1943 charissima.
821 1905 1128 1942 Monachorum
1149 1906 1279 1942 etiam
1301 1906 1441 1942 sanior
1462 1917 1571 1954 pam,
1591 1910 1638 1942 vt
1659 1918 1735 1955 ego
1756 1907 1839 1943 iam

271 1962 388 1995 certo
409 1963 610 2008 expertus
631 1972 737 2004 sum,
761 1959 839 1997 tibi
861 1959 991 1997 fauet.
1034 1960 1310 2005 Indoctiores‚
1333 1964 1376 1997 et
1397 1960 1468 2008 qui
1491 1961 1562 1996 vix
1585 1964 1661 1997 tua
1682 1961 1841 2010 scripta

271 2011 476 2061 legerunt,
499 2014 571 2050 sed
593 2014 646 2051 ab
668 2014 760 2051 aliis
782 2014 910 2051 falsas
934 2014 1102 2052 illorum
1129 2014 1280 2051 saltem
1306 2014 1533 2051 audierunt
1562 2015 1839 2060 narrationes,

210 2084 251 2114 55
271 2070 314 2104 et
344 2067 449 2104 nihil
480 2067 642 2106 habent
672 2068 789 2106 aliud
820 2071 862 2106 in
893 2082 935 2106 se
966 2070 1141 2106 virtutis
1174 2081 1302 2118 quam
1336 2070 1668 2106 ostentationem
1700 2082 1840 2107 merae

270 2123 586 2171 superstitionis
614 2123 888 2172 pharisaicae,
911 2124 990 2161 tibi
1011 2123 1280 2173 obstrepunt,
1303 2123 1582 2173 indignantur
1602 2128 1646 2161 et
1671 2136 1838 2161 succen-

270 2180 377 2214 sent.
418 2176 477 2214 At
498 2177 556 2214 hii
578 2190 745 2227 quoque
771 2179 873 2227 quid
898 2178 1015 2216 aliud
1040 2178 1207 2216 faciunt
1234 2191 1363 2227 quam
1391 2179 1613 2227 garriunt?
1655 2178 1747 2216 Tua
1774 2183 1840 2216 est

270 2231 407 2268 virtus
428 2235 472 2269 et
493 2233 621 2269 animi
643 2233 895 2282 magnitudo
916 2237 964 2271 vt
987 2237 1188 2270 strennue
1208 2245 1278 2270 eos
1300 2237 1560 2270 contemnas.
1604 2232 1704 2278 Quis
1729 2234 1838 2270 enim

269 2285 323 2322 ab
354 2285 466 2324 hisce
497 2286 728 2325 latratibus
758 2288 923 2325 stolidis
953 2292 996 2325 et
1025 2289 1260 2325 temerariis
1292 2300 1440 2325 cauere
1471 2287 1550 2325 sibi
1580 2291 1753 2337 potest?
1797 2287 1839 2325 Si

208 2348 251 2378 60
270 2338 432 2385 Caesar,
458 2340 621 2391 Regina
641 2346 684 2379 et
705 2343 913 2392 principes
934 2342 1005 2380 alii
1026 2355 1111 2380 non
1133 2346 1279 2380 carent
1301 2342 1634 2388 oblocutoribus,
1657 2346 1769 2380 certe
1791 2346 1837 2380 tu

269 2394 408 2432 multo
438 2397 589 2433 minus.
632 2395 733 2442 Quis
764 2410 952 2446 vnquam
982 2398 1115 2435 eciam
1146 2409 1197 2434 ex
1229 2396 1549 2442 vetustioribus,
1581 2397 1615 2434 si
1645 2401 1838 2434 veterum

270 2451 515 2487 memoriam
544 2451 787 2496 reuolueris,
816 2452 899 2489 fuit
927 2453 999 2501 qui
1027 2451 1245 2489 hominum
1274 2451 1395 2488 nihili
1422 2456 1466 2488 et
1493 2464 1735 2488 scurrarum
1765 2451 1837 2488 ob-

269 2505 600 2542 trectationibus
628 2518 712 2543 non
740 2506 889 2544 fuisset
917 2506 1156 2544 obnoxius?
1197 2505 1348 2551 Quare,
1370 2507 1426 2543 mi
1453 2506 1640 2549 Erasme,
1663 2518 1748 2543 non
1773 2510 1838 2543 est

269 2570 343 2595 cur
378 2558 456 2596 hoc
492 2561 660 2598 nomine
692 2565 815 2598 tuum
846 2561 1031 2598 reditum
1062 2562 1293 2598 remoreris.
1335 2560 1703 2606 Quemadmodum
1736 2560 1836 2598 deli-

207 2621 249 2658 65
269 2612 427 2651 berasti
447 2618 587 2659 antea,
609 2628 657 2652 ac
683 2628 766 2653 non
792 2615 918 2653 modo
942 2615 1046 2653 mihi
1068 2619 1113 2652 et
1139 2615 1325 2665 Reginae
1349 2619 1392 2652 et
1417 2615 1509 2652 aliis
1536 2616 1621 2652 tuis
1646 2616 1838 2664 patronis

268 2667 483 2717 pollicitus
506 2681 561 2714 es,
580 2670 691 2715 redi;
724 2670 791 2708 vel
814 2671 855 2707 in
877 2669 958 2708 fine
979 2670 1147 2720 Aprilis,
1167 2671 1230 2707 vti
1255 2670 1414 2715 scribis,
1432 2670 1499 2707 vel
1522 2671 1836 2719 quamprimum

268 2735 320 2759 ex
345 2723 568 2762 commodo
590 2725 850 2762 valetudinis
872 2729 971 2763 tuae
996 2724 1083 2762 fieri
1104 2725 1287 2775 poterit;
1319 2737 1382 2770 ne⁷
1405 2725 1437 2761 si
1460 2737 1578 2762 secus
1600 2724 1772 2769 faceres,
1794 2728 1838 2761 et

803 2828 856 2859 42.
882 2818 964 2849 OE:
989 2817 1201 2858 βιΒλιόπολης
1218 2817 1300 2849 MS.

313 2920 365 2947 29.
391 2910 606 2948 Martinum]
625 2910 775 2942 Luther.
1131 2920 1185 2951 43.
1212 2911 1358 2948 litteris]
1377 2911 1446 2951 Ep.
1465 2919 1562 2948 2912.

311 2964 365 2994 41.
392 2954 606 2992 Marchioni]
621 2954 685 2985 See
703 2955 771 2995 Ep.
792 2964 887 2993 2912.
908 2965 987 2995 3411.
1131 2964 1184 2995 45.
1211 2955 1433 2992 litterarum]
1453 2955 1526 2985 Not
1543 2958 1685 2985 extant.
