1966 3379
178 228 238 258 170

177 501 236 531 175

198 1468 236 1488 10

196 2015 236 2035 20

258 110 337 147 276
718 110 978 148 LETTERS
1009 109 1080 148 OF
1112 110 1379 149 ERASMUS
1716 113 1840 161 [1533

259 227 407 264 parum
432 214 532 252 felix
556 215 715 265 poterit
736 215 821 253 alio
842 215 987 252 sarciri
1003 215 1152 253 officio.
1196 214 1238 252 Si
1255 214 1357 264 quid
1381 215 1537 253 scribes
1559 215 1612 253 ad
1631 215 1838 265 Hierony-

258 282 374 306 mum
412 269 684 315 Frobenium,
718 274 817 307 tuto
850 269 905 307 ad
940 282 1006 307 me
1042 270 1276 319 perueniet.
1338 269 1544 307 Moliebar
1579 270 1764 308 reditum
1798 272 1838 308 in

259 324 552 369 Brabantiam,
583 325 655 361 sed
684 338 817 373 quum
843 324 952 362 aliae
983 337 1048 362 res
1077 324 1253 369 multae,
1286 328 1379 362 tum
1409 324 1604 374 Iuppiter
1632 330 1840 375 perpetuo

260 378 458 423 infensus,
481 383 525 416 et
548 379 753 417 valetudo
775 379 880 417 coeli
901 379 1128 428 asperioris
1151 380 1380 428 impatiens
1401 384 1561 428 cogunt
1583 379 1648 417 hic
1671 380 1839 425 durare,

259 446 389 482 Vsque
411 433 466 470 ad
488 433 706 483 Zephyros
727 439 771 471 et
791 447 948 472 nouam
973 433 1256 471 hirundinem.
1319 434 1433 471 Bene
1455 434 1561 471 vale.

312 488 474 526 Datum
498 488 695 538 Friburgi
717 489 933 538 Brisgoiae
955 499 1049 526 vm.
1073 488 1159 526 Cal.
1185 488 1379 537 Augusti.
1431 488 1557 527 Anno
1581 500 1838 527 M.D.xxxnl.

651 632 782 668 2847.
847 628 915 668 ΤΟ
949 628 1197 668 FREDERIC
1232 627 1445 668 NAUSEA.

305 714 514 758 Epistolae
534 713 586 747 ad
605 713 826 753 Nauseam,
852 722 957 755 1550,
978 724 1016 758 p.
1042 716 1123 746 110.
1543 713 1749 757 Freiburg.

1497 773 1542 804 25
1561 763 1662 807 July
1686 773 1791 806 1533.

455 830 542 868 [For
560 830 623 861 the
640 830 926 861 circumstances
943 830 981 860 of
999 830 1074 860 this
1092 829 1203 860 letter
1220 840 1279 861 see
1296 830 1366 871 Ep.
1386 831 1471 869 2823
1490 830 1642 868 introd.]

260 901 461 928 ERASMVS
483 900 811 927 ROTERODAMVS
834 900 1029 927 EGREGIO
1052 900 1158 927 VIRO
1182 901 1221 927 D.
1246 900 1486 927 FRIDERICO
1508 901 1725 936 NAVSEAE,
1749 901 1780 928 S.
1800 901 1842 928 D.

310 961 502 999 NVLLVM
539 962 581 998 in
623 965 666 998 te
707 974 897 1010 vnquam
938 962 1112 1010 concepi
1154 962 1274 1006 iram,
1312 962 1472 1010 optime
1513 961 1842 1010 charissimeque

257 1016 439 1061 Nausea,
475 1016 547 1054 sed
584 1020 840 1066 perpetuum
876 1029 1017 1053 meum
1052 1017 1093 1053 in
1130 1020 1173 1053 te
1207 1016 1463 1053 beneuolum
1497 1017 1687 1053 animum
1720 1017 1840 1065 gessi.

256 1071 379 1117 Quod
412 1076 503 1109 tam
540 1075 741 1108 accurate
775 1071 993 1108 silentium
1025 1083 1216 1115 excusas,
1255 1084 1429 1120 operam
1466 1083 1638 1121 prorsus
1672 1072 1840 1108 inanem

256 1127 490 1176 sumpsisti.
541 1126 637 1163 Non
669 1126 823 1163 metior
847 1126 1081 1163 amicitiam
1113 1126 1250 1164 officio
1278 1126 1514 1164 literarum.
1565 1125 1768 1164 Scribunt
1794 1139 1842 1163 ae

257 1181 496 1219 rescribunt
517 1185 560 1218 et
582 1193 734 1230 parum
756 1181 895 1225 amici,
919 1185 1009 1218 tam
1031 1181 1222 1231 epistolis
1245 1194 1351 1231 pene
1375 1181 1603 1218 adobruor.
1651 1181 1841 1219 Tantum

256 1237 498 1286 suspicatus
533 1249 640 1281 sum,
678 1248 817 1273 meam
853 1235 1191 1273 admonitionem
1226 1236 1305 1273 tibi
1340 1249 1425 1273 non
1458 1235 1691 1286 placuisse;
1732 1248 1841 1285 quae

256 1291 359 1328 mihi
389 1304 475 1328 non
507 1295 666 1328 temere
697 1291 817 1328 venit
848 1291 889 1327 in
921 1295 1120 1328 mentem.
1173 1291 1236 1328 Ea
1267 1292 1300 1328 si
1331 1291 1411 1328 tibi
1437 1304 1519 1328 non
1550 1295 1617 1328 est
1645 1291 1840 1340 probata.

255 1346 407 1384 saltem
430 1345 637 1395 arguebat
659 1358 725 1383 me
747 1346 834 1382 tuis
856 1345 1091 1383 commodis
1113 1346 1258 1383 fauere
1276 1360 1282 1383 :
1313 1346 1472 1395 alioqui
1488 1358 1574 1383 non
1596 1346 1840 1384 admonuis-

256 1414 355 1438 sem.
398 1400 509 1446 Quid
531 1401 643 1437 enim
666 1413 761 1438 mea
783 1400 926 1441 refert.
950 1414 1059 1449 quae
1081 1401 1260 1450 quisque
1283 1401 1473 1438 scribat?

311 1455 581 1493 Cardinalem
605 1455 904 1492 Tridentinum
928 1455 1076 1493 multis
1097 1456 1362 1505 argumentis
1382 1457 1578 1505 experior
1599 1468 1687 1493 esse
1709 1455 1839 1493 talem

256 1511 426 1560 qualem
460 1515 507 1548 tu
542 1510 773 1560 praedicas.
826 1509 903 1548 Cui
935 1510 1101 1559 gaudeo
1136 1515 1178 1548 te
1209 1511 1266 1548 sic
1295 1524 1383 1549 esse
1412 1511 1760 1548 commendatum
1793 1515 1841 1548 vt

256 1579 349 1603 mea
371 1565 744 1604 commendatione
768 1578 874 1615 opus
895 1578 980 1602 non
1006 1565 1176 1603 habeas.
1229 1565 1409 1615 Tibique
1434 1565 1639 1616 gratulor,
1662 1565 1777 1615 quod
1799 1566 1840 1603 in

255 1621 407 1671 optimi
437 1621 645 1670 Principis
673 1620 817 1657 aulam
845 1621 900 1657 sis
929 1621 1114 1658 ascitus:
1147 1621 1215 1658 cui
1243 1633 1366 1671 spero
1391 1634 1457 1658 res
1485 1621 1720 1670 aliquando
1750 1621 1840 1658 fore

256 1677 556 1726 prosperiores.
608 1675 719 1712 Nam
742 1675 854 1712 illius
877 1676 1020 1712 animo
1042 1675 1144 1712 nihil
1176 1675 1275 1725 fingi
1298 1680 1442 1726 potest
1465 1675 1645 1713 beatius.
1696 1675 1838 1713 Cardi-

256 1730 342 1768 nali
373 1732 457 1767 iam
489 1730 589 1767 olim
622 1730 763 1767 dicaui
795 1730 1031 1768 Irenaeum.
1083 1730 1125 1768 Si
1157 1730 1259 1779 quid
1292 1736 1443 1768 natum
1474 1731 1615 1776 fuerit,
1638 1730 1754 1780 quod
1780 1730 1840 1768 illi

255 1786 493 1829 conueniet,
518 1798 602 1822 non
624 1785 839 1834 grauabor
860 1785 998 1822 facere
1020 1785 1136 1834 quod
1158 1786 1280 1835 petis.
1330 1785 1447 1823 Haec
1469 1791 1611 1823 aestas
1632 1785 1716 1823 fuit
1737 1785 1839 1823 mihi

255 1840 424 1883 sterilis,
452 1844 659 1890 perpetuo
690 1839 925 1889 languenti.
976 1839 1165 1878 Libellus
1197 1844 1297 1877 tuus
1328 1854 1412 1878 vna
1443 1854 1540 1878 cum
1573 1840 1705 1878 literis
1737 1840 1839 1878 mihi

256 1895 448 1945 perlatus
470 1894 553 1932 fuit
575 1908 596 1931 e
619 1895 795 1940 Vienna,
819 1907 893 1944 per
914 1894 1197 1932 Cardinalem.

312 1950 415 1987 Vale
438 1949 608 1987 Nausea
630 1950 672 1987 in
700 1950 885 1987 Domino
913 1950 1172 1988 charissime.

255 2005 379 2043 Anno
401 2016 630 2042 MDxxxni.

650 2147 780 2185 2848.

304 2229 531 2272 Esterhazy
551 2229 634 2262 Ms.
656 2240 694 2273 p.
717 2239 800 2272 354.

305 2278 387 2312 OE.
409 2290 448 2322 p.
474 2289 554 2322 144.

1225 1950 1434 2001 Friburgi,
1458 1950 1593 1988 natali
1615 1949 1654 1988 S.
1679 1950 1838 1996 Iacobi,

847 2143 984 2184 FROM
1019 2144 1264 2185 NICHOLAS
1298 2143 1447 2185 OLAH.

1526 2231 1721 2264 Brussels.

1452 2280 1615 2324 253111)γ
1636 2286 1787 2322 <1533>.

300 2345 391 2383 [The
409 2345 496 2375 date
514 2345 621 2385 given
640 2345 676 2375 in
694 2345 758 2376 the
777 2353 837 2375 MS.
857 2345 886 2376 is
903 2345 1031 2376 shown
1048 2349 1088 2376 to
1106 2346 1150 2376 be
1168 2356 1293 2387 wrong
1310 2346 1359 2387 by
1377 2347 1440 2377 the
1454 2350 1639 2378 contents.
1665 2347 1841 2384 Quirinus

684 2406 780 2437 2847.
807 2416 837 2445 5.
864 2410 943 2437 tam
960 2406 1196 2446 scripsimus:
1224 2411 1305 2438 tum
1322 2407 1402 2438 NE.

300 2494 397 2524 2847.
425 2503 454 2532 3.
485 2493 689 2531 silentium]
729 2493 786 2524 No
825 2493 937 2524 letter
975 2494 1013 2524 of

256 2538 403 2569 Nausea
421 2542 460 2568 to
475 2538 652 2567 Erasmus
666 2538 694 2567 is
708 2542 853 2571 extant.
869 2538 1013 2577 though

255 2593 303 2613 on
318 2581 505 2612 Erasmus‘
521 2581 598 2611 side
610 2581 714 2611 there
728 2591 788 2612 are
801 2582 856 2611 six
871 2582 1010 2612 letters.

255 2626 454 2657 Sometime
485 2625 608 2655 before
632 2625 730 2655 June
758 2634 840 2664 1527
866 2625 1013 2656 Nausea

256 2670 329 2700 had
361 2670 511 2699 written
543 2673 583 2699 to
612 2668 801 2702 Erasmus,
828 2669 1013 2710 thanking

256 2714 344 2749 him,
364 2712 564 2752 belatedly,
588 2712 644 2742 for
662 2713 726 2743 the
748 2713 817 2752 gift
839 2713 876 2743 of
893 2723 914 2743 a
932 2713 1012 2753 ring

257 2758 317 2795 (cf.
352 2757 422 2797 Ep.
460 2757 569 2795 1834).
608 2757 695 2787 -But
728 2756 896 2787 between
930 2757 1015 2787 that

256 2802 344 2832 date
369 2800 443 2832 and
467 2800 566 2831 June
599 2809 680 2839 1533
711 2801 785 2836 (see
814 2800 884 2840 Ep.
916 2802 1014 2840 2823)

256 2846 361 2876 there
382 2845 411 2875 is
434 2854 481 2875 no
502 2848 602 2874 trace
628 2844 666 2874 of
690 2854 764 2884 any
786 2843 896 2874 letter
920 2844 1015 2875 from

256 2890 344 2920 him.

300 2935 332 2963 6.
358 2931 667 2968 admonitionem]
686 2931 761 2962 Not
778 2935 922 2962 extant.

304 2986 352 3016 13.
380 2975 575 3016 Principis]
596 2975 817 3006 Ferdinand.

1130 2503 1179 2532 15.
1207 2494 1342 2532 dicaui]
1367 2495 1544 2526 Erasmus
1567 2495 1762 2527 dedicated
1783 2497 1839 2527 his

1082 2538 1221 2568 edition
1255 2539 1292 2569 of
1324 2538 1500 2569 Irenaeus
1532 2547 1571 2570 to
1603 2540 1768 2571 Bernard
1802 2541 1840 2571 of

1082 2581 1161 2612 Cles
1180 2583 1215 2612 in
1237 2584 1331 2620 1526.
1350 2593 1409 2613 see
1427 2583 1496 2622 Ep.
1520 2584 1601 2622 1738
1619 2584 1755 2614 introd.

1130 2635 1178 2665 17.
1206 2626 1382 2664 Libellus]
1412 2626 1596 2666 Probably
1624 2638 1645 2658 a
1674 2638 1769 2668 copy
1801 2629 1838 2659 of

1084 2669 1169 2700 Tres
1180 2670 1418 2709 Euareqelicae
1430 2671 1589 2701 veritatis
1605 2672 1839 2704 homiliarum

1080 2714 1270 2749 centuriae,
1289 2713 1459 2754 Cologne,
1479 2714 1518 2745 P.
1538 2714 1722 2752 Quentell,
1743 2725 1836 2756 1532.

1086 2758 1215 2793 Faber,
1240 2758 1372 2798 bishop
1395 2758 1433 2788 of
1452 2758 1607 2795 Vienna,
1631 2760 1778 2800 writing
1799 2765 1838 2791 to

1085 2801 1243 2837 Nausea,
1273 2811 1310 2831 12
1336 2802 1421 2842 May
1449 2811 1530 2841 1533
1565 2803 1658 2839 (NE.
1692 2814 1728 2844 p.
1763 2805 1837 2843 132)

1084 2845 1224 2876 thanks
1241 2846 1317 2875 him
1334 2846 1390 2876 for
1407 2846 1471 2876 the
1491 2847 1559 2886 gift
1582 2847 1619 2877 of
1637 2847 1692 2878 his
1710 2847 1836 2878 Homi-

1082 2889 1158 2919 lies.

1131 2934 1180 2963 18.
1207 2943 1271 2973 per
1288 2933 1534 2971 Cardinalem]
1552 2934 1596 2964 In
1618 2934 1708 2965 Cles’
1728 2935 1838 2966 letter

1081 2977 1119 3007 of
1140 2978 1177 3007 18
1193 2977 1291 3008 June
1310 2977 1395 3018 (Ep.
1414 2978 1526 3016 2823).
