1966 3379
98 177 219 226 2660]
516 175 675 214 FROM
705 174 961 213 GABRIEL
992 173 1250 213 VERINUS
1616 175 1667 212 35

97 281 170 320 sed
201 280 321 331 quasi
352 292 426 330 per
460 279 705 329 caliginem3
742 279 1057 329 perstrinxerat
1091 278 1224 315 aciem
1257 278 1389 316 animi
1424 277 1667 316 Christiana

97 349 190 386 spes
211 348 292 384 que
314 335 462 372 timere
482 347 567 371 non
588 337 756 384 potest:
789 333 980 370 discussa
1004 337 1070 370 est
1091 333 1175 370 ista
1196 332 1343 381 caligo.
1406 333 1525 370 Vnde
1547 334 1574 370 ii
1596 335 1667 382 qui

97 391 239 428 omnia
265 393 482 433 verentur,
511 389 583 438 qui
612 400 729 438 spem
755 392 876 426 tuam
905 387 1148 437 repudiant,
1177 390 1298 424 tuam
1327 387 1667 425 moderacionem

96 444 437 495 pacientiamque
459 443 682 480 mirantur.
1688 460 1728 480 20

150 498 444 536 Desiderarem
462 497 558 547 plus
576 497 655 534 tibi
676 497 719 533 in
742 496 805 534 his
828 496 962 534 literis
985 496 1064 533 ocii
1086 495 1281 546 relinqui,
1300 496 1414 546 quod
1436 509 1511 546 ego
1529 497 1667 534 ocium

95 552 328 591 multorum
350 552 645 601 theologorum
667 551 850 600 negociis
871 555 1188 600 anteponerem.
1249 550 1361 596 Quid
1385 555 1530 588 autem
1560 551 1666 588 inte-

93 620 215 657 grum
236 619 322 644 non
343 610 409 644 est
430 607 626 655 sapienti,
644 605 759 655 quod
781 606 949 643 restitui
966 608 1139 655 potest?
1181 604 1378 643 Cuiusuis
1399 609 1465 642 est
1487 605 1668 643 hominis

95 662 193 707 labi,
227 661 385 699 nullius
418 661 499 698 nisi
533 661 774 710 insipientis
813 672 1083 709 perseuerare
1119 660 1163 696 in
1194 673 1346 698 errore.
1408 660 1668 698 Posteriores

92 717 205 754 enim
234 716 528 765 cogitaciones‚
550 718 600 752 vt
627 715 762 760 aiunt,
784 715 1063 764 sapientiores
1090 714 1231 752 solent
1258 727 1359 752 esse.
1420 713 1580 760 Quodsi
1604 719 1668 752 est
1690 732 1728 761 25

93 774 282 808 erratum
298 783 383 820 spe,
394 770 582 820 optimus
595 769 679 807 fuit
693 770 781 819 spei
796 773 947 819 portus
961 769 1149 806 mutacio
1162 769 1338 807 consilii.
1372 770 1429 807 Et
1442 769 1666 819 Aug<usti-

94 827 221 873 num>
242 825 432 874 legimus,
454 837 551 862 cum
572 824 732 862 multos
753 836 889 862 annos
911 823 1055 873 aliqua
1077 824 1292 869 sensisset,
1311 824 1434 862 simul
1457 837 1506 861 ac
1528 825 1668 862 visum

93 884 169 925 est,
192 880 409 917 sentencia
429 878 657 917 destitisse.
718 879 775 916 Et
796 879 857 916 ita
878 882 921 916 te
943 878 1105 916 inuidia
1126 878 1318 916 liberasti
1339 882 1389 916 vt
1411 891 1477 916 me
1502 879 1667 924 timore,

93 934 207 984 quod
228 934 360 972 animi
388 934 627 984 penderem,
650 946 854 982 quorsum
881 933 959 970 hoc
988 932 1147 970 bellum
1175 933 1390 978 euaderet,
1413 946 1464 971 ne
1492 946 1518 971 a
1545 933 1668 971 nobis

94 989 149 1026 ad
170 988 455 1037 Luthe<rum>
473 987 673 1026 deficeret
690 989 907 1033 Erasmus,
926 987 1041 1037 quod
1059 988 1086 1025 ii
1103 987 1286 1026 fortasse
1309 988 1559 1026 voluissent.
1610 988 1668 1026 Et
1688 1005 1729 1035 30

94 1044 166 1092 qui
187 1044 365 1080 nimium
394 1046 495 1080 sunt
523 1042 677 1088 timidi,
700 1046 743 1080 te
771 1043 938 1080 hostem
966 1055 1052 1080 non
1078 1043 1341 1088 metuebant,
1365 1043 1399 1080 si
1427 1044 1470 1080 in
1496 1042 1668 1081 illorum

93 1099 246 1136 castris
267 1097 508 1136 militasses.

149 1152 330 1190 Proinde
352 1153 386 1189 si
407 1156 633 1202 tantopere
655 1152 921 1202 prospiciunt
943 1151 1008 1189 his
1033 1152 1199 1197 studiis,
1223 1153 1465 1190 irascantur
1493 1152 1668 1190 Budaeo

93 1211 136 1244 et
157 1206 377 1245 Gallorum
400 1207 591 1257 principi,
614 1208 687 1256 qui
708 1208 819 1244 inter
840 1207 1193 1255 anno<tati0nes>
1216 1207 1258 1244 in
1279 1207 1514 1257 pandectas
1538 1212 1668 1257 negat

95 1261 345 1310 Hieronymi
373 1274 462 1299 esse
491 1262 896 1311 interpretacionem
923 1262 1072 1309 no<ui>
1099 1263 1351 1299 testamenti
1379 1274 1508 1311 quam
1541 1262 1666 1300 habe·
1688 1279 1728 1309 35

94 1329 198 1354 mus.
259 1316 317 1354 Vt
338 1316 514 1354 tandem
537 1317 579 1353 in
601 1329 747 1353 eorum
769 1316 954 1366 collegiis
975 1316 1232 1354 delitescant
1253 1317 1445 1365 ingenia!
1507 1316 1668 1362 Quodsi

92 1371 134 1408 in
165 1371 430 1420 praefatione
461 1371 503 1408 in
533 1371 805 1409 Matthaeum
837 1371 1043 1409 Ioannem
1074 1371 1254 1421 legerint
1287 1384 1373 1409 non
1403 1376 1494 1409 tam
1529 1371 1669 1410 foelici

93 1438 221 1475 quam
252 1425 404 1463 audaci
439 1426 683 1463 temeritate
716 1426 959 1475 prorupisse
990 1426 1045 1463 ad
1076 1426 1257 1463 verbum
1288 1426 1379 1472 Dei,
1411 1426 1555 1464 nullus
1586 1427 1668 1464 erit

92 1481 238 1518 veniae
260 1480 390 1525 locus,
413 1480 528 1529 quod
551 1481 809 1518 temeritatis
837 1484 881 1518 et
908 1480 1113 1518 audaciae
1141 1494 1297 1519 nomen
1322 1494 1418 1519 cum
1446 1481 1668 1531 euangelio

94 1535 270 1572 misceat
293 1535 642 1584 Hiero<nymus>.
1687 1554 1730 1584 40

149 1589 229 1627 Sed
251 1589 302 1627 de
324 1589 388 1626 his
410 1589 629 1627 hactenus.
690 1588 770 1627 Sed
792 1591 995 1639 quoniam
1017 1590 1216 1628 aureolus
1239 1594 1304 1628 est
1330 1594 1373 1628 et
1401 1590 1455 1628 ad
1485 1591 1667 1629 verbum

93 1644 342 1682 ediscendus
359 1648 460 1683 tuus
482 1644 662 1689 libellus,
681 1645 724 1681 in
746 1657 830 1694 quo
852 1646 1066 1695 ingeniose
1083 1645 1314 1695 respondes
1331 1646 1386 1684 ad
1402 1646 1668 1684 academicas

92 1700 347 1747 questiones,
378 1703 429 1736 vt
464 1699 543 1736 tibi
579 1699 745 1737 dicendi
784 1699 1038 1737 facultatem
1070 1713 1341 1745 reseruarem,
1374 1704 1514 1738 totam
1550 1700 1668 1738 illam

92 1753 433 1803 disputacionem
455 1754 498 1791 in
524 1753 740 1804 dialogum
770 1754 953 1792 includo.
1014 1755 1079 1792 Tu
1105 1755 1146 1792 in
1175 1768 1357 1805 persona
1385 1755 1667 1804 Eloquentiae

92 1821 187 1845 cum
210 1808 440 1846 Academia
461 1808 685 1858 pugnabis,
709 1810 750 1846 in
775 1822 860 1858 quo
885 1822 1111 1859 congressu
1138 1811 1219 1848 erit
1247 1810 1402 1848 tertius
1431 1810 1665 1860 Hiero<ny-
1687 1829 1728 1859 45

93 1865 210 1911 mus>
231 1876 357 1912 quem
380 1876 545 1913 semper
566 1863 790 1901 ardentius
812 1863 1011 1902 laudasti.
1073 1863 1114 1902 Si
1136 1869 1288 1914 partus
1318 1864 1424 1903 bene
1453 1870 1666 1911 nascetur,

92 1917 169 1955 hoc
186 1921 264 1963 est,
283 1918 317 1955 si
337 1917 489 1967 dignus
510 1919 591 1955 erit
612 1923 662 1956 vt
683 1918 862 1967 legatur,
880 1918 1000 1956 illum
1021 1919 1227 1957 dedicabo
1244 1919 1476 1957 Laurentio
1493 1919 1666 1970 Campe-

92 1973 172 2021 gio,
191 1973 255 2010 tui
277 1973 459 2010 nominis
482 1973 806 2017 studiosissimo,
824 1974 891 2011 cui
912 1987 978 2011 me
1000 1978 1143 2012 totum
1161 1974 1314 2012 dicaui.
1358 1975 1483 2012 Nunc
1502 1979 1668 2013 veteres

92 2039 196 2076 quas
227 2027 282 2065 ad
313 2031 355 2064 te
387 2027 601 2072 dederam,
633 2028 687 2066 ad
718 2041 815 2066 eum
848 2029 976 2066 mitto
1007 2028 1164 2067 literas.
1225 2029 1348 2075 Quod
1381 2031 1580 2075 nesciam,
1612 2043 1667 2068 an

92 2094 279 2131 vnquam
302 2081 461 2120 fuerint
483 2082 653 2128 allatae,
676 2087 776 2132 peto
797 2087 847 2121 vt
868 2088 988 2121 curet
1009 2083 1064 2122 ad
1090 2088 1132 2122 te
1155 2083 1378 2134 diligenter
1405 2085 1596 2135 perferri,
1620 2090 1667 2123 vt
1687 2103 1729 2132 50

90 2136 255 2173 eliciam
279 2140 388 2174 tuas.

146 2191 260 2229 Vale.
283 2191 448 2229 decimo
469 2195 591 2229 sexto
613 2191 699 2230 Cal.
724 2192 866 2230 Iulias.

147 2256 367 2294 Desiderio
385 2257 691 2303 Roterodamo,
710 2259 866 2296 aetatis
884 2263 1057 2297 nostrae
1078 2263 1156 2297 aut
1172 2258 1363 2298 Ciceroni
1380 2263 1456 2298 aut
1475 2261 1666 2306 Erasmo,

92 2310 284 2361 Friburgi
307 2311 374 2349 vel
397 2311 558 2349 vbiubi.

91 2404 236 2444 dealing
252 2405 343 2435 with
360 2405 424 2435 tho
442 2405 648 2445 Colloquies
662 2406 769 2446 Prop.
793 2416 842 2445 13,
913 2407 1050 2448 always
1064 2408 1233 2438 irritated
1250 2408 1436 2439 Erasmus.
1486 2409 1550 2439 See
1569 2409 1665 2450 Epp.

91 2448 162 2478 and
184 2448 370 2478 Erasmus'
392 2454 597 2479 connnents
619 2460 667 2480 on
685 2451 748 2480 the
765 2461 843 2481 con-
914 2461 1009 2491 2424·
1029 2461 1130 2491 34211,
1152 2455 1247 2488 2600.
1270 2462 1319 2489 19.

91 2492 203 2522 clusio
219 2493 257 2522 of
280 2493 342 2522 the
364 2492 466 2522 Paris
484 2493 762 2527 Dcterminatioe
789 2499 843 2525 to·
958 2504 1009 2534 34.
1036 2496 1133 2526 inter
1176 2496 1454 2534 annotationes]
1505 2497 1665 2527 Annoru-

90 2536 315 2573 gctherwith
326 2536 844 2577 theProloqustotheSnppu-
914 2539 1027 2570 tiones
1061 2540 1100 2570 in
1136 2540 1248 2570 xxiiii
1287 2541 1494 2574 Pandemos,
1532 2541 1665 2580 Lyons.

91 2579 177 2609 talio
194 2580 472 2610 Calumniamm
491 2581 536 2610 N.
556 2581 690 2615 Reduc:
714 2582 787 2612 and
809 2583 843 2612 in
913 2583 1113 2623 Gryphius.
1136 2593 1229 2622 1551,
1247 2595 1283 2624 p.
1305 2593 1375 2621 150.

92 2623 155 2653 the
180 2623 284 2662 Resp.
310 2624 356 2654 ari
381 2624 536 2655 Notulas
563 2625 686 2659 Reduc.
710 2626 843 2657 Assert.
957 2636 1009 2666 42,
1037 2627 1194 2665 libellus]
1213 2628 1289 2657 Tho
1307 2628 1572 2658 Declarationcs
1590 2629 1667 2665 (the

93 2675 144 2704 52,
162 2669 214 2696 oo.
916 2671 1046 2710 replies
1071 2676 1110 2701 to
1135 2671 1236 2701 Beda
1260 2672 1297 2702 of
1329 2675 1454 2710 152oe7
1483 2682 1578 2701 seem
1607 2682 1665 2701 ox-

137 2716 230 2749 20—7.
258 2711 522 2750 Augustinum]
569 2712 646 2742 Tho
686 2713 840 2743 allusion
911 2714 1041 2744 vludod
1067 2715 1114 2753 by
1135 2715 1198 2745 tho
1220 2715 1295 2745 fuet
1319 2716 1397 2745 that
1426 2716 1487 2745 tho
1510 2715 1618 2745 letter
1639 2716 1666 2745 is

93 2753 121 2783 is
157 2758 195 2784 to
232 2754 295 2784 the
327 2755 616 2791 Retractcztiones,
647 2767 687 2787 or
720 2758 843 2787 rather
910 2758 1108 2788 addressed
1142 2763 1181 2789 to
1214 2759 1390 2789 Erasmus
1419 2764 1455 2789 nt
1493 2759 1666 2797 Freiburg

92 2801 130 2827 to
161 2808 182 2828 a
213 2798 501 2839 misconception
532 2800 570 2830 of
595 2800 695 2831 them
725 2801 840 2831 which
909 2802 1122 2838 rclrbiubz').
