1966 3379
142 123 262 172 2780]
688 122 758 161 ΤΟ
788 122 940 160 JOHN
971 122 1159 160 LASKY
1633 125 1703 160 181

141 227 276 265 docet.
318 226 594 265 Clementiam
622 227 859 276 principum
889 227 1228 275 interpretantur
1258 226 1447 263 fauorem
1480 228 1710 264 sectae—si

141 281 268 319 detur
288 281 441 318 rimula
462 282 544 318 toti
570 281 1107 330 irrumpant—docentque
1135 281 1335 317 ciuitates
1357 281 1616 330 principibus
1639 294 1708 330 op·
1732 294 1770 322 55

142 335 305 384 pedere.
367 335 417 372 Id
450 335 604 372 accidit
634 334 731 372 duci
764 334 947 372 Cliuensi
978 335 1020 371 in
1056 335 1258 383 primaria
1293 335 1478 382 quadam
1520 336 1708 372 ciuitate.

142 389 425 427 Ecclesiasten
457 391 544 439 agit
575 389 879 426 Dominicanus
919 389 1106 437 quidam,
1138 390 1209 437 qui
1242 394 1342 425 ante
1380 389 1537 426 multos
1577 403 1711 426 annos

140 445 283 481 eximii
305 457 472 481 scurrae
495 445 705 493 specimen
726 444 888 493 insigne
913 443 1043 480 dedit.
1086 443 1284 480 Luteciae
1313 445 1521 492 persuasit
1544 444 1710 483 cuidam

140 498 351 536 famellico
372 498 642 548 typographo
663 510 706 535 se
731 497 887 535 habere
912 497 1123 546 colloquia
1146 497 1310 534 Erasmi
1336 497 1390 534 ab
1417 499 1507 546 ipso
1533 498 1711 535 Erasmo

141 553 362 602 castigata.
423 552 489 589 Ibi
510 552 614 590 facit
639 565 704 589 me
730 552 968 601 prefantem
995 552 1234 597 Erasmum,
1258 564 1436 600 puerum
1460 566 1483 589 a
1505 551 1710 601 Capitone
1731 564 1773 584 (ιο

140 607 183 643 in
211 606 417 644 hebraicis
442 607 610 651 litteris,
636 619 661 643 a
689 606 867 644 Renano
894 607 938 643 in
958 607 1091 655 grecis
1120 606 1249 643 fuisse
1271 611 1383 643 recte
1406 607 1665 647 institutum,
1688 620 1711 643 a

141 673 207 698 me
232 673 333 698 vero
360 673 581 710 perperam
610 662 857 698 institutum
886 662 929 697 in
957 660 1155 709 religione
1183 661 1425 698 christiana.
1487 661 1543 697 Et
1572 662 1711 698 omnia

140 714 361 764 Colloquia
391 715 624 752 scurriliter
654 716 982 752 contaminarat.
1042 715 1126 752 Res
1157 715 1253 752 ilico
1284 715 1338 752 ad
1367 728 1432 752 me
1461 715 1604 752 delata
1634 721 1710 752 est.

141 769 233 807 Hoc
256 769 327 806 vbi
349 771 492 815 sensit,
516 770 728 819 proripuit
749 782 791 807 se
815 769 1085 819 Lugdunum,
1116 769 1173 806 ibi
1196 769 1338 807 subito
1359 770 1500 806 factus
1521 774 1585 806 est
1609 772 1711 806 mire

140 823 394 872 φιλέρασμος.
436 824 667 873 Nunquam
701 837 785 861 non
818 824 1035 873 predicare
1062 836 1140 861 me.
1183 824 1275 861 Hoc
1311 824 1407 861 fuco
1440 825 1604 861 inuenit
1640 838 1709 873 pa-
1732 830 1772 865 (35

140 882 312 915 tronum
328 878 699 921 Archidiaconum,
714 892 738 915 a
753 891 836 927 quo
853 878 1028 916 tandem
1043 878 1232 928 profugit
1249 878 1485 916 suffuratus
1499 884 1713 915 trecentos

140 937 377 970 coronatos.
428 931 589 970 Similia
631 933 778 970 multis
820 933 921 970 locis
963 933 1213 983 designauit,
1248 938 1291 970 et
1323 933 1550 982 aliquoties
1584 933 1713 970 solius

141 986 330 1024 cucullae
352 987 535 1036 presidio
557 1000 581 1024 a
603 1000 724 1025 cruce
746 987 951 1025 liberatus
978 992 1055 1025 est.
1097 987 1236 1033 Quum
1266 988 1349 1024 iam
1373 1000 1581 1036 nusquam
1604 994 1714 1024 essct

140 1045 274 1087 tutus,
299 1042 491 1091 confugit
512 1042 566 1079 ad
597 1055 759 1079 sacram
786 1055 999 1080 ancoram.
1042 1042 1176 1079 Exuit
1201 1042 1395 1079 cuculam
1422 1047 1464 1079 et
1486 1042 1627 1079 factus
1649 1048 1710 1079 est

139 1108 265 1145 preco
282 1096 551 1145 euangelicus
567 1109 642 1133 nec
658 1097 761 1134 satis
778 1096 907 1134 habet
926 1097 1076 1134 docere
1093 1096 1344 1146 Zuingliana
1360 1102 1436 1134 aut
1455 1097 1712 1138 Lutherana,
1735 1110 1774 1139 70

139 1150 265 1187 docet
292 1163 463 1200 prorsus
488 1151 686 1189 absurda.
737 1151 835 1188 Dux
865 1152 1034 1201 scripsit
1058 1150 1255 1189 Senatui:
1289 1151 1554 1188 dimit-terent
1583 1151 1713 1188 talem

139 1204 422 1243 ecclesiasten.
450 1205 719 1255 Responsum
735 1210 812 1250 est,
826 1206 1032 1255 populum
1047 1218 1131 1243 non
1144 1219 1267 1255 posse
1281 1219 1422 1243 carere
1438 1219 1513 1243 suo
1525 1206 1711 1243 doctore.

198 1259 290 1297 Hoc
315 1260 458 1309 accepi
483 1273 567 1297 non
593 1273 643 1297 ex
671 1273 780 1309 vago
806 1273 985 1305 rumore,
1009 1260 1081 1298 sed
1103 1261 1155 1297 ab
1178 1274 1240 1305 eo,
1263 1262 1335 1309 qui
1358 1261 1464 1298 Duci
1487 1266 1552 1298 cst
1573 1274 1597 1297 a
1619 1274 1712 1297 con-

140 1313 254 1351 siliis.
306 1313 387 1352 Sed
419 1314 470 1351 de
499 1314 578 1351 hiis
607 1315 732 1352 nimis
760 1316 843 1352 iam
870 1315 1020 1352 multa.
1061 1314 1175 1365 Opto
1203 1321 1249 1352 vt
1279 1328 1407 1364 quam
1434 1316 1714 1365 prosperrime

141 1368 296 1406 valeas.
339 1368 420 1406 Hic
443 1369 624 1406 Martius
639 1371 905 1418 pertentauit
921 1374 1052 1418 atque
1067 1370 1304 1407 etiamnum
1326 1374 1546 1419 pertentat
1570 1383 1715 1407 omnes
1736 1383 1774 1413 75

140 1422 264 1460 huius
296 1423 535 1473 corpusculi
565 1428 720 1473 partes.
779 1424 961 1473 Reliqua
995 1437 1221 1474 cognosces
1252 1438 1302 1462 ex
1336 1424 1467 1469 lusto,
1500 1426 1714 1462 communi

140 1489 288 1515 amico.

197 1532 358 1570 Datum
382 1532 588 1582 Friburgi,
614 1544 662 1570 12
686 1533 892 1570 kalendas
914 1533 1081 1583 Apriles
1102 1534 1227 1571 Anno
1252 1543 1368 1582 1533.

954 1589 1172 1638 Agnoscis,
1197 1590 1359 1638 opinor,
1383 1602 1557 1626 manum
1582 1590 1657 1626 tui.

562 1778 690 1815 2781.
756 1774 824 1814 To
847 1775 1074 1816 ERASMUS
1099 1775 1292 1817 SCHETs.

192 1864 346 1898 British
366 1864 550 1898 Museum
570 1864 652 1898 MS.
674 1865 778 1898 Add.
801 1866 934 1907 38512,
956 1866 982 1899 f.
1007 1868 1065 1911 78.
1373 1868 1623 1911 <Freiburg>

1335 1927 1375 1949 22
1397 1917 1535 1950 March
1560 1928 1663 1959 1533.

185 1996 257 2034 [An
283 1996 435 2036 original
460 1996 581 2033 letter,
607 1998 816 2038 autograph
842 1998 1082 2039 throughout.
1134 2000 1203 2029 For
1226 2000 1412 2030 Erasmus*
1436 2001 1599 2031 troubles
1624 2002 1712 2031 with

142 2040 332 2071 Barbirius
350 2040 423 2070 and
440 2040 672 2071 Molendinus
690 2051 748 2071 see
766 2042 863 2082 Epp.
883 2052 979 2082 2404,
998 2043 1110 2082 2407.]

196 2115 235 2153 S.
266 2116 310 2153 P.
371 2116 593 2153 Barbirius
622 2121 766 2154 noster
794 2119 999 2167 proximis
1028 2119 1183 2156 litteris
1212 2121 1381 2158 incusat
1411 2121 1712 2171 negligentiam

142 2175 345 2215 nostram,
364 2170 478 2219 quod
496 2183 580 2208 non
603 2172 843 2209 miserimus
865 2174 1153 2223 syngrapham
1171 2176 1449 2223 quietantiae,
1469 2181 1516 2213 vt
1535 2182 1710 2214 vocant:

141 2225 300 2274 alioqui
323 2238 364 2262 se
386 2225 515 2262 fuisse
537 2231 864 2264 numeraturum
886 2229 1110 2277 pensiones
1131 2229 1283 2266 saltem
1307 2243 1356 2267 ex
1382 2235 1515 2279 parte.
1563 2231 1617 2268 At
1643 2233 1714 2279 qui

186 2313 281 2342 2780.
308 2315 360 2342 61.
387 2323 408 2343 a
425 2318 505 2343 ante
524 2314 677 2344 Renano
695 2315 932 2354 scripsimus:
959 2327 1000 2347 ac
1018 2316 1099 2347 MS.
1200 2318 1295 2348 2781.
1325 2327 1354 2348 2.
1381 2319 1611 2358 quietantiam
1629 2321 1711 2349 scri-

139 2357 304 2396 psimus:
329 2357 577 2396 quietantiam
596 2357 679 2389 ΔΜΒ.

186 2444 281 2473 2780.
309 2452 360 2482 57.
384 2444 661 2482 Dominicanus]
675 2445 895 2477 Lambertus
963 2447 1062 2478 Prof.
1111 2448 1272 2479 Roersch
1320 2450 1386 2480 has
1425 2450 1612 2480 dismissed
1653 2452 1715 2481 tho

141 2486 366 2527 Campester.
388 2487 563 2518 Erasmus
574 2488 656 2518 tells
666 2490 740 2519 this
750 2490 895 2521 curious
962 2491 1124 2531 identity
1137 2493 1174 2523 of
1194 2493 1379 2524 Erasinus*
1396 2494 1662 2534 L.C211npcst‹›r
1679 2496 1712 2524 in

143 2534 246 2570 story
267 2535 307 2560 at
327 2531 454 2570 length
478 2532 513 2561 in
534 2532 598 2562 the
619 2532 768 2573 litorei-y
788 2538 892 2564 auto·
968 2535 1023 2565 Un
1045 2535 1309 2575 Contrejacteur
1330 2531 1527 2572 (slirusme.
1553 2538 1712 2568 Lamber-

144 2574 349 2614 biography
365 2574 563 2606 addressed
585 2580 624 2606 to
647 2577 838 2607 Botzhcirn
857 2578 892 2607 in
961 2583 1020 2609 tus
1037 2579 1252 2619 Campester.
1273 2582 1536 2621 (1*e‹lcnlcsc}2rijt
1556 2593 1631 2612 :um
1652 2582 1715 2610 401)

146 2626 282 2657 1523-4‚
301 2617 371 2648 vol.
392 2619 414 2654 i,
436 2628 499 2658 pp.
518 2628 615 2655 9—12.
665 2620 721 2650 No
741 2631 835 2661 copy
856 2622 893 2651 of
964 2622 1152 2662 Todescaye
1169 2625 1228 2654 des
1248 2625 1433 2659 Erasmus,
1454 2626 1572 2657 nasio,
1597 2635 1686 2663 103st

142 2660 389 2700 Campester¹s
407 2662 503 2692 book
520 2663 586 2693 has
603 2674 704 2693 come
724 2669 761 2694 to
779 2665 891 2703 light;
1005 2670 1058 2696 02.
1086 2668 1121 2697 ἰιι
1151 2668 1335 2707 religiono]
1368 2669 1408 2698 In
1443 2670 1506 2699 tlw
1539 2670 1647 2698 lom-1·
1677 2676 1714 2698 to

146 2705 213 2734 but
236 2705 264 2734 it
286 2705 314 2734 is
334 2705 489 2736 difficult
511 2710 551 2736 to
572 2707 710 2737 believe
729 2709 808 2738 that
831 2709 893 2739 the
965 2710 1154 2740 Botzhciin
1175 2712 1348 2741 Erasinus
1365 2724 1448 2752 says
1472 2714 1551 2742 that
1581 2713 1623 2741 hc
1642 2724 1714 2742 was

145 2748 260 2778 whole
285 2753 387 2788 story
411 2749 442 2779 is
466 2750 669 2780 invention.
719 2752 894 2782 Erasmus
962 2754 1124 2784 crcdited
1150 2756 1239 2785 with
1266 2757 1437 2793 tom—hiup:
1465 2757 1582 2789 Latin.
1610 2757 1714 2785 wnilo

145 2791 252 2822 made
264 2792 435 2832 frequent
448 2793 650 2823 references
663 2795 894 2825 tothisbook
964 2797 1167 2828 Rhenanus
1190 2800 1321 2837 taught
1347 2801 1464 2829 Grvvk
1487 2800 1558 2829 and
1583 2801 1714 2839 Cupito

145 2835 218 2864 and
280 2839 320 2866 to
375 2836 620 2876 Camposter‘s
666 2839 892 2878 subsequcnt
964 2841 1132 2871 Hebrow.

145 2888 277 2913 career,
296 2889 355 2909 see
373 2880 468 2919 Epp.
488 2882 696 2920 1581.41311.
721 2892 811 2920 150¹·
836 2893 894 2921 15—
1007 2885 1103 2914 2781.
1134 2895 1159 2915 1.
1189 2887 1364 2925 proximis
1386 2887 1533 2923 littei-is]
1563 2887 1628 2916 Not
1655 2898 1714 2916 cx-

147 2930 200 2961 24,
230 2924 322 2959 1598.
349 2924 445 2958 8—11,
476 2928 567 2963 1003.
595 2934 691 2963 3233.
716 2929 808 2963 1055.
836 2936 893 2965 ιχ·
964 2931 1059 2958 tant.
1108 2929 1185 2958 Tho
1209 2930 1275 2959 last
1298 2930 1406 2960 letter
1423 2931 1459 2959 os
1481 2931 1669 2960 Burbu-ins
1690 2932 1716 2960 is

151 2973 199 3003 ¹7,
222 2966 314 2996 1686.
335 2969 431 3004 52—6.
455 2970 547 3006 1607.
567 2970 663 3008 84-0,
685 2972 777 3008 2728.
797 2971 892 3000 8-21.
965 2972 1045 3002 that
1068 2973 1105 3001 of
1128 2983 1135 3002 ι
1162 2973 1253 3003 Nov.
1284 2978 1381 3012 ‘1530
1399 2990 1401 2994 v
1422 2975 1505 3013 (lep.
1529 2982 1639 3013 ηομ.
