1966 3379
294 153 344 189 32
726 151 983 189 LETTERS
1014 151 1084 188 OF
1117 150 1380 189 ERASMUS
1741 156 1862 202 [1532

236 269 274 289 10
293 261 336 294 01
357 257 547 294 cruciatu
570 256 750 293 liberum
774 256 931 305 (quoad
953 269 1026 306 per
1046 260 1233 293 aetatem
1251 256 1411 303 liceret)
1430 257 1678 295 obtinerem.
1740 258 1863 295 Nunc

294 325 394 349 vcro
424 324 478 349 an
509 312 598 348 eius
630 312 732 355 voti,
765 312 941 348 nimium
974 311 1167 348 fortassis
1204 312 1397 360 improbi,
1430 325 1602 361 compos
1635 313 1864 361 aliquando

294 367 371 403 sim
393 366 578 409 futurus,
602 365 678 402 Dei
703 366 743 402 in
768 378 896 402 mauu
918 370 993 403 est.
1054 366 1133 403 sed
1158 366 1326 403 interim
1351 370 1498 415 pectus
1520 367 1621 404 mihi
1639 369 1865 417 occupauit

294 422 433 458 nescio
454 420 554 469 quid
579 420 739 457 morbi:
772 421 890 457 cuius
920 434 1002 457 non
1034 425 1122 457 tam
1152 434 1274 457 sensu
1303 426 1346 458 et
1373 421 1516 458 dolore
1545 422 1708 459 crucior
1736 434 1863 471 quam

293 480 473 513 euentus
509 479 625 511 metu
662 488 709 511 ac
746 475 898 512 timore
932 475 1133 513 solicitor.
1195 475 1304 512 Nam
1339 488 1470 524 quum
1504 476 1669 524 aliquot
1702 489 1864 514 menses

238 541 274 570 15
293 530 441 568 eodem
482 534 626 566 tenore
662 542 826 579 semper
862 530 1099 575 infestaret,
1136 530 1321 567 consulti
1361 531 1511 567 medici
1553 531 1866 580 responderunt

294 597 457 622 moram
479 584 648 633 longam
672 585 712 621 111
730 585 886 621 morbis
903 598 992 622 esse
1009 585 1302 634 periculosam,
1317 589 1361 622 01
1377 598 1522 623 curam
1541 585 1665 622 huius
1682 586 1867 635 agebant

294 639 468 676 celerem
493 652 582 675 esse
606 652 689 676 non
712 652 855 689 posse:
890 643 1081 689 tempore
1103 640 1270 683 sensim,
1296 640 1425 685 victu,
1448 640 1701 689 pharmacis,
1724 641 1866 689 quiete

295 693 618 731 medicandum:
652 706 787 743 neque
810 694 935 731 finem
959 694 1153 732 medendi
1180 694 1501 744 praefiniebant,
1523 707 1658 744 neque
1684 695 1865 733 salutem

295 749 399 786 satis
420 752 577 786 certam
602 749 916 798 pollicebantur
941 754 1097 787 tamen.

235 816 276 836 20
351 803 467 840 Haec
488 816 564 852 ego
586 804 714 852 igitur
736 816 899 841 mecum
925 817 1099 841 versans
1127 805 1283 847 animo,
1306 816 1438 852 quum
1466 807 1543 841 aut
1567 804 1866 854 deponendum

295 858 397 895 mihi
433 859 734 907 magistratum
771 858 971 903 viderem,
1008 863 1084 895 aut
1124 871 1295 907 operam
1337 871 1474 896 meam
1515 859 1557 896 in
1596 872 1644 896 eo
1683 859 1868 908 gerendo

295 912 646 957 claudicaturam,
680 913 854 961 quando
884 914 1051 961 negotia
1083 926 1191 962 quae
1223 926 1289 950 res
1321 913 1524 963 poscebat
1555 914 1661 951 obiri
1693 926 1767 963 per
1802 927 1868 951 me

295 980 380 1005 non
401 971 589 1017 possent,
612 969 691 1005 nisi
714 971 894 1004 mortem
915 969 1001 1017 ipse
1024 968 1139 1005 obire
1156 968 1417 1017 periclitarer
1431 970 1531 1017 (qua
1553 969 1586 1005 si
1603 968 1867 1018 defungerer,

296 1022 363 1060 vel
385 1023 442 1059 sic
464 1024 638 1059 omnino
655 1035 751 1059 cum
769 1023 860 1059 vita
877 1023 1001 1059 simul
1020 1023 1346 1071 relinquendum
1364 1023 1447 1060 fuit
1464 1024 1676 1070 officium),
1701 1023 1867 1061 decreui

236 1089 276 1118 25
296 1090 461 1115 mecum
485 1077 659 1114 tandem
683 1077 819 1114 altero
841 1078 983 1127 potius
1006 1090 1133 1126 quam
1160 1081 1343 1126 vtroque
1368 1090 1521 1115 carere,
1582 1078 1866 1123 Quamobrem

296 1136 345 1169 vt
365 1136 409 1169 et
430 1131 610 1181 publicis
632 1132 757 1169 rebus
779 1133 937 1180 pariter
958 1136 1002 1169 et
1022 1145 1140 1170 meae
1158 1132 1287 1170 saluti
1304 1132 1579 1175 consulerem,
1603 1146 1627 1170 a
1648 1133 1868 1170 clarissimi

298 1187 506 1236 Principis
531 1190 574 1224 et
599 1187 749 1236 optimi
779 1186 1041 1235 benignitate
1070 1187 1249 1236 supplex
1278 1188 1505 1237 impetraui
1537 1191 1585 1224 vt
1614 1188 1868 1236 magistratu

298 1242 381 1279 isto
401 1254 486 1290 quo
511 1254 576 1278 me
599 1241 729 1290 (quod
759 1245 853 1278 tute
881 1242 990 1289 scis),
1015 1243 1130 1291 regni
1152 1243 1286 1279 totius
1314 1242 1588 1291 amplissimo,
1612 1241 1869 1279 incredibilis

297 1297 386 1334 eius
408 1297 449 1333 in
471 1309 537 1333 me
558 1296 682 1333 fauor
708 1299 797 1332 tam
826 1295 946 1345 longe
975 1309 1103 1346 supra
1132 1297 1330 1334 meritum
1360 1309 1487 1345 quam
1518 1309 1646 1346 supra
1675 1309 1790 1346 spem
1820 1310 1867 1334 ac

237 1364 278 1393 30
299 1355 448 1389 votum
463 1363 587 1388 omne
602 1363 743 1387 meum
758 1350 1060 1396 honorauerat,
1076 1364 1189 1388 nunc
1204 1352 1282 1388 sub
1296 1353 1385 1388 eius
1400 1351 1584 1400 pondere
1599 1351 1868 1388 fatiscentem

297 1406 547 1455 dignaretur
568 1406 657 1442 eius
678 1405 815 1454 pietas
834 1418 1077 1444 exonerare.
1137 1405 1318 1456 Superos
1340 1407 1468 1455 igitur
1486 1407 1706 1443 vniuersos
1722 1418 1870 1455 precor

298 1465 346 1497 vt
367 1465 410 1497 et
438 1461 542 1498 istos
565 1460 958 1509 indulgentissimos
980 1461 1022 1497 in
1046 1473 1110 1497 me
1133 1461 1351 1497 clarissimi
1376 1461 1502 1510 Regis
1524 1460 1719 1498 adfectus
1741 1461 1867 1505 Deus,

297 1516 369 1564 qui
390 1515 504 1552 solus
524 1519 682 1565 potest,
704 1515 833 1564 digna
854 1520 1049 1565 repenset
1069 1517 1229 1564 gratia:
1261 1520 1305 1553 et
1327 1516 1430 1552 1111111
1447 1515 1650 1564 quicquid
1666 1516 1870 1565 temporis

298 1570 507 1619 reliquum
543 1569 723 1607 daturus
755 1573 832 1615 est,
868 1582 918 1607 ne
950 1583 1025 1619 per
1058 1571 1168 1607 iners
1200 1575 1329 1619 atque
1370 1571 1572 1619 ignauum
1608 1570 1871 1619 transigatur

238 1636 277 1666 35
297 1626 449 1670 ocium,
467 1637 551 1662 non
569 1637 661 1662 eam
679 1624 806 1661 modo
822 1628 1009 1662 mentem
1028 1625 1159 1662 donet
1180 1629 1229 1662 vt
1251 1625 1383 1662 bonas
1401 1625 1525 1662 boras
1542 1625 1647 1662 bene
1664 1624 1870 1662 collocare

298 1679 437 1724 velim,
472 1679 545 1716 sed
580 1692 672 1716 eam
709 1680 838 1716 etiam
875 1681 1062 1729 eorporis
1103 1680 1237 1717 addat
1269 1680 1529 1725 firmitatem,
1566 1692 1650 1728 qua
1689 1691 1868 1729 possem.

298 1734 408 1771 Nam
445 1736 570 1783 (quae
604 1747 699 1771 mea
735 1734 928 1771 socordia
959 1737 1040 1782 est)
1074 1734 1241 1772 infirma
1273 1734 1521 1772 valetudine
1558 1734 1663 1771 nihil
1699 1734 1870 1771 omnino

298 1801 483 1839 possum.

352 1843 501 1892 Neque
521 1844 645 1888 enim,
669 1844 727 1880 mi
748 1843 935 1889 Erasme,
958 1856 1105 1881 omnes
1127 1857 1273 1881 sumus
1294 1844 1474 1889 Erasmi,
1498 1848 1546 1881 vt
1571 1844 1685 1893 quod
1711 1847 1868 1881 morta-

237 1910 280 1940 40
298 1898 401 1935 lium
424 1899 615 1942 omnium
637 1899 709 1935 vni
731 1899 1038 1948 propemodum
1061 1898 1140 1936 tibi
1162 1900 1372 1948 propitius
1394 1899 1573 1936 donauit
1591 1899 1716 1943 Deus,
1736 1898 1777 1935 id
1793 1911 1870 1935 nos

299 1954 528 1990 conueniat
550 1965 696 1990 omnes
716 1957 954 2002 expectare.
998 1953 1100 1999 Quis
1122 1955 1234 1991 enim
1251 1958 1421 2003 praeter
1439 1958 1480 1990 10
1497 1954 1605 1990 alius
1623 1953 1665 1990 id
1682 1953 1871 2003 polliceri

298 2008 457 2045 audeat
487 2008 602 2057 quod
630 2012 677 2044 tu
711 2011 933 2057 praestas?
969 2009 1042 2057 qui
1070 2013 1238 2058 praeter
1265 2009 1420 2045 aetatis
1448 2009 1782 2057 ingrauescentis
1810 2008 1869 2044 in-

299 2062 534 2108 commoda,
557 2063 614 2099 sic
643 2062 825 2100 assiduis
852 2063 1035 2100 afflictus
1063 2063 1222 2100 morbis
1250 2067 1299 2100 vt
1327 2063 1507 2112 fatigare
1534 2067 1664 2112 atque
1693 2063 1870 2100 obruere

299 2118 496 2154 iuuenem
527 2117 743 2154 valentem
774 2121 948 2166 queant,
971 2119 1203 2167 quotannis
1230 2121 1376 2155 tamen
1405 2118 1540 2155 totius
1570 2118 1775 2167 temporis
1806 2118 1871 2154 tui

239 2182 279 2214 45
299 2173 522 2217 rationem,
545 2176 755 2220 tanquam
783 2172 888 2209 nihil
917 2172 1014 2210 inde
1042 2185 1178 2222 neque
1205 2173 1305 2209 anni
1333 2185 1497 2221 graues,
1527 2184 1663 2221 neque
1690 2172 1871 2210 aduersa

300 2226 504 2264 valetudo
525 2228 768 2276 surriperet,
790 2227 944 2264 aeditis
965 2227 1083 2264 libris
1100 2228 1272 2276 optimis
1290 2227 1381 2264 orbi
1398 2228 1481 2264 toti
1497 2239 1717 2276 nunquam
1735 2239 1872 2264 cessas

300 2281 486 2319 reddere.
547 2280 663 2326 Quae
698 2294 763 2318 res
799 2294 896 2326 vna,
930 2294 1062 2330 quum
1098 2281 1401 2331 reputantibus
1437 2282 1645 2319 vniuersis
1678 2280 1871 2318 miraculi

299 2337 434 2373 vicem
458 2336 626 2381 habeat,
649 2335 703 2373 ad
721 2340 940 2385 stuporem
958 2340 1102 2374 tamen
1120 2349 1252 2385 Vsque
1269 2336 1522 2374 miraculum
1540 2337 1739 2385 geminat,
1758 2335 1871 2384 quod

300 2390 405 2427 nihil
428 2394 469 2427 te
491 2390 711 2428 deterrent
731 2403 756 2427 a
778 2391 1000 2428 scribendo
1017 2392 1104 2440 (qui
1121 2391 1187 2428 vel
1206 2390 1447 2428 herculeum
1465 2396 1614 2440 pectus
1631 2391 1871 2440 oppressuri

240 2456 281 2486 50
300 2445 565 2493 viderentur)
588 2448 655 2482 tot
676 2445 864 2494 vndique
892 2446 934 2482 in
957 2449 999 2483 te
1027 2450 1245 2495 surgentes
1266 2445 1586 2494 vitilitigatores
1608 2446 1694 2482 tui:
1727 2444 1872 2494 quales

301 2500 379 2537 tibi
401 2499 559 2537 multos
581 2499 716 2537 indies
736 2501 951 2537 e-xuscitat
971 2500 1315 2550 incomparabilis
1337 2501 1460 2537 istius
1481 2501 1634 2549 ingenii
1656 2500 1719 2537 tui
1741 2504 1872 2548 atque

300 2554 564 2599 eruditionis,
606 2555 823 2603 ingenium
863 2555 993 2592 etiam
1033 2555 1119 2592 tale
1159 2555 1413 2604 superantis,
1452 2554 1636 2592 inuidia:
1680 2554 1734 2591 ad
1766 2566 1872 2602 quas

302 2613 482 2646 naturae
504 2612 633 2658 atque
655 2609 891 2647 industriae
913 2613 1013 2646 tuae
1041 2610 1225 2646 virtutes
1250 2622 1381 2658 quum
1410 2609 1533 2647 facile
1562 2622 1605 2646 se
1630 2608 1872 2658 intelligant

302 2675 523 2712 nunquam
545 2676 667 2712 posse
688 2664 983 2709 conscendere,
1006 2668 1048 2701 et
1076 2664 1185 2701 ferre
1213 2668 1357 2701 tamen
1385 2676 1460 2713 per
1486 2664 1619 2701 animi
1646 2668 1870 2708 tumorem,

241 2729 282 2759 55
301 2730 385 2766 quo
415 2731 521 2767 pene
550 2718 868 2768 dirumpuntur,
897 2723 1126 2768 nequeant,
1150 2722 1199 2755 vt
1227 2718 1337 2756 infra
1365 2722 1455 2755 tam
1483 2718 1606 2767 longe
1634 2717 1871 2761 subsidant,

301 2772 604 2810 machinantur
624 2773 735 2810 inter
756 2786 798 2810 se
814 2774 1027 2818 nimirum,
1045 2786 1093 2810 ac
1114 2786 1191 2823 pro
1208 2786 1284 2810 sua
1300 2773 1478 2822 quisque
1495 2772 1607 2810 virili
1622 2772 1872 2816 moliuntur,

302 2827 335 2864 si
356 2839 441 2875 qua
463 2828 629 2876 possint
650 2827 810 2865 efficere
833 2831 881 2864 vt
902 2832 977 2865 tua
993 2828 1127 2877 gloria
1143 2828 1197 2865 ad
1215 2827 1436 2877 ingloriam
1454 2828 1642 2877 ipsorum
1660 2826 1872 2864 vilitatem

302 2885 433 2930 queat
453 2881 624 2919 assidua
645 2882 955 2919 detrectatione
978 2882 1141 2920 deduci.

357 2934 437 2973 Sed
467 2935 569 2973 dum
600 2949 751 2973 saxum
782 2936 860 2974 hoc
893 2936 1130 2986 Sisipheum
1164 2937 1246 2973 iam
1278 2940 1345 2974 tot
1376 2949 1513 2974 annos
1543 2936 1738 2981 voluunt,
1771 2934 1872 2984 quid

562 3011 610 3031 12.
637 3002 703 3032 Dei
721 3003 955 3042 scripsimus:
982 3003 1059 3033 Deo
1077 3003 1115 3033 L.
1134 3003 1179 3033 cf.
1200 3003 1294 3042 Epp.
1314 3001 1414 3040 2898.
1434 3004 1466 3039 6,
1485 3000 1585 3040 2899.
1606 3012 1635 3033 2.
