1966 3379
258 119 333 156 112
684 116 942 156 LETTERS
973 117 1044 155 OF
1074 116 1341 155 ERASMUS
1702 118 1824 166 [1532

195 239 236 270 40
256 223 509 273 promiserat
539 234 763 260 commune
793 222 1047 272 sepulerum,
1080 234 1155 259 nec
1190 221 1443 259 dubitabam
1476 222 1579 270 quin
1613 221 1694 266 ille,
1728 221 1827 258 lieet

256 278 380 315 annis
411 276 736 326 quatuordecim
768 278 914 322 maior,
947 277 1047 314 mihi
1079 281 1292 326 superstes
1322 280 1433 314 esset
1460 276 1644 314 futurus.
1703 276 1828 312 Certe

258 345 333 370 nee
355 336 550 369 senectus
571 345 645 368 nec
668 332 842 369 morbus
864 331 982 368 illum
1001 331 1123 368 nobis
1140 331 1313 375 ademit,
1332 331 1404 368 sed
1421 344 1542 368 casus
1565 330 1724 375 infelix,
1744 343 1828 367 non

258 393 347 424 tam
371 386 542 435 quidem
566 386 627 423 illi
649 399 776 435 quam
799 386 964 431 studiis,
991 399 1119 435 quam
1149 385 1352 435 religioni,
1375 398 1505 434 quam
1534 397 1675 434 regno,
1698 397 1828 434 quam

259 441 481 479 ecclesiae:
516 445 643 478 tanta
663 446 754 478 erat
778 441 959 478 hominisv
983 442 1133 490 pietas,
1157 445 1281 477 tanta
1311 441 1353 477 in
1382 440 1566 478 consiliis
1588 439 1829 489 prudentia,

199 512 240 543 45
260 500 386 534 tanta
408 497 449 532 in
472 495 669 532 iuuandis
692 496 889 533 omnibus
913 496 1160 542 benignitas.
1223 494 1346 531 Nunc
1370 495 1442 531 illa
1459 495 1652 532 coelestis
1674 494 1830 538 anima,

260 564 337 601 pro
359 551 471 588 bona
494 555 681 588 semente
703 563 831 600 quam
855 551 919 587 hie
943 550 1055 591 feeit,
1079 562 1256 586 messem
1275 549 1389 599 apud
1406 549 1622 587 Christum
1644 550 1831 598 opimam

262 606 398 643 metit.
459 605 548 653 Ego
562 606 731 642 interim
751 606 1010 642 semianimis
1026 605 1090 641 hic
1109 605 1273 649 haereo,
1290 605 1520 653 promissae
1537 604 1634 641 fidei
1651 603 1832 648 debitor,

262 673 403 709 quam,
436 661 516 697 nisi
547 673 612 697 me
643 660 757 697 fallit
786 661 941 697 mentis
975 660 1252 708 praesagium,
1288 660 1407 696 breui
1440 672 1532 696 sum
1565 658 1831 696 exoluturuS.

263 716 411 753 Pactio
452 714 586 752 videri
626 720 797 764 poterat
837 715 1066 759 comitatis,
1107 714 1178 751 sed
1220 727 1285 751 res
1320 714 1479 751 elamat
1515 714 1670 751 serium
1706 712 1835 750 fuisse

203 785 244 815 50
263 775 546 807 conuentum:
593 769 699 807 adeo
740 774 877 806 morte
913 769 1025 806 illius
1057 768 1270 818 collapsus
1310 773 1373 806 est
1409 770 1589 811 animus,
1626 780 1701 805 nec
1738 767 1835 804 vllis

264 825 557 862 auocamentis
579 825 681 872 erigi
703 829 868 874 potest:
896 823 967 861 sed
991 824 1082 873 ipso
1104 825 1233 860 etiam
1257 828 1460 872 tempore,
1484 823 1598 872 quod
1620 822 1834 861 acerbissi-

264 880 343 917 mis
358 879 577 917 doloribus
599 879 707 916 solet
724 879 894 924 mederi,
917 878 1074 915 vulnus
1097 878 1173 915 hoe
1196 879 1329 927 magis
1350 891 1398 914 ac
1416 879 1548 927 magis
1565 877 1836 915 incrudescit.

265 934 375 980 Quid
398 934 576 972 multis?
635 933 854 984 Appellari
876 947 941 970 me
963 934 1113 970 sentio.
1173 932 1385 970 Commori
1408 933 1574 970 iuuabit
1598 932 1662 969 hic
1681 933 1836 969 incom-

265 989 446 1039 parabili
466 994 509 1026 et
530 988 847 1038 irrecuperabili
869 992 1063 1038 patrono,
1088 988 1214 1025 modo
1236 1000 1309 1037 per
1330 986 1488 1024 Christi
1509 986 1839 1024 misericordiam

206 1060 246 1090 55
266 1044 349 1081 illic
372 1044 497 1082 liceat
519 1045 555 1081 ei
577 1044 816 1081 conuiuere.
869 1043 1139 1080 Praeclarum
1164 1042 1232 1079 ille
1255 1042 1370 1080 sidus
1392 1042 1472 1080 fuit
1495 1042 1705 1087 ecclesiae,
1728 1053 1840 1078 nuno

266 1099 526 1149 praeclarius
547 1099 723 1136 accessit
745 1098 884 1135 coelo:
913 1099 1077 1135 vtinam
1101 1097 1204 1134 mihi
1226 1098 1449 1147 contingat
1475 1097 1609 1135 veluti
1630 1097 1840 1134 minutam

267 1154 481 1191 stellulam
503 1154 733 1203 adiungere
755 1153 832 1190 soli
854 1165 959 1190 meo.

326 1209 442 1247 Haec
464 1209 815 1246 commemoratio
837 1220 922 1245 non
945 1220 1039 1244 meo
1061 1211 1233 1244 tantum
1262 1207 1399 1244 dolori
1427 1206 1529 1244 data
1558 1210 1634 1251 est,
1665 1205 1738 1244 sed
1766 1209 1842 1243 tua

269 1277 437 1315 quoque
458 1263 611 1301 referre
634 1263 821 1300 iudicaui
844 1262 1056 1301 Praesulis
1079 1263 1269 1299 omnium
1296 1261 1417 1299 facile
1445 1261 1732 1299 laudatissimi
1760 1273 1841 1297 me-

208 1328 250 1356 00
270 1320 449 1357 moriam
480 1318 690 1363 refricare,
731 1330 816 1367 quo
851 1317 1083 1354 studiosius
1117 1317 1171 1354 ad
1204 1318 1419 1366 geminum
1452 1316 1669 1366 exemplar
1701 1315 1844 1353 studia

270 1376 491 1422 vitamque
522 1377 642 1410 tuam
670 1385 914 1422 componas,
943 1377 1110 1422 patrem
1141 1376 1184 1409 et
1214 1376 1443 1421 paternum
1475 1372 1672 1408 amicum.
1732 1370 1844 1407 Bene

270 1429 376 1467 vale.

326 1484 488 1521 Datum
521 1482 636 1533 apud
670 1482 925 1532 Friburgum
962 1481 1175 1531 Brisgoae,
1209 1480 1381 1519 Calend.
1418 1480 1688 1526 Octobribus,
1721 1479 1846 1517 Anno

274 1549 482 1578 MDxxxn.

629 1751 759 1788 2727,
824 1747 962 1788 FROM
987 1745 1255 1787 GERMANcs
1279 1746 1494 1787 Bmxms.

325 1838 602 1884 Chrysostomi
622 1838 825 1872 Homiliae
845 1841 972 1882 (1533)
993 1849 1031 1882 p.
1057 1847 1112 1872 10.
1575 1835 1700 1870 Paris.

509 1893 513 1897 “
1459 1897 1473 1920 1
1496 1885 1672 1920 October
1695 1895 1800 1928 1532.

322 1957 369 1996 [A
386 1956 695 1996 complimentary
712 1954 822 1986 letter
840 1954 989 1995 printed
1006 1954 1043 1985 in
1061 1954 1154 1984 Diui
1172 1953 1327 1985 Ioannis
1344 1953 1589 1993 Chrysostomi
1607 1953 1646 1984 in
1663 1952 1851 1992 epistolam

278 2002 359 2032 diui
373 2000 483 2031 Pauli
497 2000 543 2030 ad
556 1999 737 2030 Romanos
750 1999 929 2029 Homiliae
941 2003 1012 2029 octo
1024 1998 1173 2037 priores,
1187 1997 1394 2028 translated
1408 1997 1457 2038 by
1469 1997 1674 2028 Germanus
1691 1996 1851 2031 Erimus,

278 2045 397 2081 Basle,
414 2044 461 2074 H.
478 2043 633 2079 Froben,
649 2043 723 2073 and
738 2043 815 2073 Nic.
831 2043 1063 2083 Episcopius,
1079 2042 1203 2072 Marc-h
1222 2051 1316 2080 1533.
1365 2041 1442 2072 The
1455 2041 1565 2072 letter
1576 2050 1650 2071 was
1664 2039 1853 2080 reprinted

279 2090 316 2120 in
333 2089 397 2120 the
414 2087 614 2118 Chevallon
631 2087 881 2127 Chrysostom,
904 2088 1000 2125 1536,
1018 2086 1089 2116 vol.
1111 2086 1157 2121 iv,
1178 2085 1220 2115 so·
1241 2085 1326 2123 2⁸’0.]

575 2173 816 2201 GERMANVS
839 2173 1019 2200 BRIXIVS
1043 2172 1217 2198 ERASMO
1239 2171 1554 2199 ROTERODAMO.

337 2235 450 2273 POST
470 2235 612 2272 varios
632 2237 707 2271 τοῦ
724 2233 923 2283 βασιλέως
948 2237 1019 2270 τοῦ
1047 2232 1244 2281 ἡμετέρου
1271 2232 1539 2278 maeandros,
1568 2243 1750 2281 quorum
1779 2242 1854 2280 ego

282 2290 441 2328 bonam
472 2293 640 2339 partem
671 2289 788 2338 sequi
819 2289 1015 2338 priuatae
1047 2287 1269 2324 cuiusdam
1300 2288 1359 2324 rei
1390 2299 1517 2324 eausa
1547 2291 1721 2324 coactus
1747 2297 1853 2330 sum,

283 2345 500 2383 Lutetiam
515 2356 645 2393 quum
657 2344 940 2388 reuertissem,
956 2342 1227 2380 commodum
1242 2341 1345 2379 mihi
1356 2341 1621 2391 praestofuit
1634 2340 1856 2390 Philippus

284 2400 516 2437 Montanus
532 2413 539 2444 ;
567 2411 699 2448 quum
721 2402 764 2436 et
786 2398 945 2447 alioqui
966 2397 1196 2447 cogitarem
1215 2396 1266 2434 de
1282 2396 1479 2434 adeundo
1497 2400 1573 2434 aut
1589 2400 1702 2433 certe
1719 2407 1854 2432 aecer-

247 2475 264 2504 5
285 2453 416 2491 sendo
441 2453 496 2491 ad
522 2466 588 2491 me
614 2453 796 2498 homine,
826 2457 978 2502 vtpote
1008 2452 1084 2489 abs
1112 2463 1197 2500 quo
1220 2451 1385 2489 edoceri
1413 2463 1584 2489 auerem
1609 2449 1658 2487 τὰ
1682 2448 1786 2487 κατὰ
1812 2447 1857 2485 σὲ

284 2508 426 2546 πάντα.
487 2508 523 2545 Α
545 2508 663 2545 1111110
685 2509 798 2545 enim
819 2507 903 2545 alio
924 2520 1000 2545 nec
1022 2507 1162 2544 verius
1183 2519 1258 2544 nec
1281 2506 1491 2556 copiosius
1512 2518 1578 2542 res
1595 2510 1695 2542 tuae
1713 2515 1857 2542 omnes

286 2564 528 2602 renunciari
550 2562 671 2600 nobis
692 2562 843 2600 solent.
904 2561 946 2599 Is
967 2561 1089 2600 nobis
1111 2573 1243 2610 quum
1265 2560 1424 2598 diceret
1445 2560 1627 2598 audiisse
1655 2572 1698 2596 se
1725 2557 1856 2607 Chry—

288 2619 463 2656 sostomi
478 2617 672 2655 homilias
689 2630 772 2662 eas,
790 2629 896 2666 quas
911 2618 994 2654 iam
1010 2616 1167 2653 latinas
1183 2615 1387 2660 fecissem,
1406 2616 1609 2653 maiorem
1626 2615 1669 2651 in
1684 2613 1859 2651 modum

288 2686 313 2710 a
340 2673 551 2710 Frobenio
582 2677 658 2710 tuo
682 2672 925 2716 desiderari,
948 2683 1146 2720 quererer
1166 2674 1312 2708 autem
1333 2682 1410 2720 ego
1435 2669 1550 2720 apud
1577 2681 1673 2707 eum
1699 2667 1857 2717 grauis-

231 2748 270 2769 10
290 2729 392 2765 sime
415 2727 466 2764 de
487 2739 535 2765 eo
557 2727 698 2764 codice
720 2739 846 2775 quem
868 2730 917 2764 tu
938 2726 993 2763 ad
1015 2738 1081 2763 me
1103 2725 1473 2774 corruptissimum
1502 2724 1709 2761 misisses:
1742 2721 1859 2765 mihi,

291 2783 324 2820 si
354 2783 537 2819 nominis
566 2782 647 2819 mei
677 2782 918 2831 integritati
945 2780 1163 2818 consulere
1193 2779 1359 2825 vellem,
1390 2778 1506 2817 haud
1536 2791 1635 2816 sane
1667 2777 1859 2815 commit-

577 2864 673 2894 2727.
700 2865 730 2895 8.
757 2863 908 2894 modum
925 2863 1162 2903 scripsimus:
1189 2861 1298 2893 modo
1317 2861 1442 2902 Chrys.
1461 2861 1566 2893 Hom.

665 2973 760 3003 2727.
787 2984 818 3013 4.
845 2973 1059 3012 Montanus]
1077 2972 1142 3004 See
1160 2972 1229 3012 Ep.
1250 2973 1334 3011 2065
1351 2970 1487 3003 introd.
