1966 3379
266 132 341 169 116
696 133 954 173 LETTERS
985 134 1056 174 OF
1087 135 1354 175 ERASMUS

1716 140 1838 188 [1532

264 249 336 286 per
358 241 499 274 totum
521 250 627 287 opus
649 240 766 276 miris
787 240 1129 286 emblematibus,
1153 241 1307 290 quibus
1330 242 1536 292 meipsum
1563 243 1836 288 accusabam,

263 292 405 328 omnia
442 292 567 341 plena
603 294 788 331 scurrilis
825 295 1046 333 cuiusdam
1084 296 1349 341 stoliditatis,
1387 309 1472 346 quo
1513 302 1684 346 peracto
1724 298 1836 347 fugit

264 346 544 395 Lugdunum:
586 353 627 385 et
661 349 865 386 simulans
896 363 937 387 se
970 363 1185 388 summum
1220 351 1385 389 Erasini
1418 353 1614 395 amicum,
1648 354 1837 402 repperit

205 419 242 448 15
265 406 506 450 patronum,
525 403 590 439 cui
610 416 707 440 mox
732 404 968 442 suffuratus
986 410 1200 442 trecentos
1218 411 1444 443 coronatos
1466 406 1587 455 fugit.
1606 411 1649 444 et
1674 408 1713 443 in
1737 407 1837 456 fuga

201 693 242 713 20
262 675 565 725 Anabaptista.

200 966 239 995 25
261 950 442 1000 ineptus,
465 956 507 988 et
535 952 752 1000 quondam
782 953 870 990 ludi
899 954 1100 1004 magister
1127 948 1318 1003 frigidus.

262 455 550 505 deprehensus
572 464 633 494 est
666 459 775 495 inter
803 459 969 508 aliquot
1000 460 1175 509 puellas,
1198 461 1454 510 suffigendus
1484 462 1523 498 in
1553 474 1732 506 crucem,
1758 463 1837 499 nisi

262 523 381 548 sacra
413 511 581 549 cuculla
614 512 824 550 vDominici
856 521 1069 552 seruasset
1099 528 1220 552 eum:
1261 517 1307 560 is,
1340 517 1528 565 inquam,
1562 515 1708 553 multis
1743 516 1837 553 aliis

262 565 433 613 flagitiis
467 579 514 603 ac
546 567 773 605 sceleribus
806 569 1051 618 designatis,
1084 570 1258 607 tandem
1293 572 1333 607 in
1368 584 1417 607 ea
1450 572 1626 608 ciuitate
1659 584 1837 608 excussa

261 620 425 657 cuculla
458 621 583 659 <locet
619 623 907 671 Euangelium.
943 625 1019 661 hoc
1050 629 1114 662 est
1148 638 1284 662 meras
1320 626 1559 663 seditiones.
1620 625 1739 662 Idem
1772 630 1837 663 est

626 678 723 714 Dux
748 680 871 727 petiit
896 683 943 715 vt
970 679 1183 717 hominem
1210 681 1421 718 eiicerent.
1485 680 1766 730 Responsum,
1794 694 1837 717 se

263 742 347 766 non
370 743 491 779 posse
517 745 658 769 carere
687 746 763 770 suo
784 733 1042 771 ecclesiasta.
1091 735 1146 772 Et
1169 736 1250 772 ista
1275 736 1406 785 pestis
1429 736 1560 785 serpit
1578 735 1725 773 indies.
1776 735 1836 772 Ac

262 786 486 823 minimum
503 786 656 832 abfuit,
672 789 774 836 quin
795 789 833 825 in
850 788 1048 837 Angliam
1067 790 1366 839 irrumperent,
1386 790 1462 827 hoe
1477 794 1543 827 est
1560 790 1835 839 tyrannidem

261 847 533 890 occuparent.

316 895 507 933 Basileae
529 897 569 934 in
593 897 733 935 locum
755 898 1072 948 Oecolampadii
1093 904 1344 941 surrogatus
1365 904 1429 937 est
1453 899 1687 948 Myconius,
1707 900 1834 937 homo

1378 955 1584 999 Demiror,
1612 955 1714 1004 quid
1744 968 1835 1004 spc-

261 1010 368 1047 rent,
392 1010 469 1043 aut
497 1007 599 1056 quid
622 1007 701 1044 sibi
723 1013 968 1057 proponant
997 1010 1290 1058 magistratus.
1352 1010 1442 1059 Ego
1470 1009 1575 1046 nihil
1599 1009 1734 1054 video,
1758 1010 1837 1046 nisi

260 1060 478 1097 funestum
500 1063 678 1100 exitum.
726 1063 964 1101 Moliuntur
981 1064 1255 1101 manifestam
1279 1065 1538 1109 anarehiam,
1558 1068 1605 1101 vt
1629 1064 1835 1114 improbis

261 1115 387 1152 liceat
409 1116 523 1164 quod
549 1117 665 1154 libet.

317 1170 534 1220 Principes
556 1172 730 1209 tandem
753 1177 959 1222 cogentur
980 1174 1184 1211 extremis
1203 1175 1264 1211 vti
1284 1174 1490 1212 remediis.
1548 1173 1649 1219 Scis,
1669 1175 1834 1224 opinor,

199 1241 240 1270 30
260 1225 426 1262 Morum
460 1239 601 1263 meum
633 1228 883 1276 impetrasse
914 1229 968 1266 ab
1002 1229 1310 1267 humanissimo
1343 1229 1470 1279 Rege,
1502 1233 1550 1266 vt
1580 1231 1835 1277 grauissimo

198 1515 237 1545 35

196 1791 238 1821 40

198 2065 238 2095 45

259 1279 508 1318 Cancellarii
550 1294 726 1319 munere
765 1288 1083 1322 exoneraretur.
1144 1284 1349 1322 Luterani
1392 1285 1557 1321 iactant
1592 1284 1712 1321 illum
1747 1286 1834 1322 iure

258 1335 513 1385 depositum,
532 1341 573 1374 et
598 1337 825 1375 suffectum
848 1338 909 1376 illi
931 1339 1145 1388 quendam
1168 1339 1367 1382 nobilem,
1387 1340 1459 1389 qui
1481 1340 1631 1376 statim
1654 1339 1836 1388 quadra-

259 1391 379 1439 ginta
412 1390 691 1441 Euangelicos
720 1392 913 1430 liberarit
941 1407 965 1431 a
994 1406 1172 1439 carcere,
1195 1407 1280 1443 quo
1309 1394 1453 1431 Morus
1480 1406 1550 1431 eos
1579 1393 1835 1432 detruserat.

259 1444 435 1483 Habent
457 1458 553 1483 suos
577 1447 829 1493 veredarios,
854 1461 927 1498 per
948 1462 1054 1498 quos
1077 1449 1182 1486 nihil
1206 1462 1290 1486 non
1311 1449 1554 1499 explorant.

314 1498 547 1549 Sperabam
587 1502 694 1547 illos,
728 1503 847 1540 clade
879 1504 1113 1542 Luceriana
1148 1505 1310 1548 doctos,
1344 1509 1621 1542 reuocaturos
1657 1517 1745 1542 sese
1781 1503 1835 1541 ad

259 1559 423 1592 statum
455 1555 639 1605 aliquem
672 1557 952 1596 tolerabilem.
1015 1558 1096 1597 Sed
1133 1559 1372 1596 moliuntur
1405 1559 1577 1596 duriora
1610 1559 1833 1608 prioribus

259 1609 451 1648 Basileae
483 1618 747 1650 renouarunt
780 1626 878 1651 suas
909 1615 1251 1651 constitutiones.
1315 1614 1486 1663 Negant
1515 1627 1557 1651 se
1586 1626 1832 1663 quenquam

258 1664 367 1703 velle
393 1678 551 1715 cogere,
575 1667 647 1704 sed
677 1669 711 1705 si
733 1669 827 1717 quis
855 1668 957 1706 alibi
986 1670 1197 1719 acceperit
1226 1669 1554 1714 Eucharistiam,
1578 1668 1837 1706 multabitur

257 1719 391 1766 libra;
424 1722 457 1758 si
487 1723 653 1767 iterum,
683 1723 876 1761 duabus:
911 1724 945 1760 si
973 1725 1114 1769 tertio,
1143 1729 1353 1773 quatuor:
1387 1725 1421 1761 si
1449 1729 1618 1773 quarto,
1647 1723 1835 1761 exilium.

258 1775 314 1812 Et
337 1775 414 1813 hoc
437 1788 521 1813 non
543 1782 608 1814 est
630 1790 789 1827 cogere.

314 1828 423 1875 Quid
447 1831 644 1870 Luscinio
672 1833 873 1871 acciderit
904 1834 1056 1878 nescio,
1081 1834 1154 1872 sed
1182 1847 1317 1883 nuper
1345 1833 1460 1884 apud
1489 1833 1765 1871 Cartusianos
1794 1834 1836 1870 in

258 1887 458 1924 conuiuio
489 1887 612 1931 dixit,
644 1887 873 1926 Erasmum
905 1902 994 1926 esse
1027 1889 1297 1928 nebulonem.
1330 1893 1373 1926 et
1404 1901 1551 1926 omnes
1582 1890 1654 1938 qui
1686 1888 1835 1938 legunt-

259 1941 390 1989 ipsius
413 1941 541 1978 libros
562 1941 651 1980 fieri
672 1943 918 1981 nebulones
980 1944 1219 1994 Instigatus
1247 1948 1325 1988 est,
1350 1948 1397 1980 vt
1427 1945 1591 1993 opinor,
1613 1956 1637 1980 a
1662 1943 1837 1992 Pelargo

260 1994 552 2041 Dominicano,
570 1998 642 2046 qui
665 1998 812 2035 multis
831 1998 1045 2036 benefieiis
1067 2012 1091 2036 a
1113 2012 1179 2036 me
1202 1998 1395 2043 affectus,
1413 2011 1546 2048 quum
1569 1999 1669 2036 dare
1691 1998 1837 2035 desiis-

259 2062 359 2093 sem,
378 2051 608 2100 degustato
630 2052 812 2090 hominis
835 2054 1012 2103 ingenio,
1033 2054 1220 2091 tentauit
1239 2066 1405 2091 meeum
1427 2067 1548 2103 agere
1572 2054 1835 2097 iniuriarum,

258 2105 373 2154 quod
409 2106 449 2143 in
485 2107 668 2156 epistola
703 2108 891 2157 quadam
929 2108 1197 2146 Floridarum
1238 2109 1290 2146 ad
1329 2108 1496 2146 Morum
1533 2110 1721 2145 inessent
1761 2108 1836 2144 hec

260 2160 414 2197 verba:
448 2161 575 2198 Hunc
604 2163 843 2200 tumultum
873 2163 995 2200 nobis
1024 2165 1271 2200 excitarunt
1299 2163 1384 2200 duo
1413 2163 1621 2203 monachi,
1652 2175 1834 2212 quorum

259 2214 370 2252 alter
391 2216 727 2254 concionabatur
749 2218 864 2267 apud
887 2231 1098 2256 summam
1127 2218 1362 2263 ecclesiam,
1384 2218 1494 2255 alter
1521 2218 1636 2268 apud
1659 2218 1836 2254 domini-

259 2282 399 2307 canos.
432 2271 487 2308 Et
503 2271 564 2308 illi
580 2272 754 2320 quidem
768 2273 982 2322 fugerunt,
999 2286 1074 2310 nos
1089 2279 1235 2310 autem
1251 2273 1365 2310 malo
1380 2273 1567 2317 ferimur,
1584 2277 1663 2310 ete.
1697 2272 1835 2318 Quum

198 2339 240 2368 50
261 2337 406 2362 omnes
424 2325 690 2364 deterrerent
712 2327 766 2365 ab
784 2327 959 2377 agendo,
978 2328 1159 2378 supplex
1177 2329 1303 2377 petiit
1320 2327 1646 2377 eleemosynam,
1665 2332 1706 2364 et
1725 2326 1838 2365 dedi.

306 2433 356 2463 14.
384 2425 519 2464 reperit
538 2424 578 2456 O.
746 2436 862 2464 19—20.
890 2427 995 2457 Idem
1012 2432 1066 2458 est
1088 2427 1340 2467 Anabaptista
1357 2427 1439 2457 add.
1459 2440 1478 2456 α
1498 2427 1534 2458 in
1554 2437 1683 2465 mary.:
1710 2437 1778 2456 om.
1797 2425 1836 2456 O.

262 2477 313 2497 20.
341 2468 576 2508 Responsum
595 2481 635 2500 a:
663 2470 953 2511 Responderunt
972 2471 1010 2502 O.
1178 2480 1229 2510 27.
1256 2469 1410 2510 ἀναρχίαν
1427 2471 1465 2501 0.
1626 2480 1677 2507 29.
1704 2470 1779 2500 Scis
1797 2482 1837 2500 a:

261 2511 329 2541 Sed
348 2511 386 2542 O.
516 2522 569 2551 31.
595 2514 673 2544 iure
691 2527 710 2543 a
727 2526 732 2544 :
760 2525 844 2545 vere
862 2515 900 2545 O.
1034 2524 1087 2554 33.
1115 2515 1285 2545 liberauit
1305 2515 1342 2545 Ο.
1473 2524 1526 2554 35.
1552 2515 1756 2545 Lutea-iana
1773 2513 1814 2544 Ο1
1831 2526 1836 2543 :

260 2555 461 2586 Lutetiana
478 2556 532 2587 Οἳ.
670 2559 723 2597 38.
751 2559 779 2588 si
797 2559 879 2589 add.
899 2559 936 2589 O.
1075 2568 1127 2598 39.
1155 2559 1262 2589 exilio
1281 2559 1319 2589 O.

309 2652 358 2681 15.
386 2645 600 2683 patronum]
640 2645 853 2677 Mentioned
892 2647 1013 2687 again,

261 2687 419 2717 without
445 2698 564 2725 name,
591 2689 627 2718 in
658 2689 755 2730 Epp.
785 2692 880 2729 1655.
910 2699 1013 2730 14—15

262 2731 396 2767 (where
421 2731 465 2761 he
491 2733 520 2762 is
552 2733 667 2763 called
694 2740 701 2747 ·
717 2734 1012 2774 protonotary’),

264 2776 358 2805 1686.
379 2784 431 2812 55,
453 2777 547 2815 1697.
566 2777 618 2807 So.

305 2828 357 2858 24.
384 2819 590 2858 Myconius]
603 2821 666 2851 See
680 2821 1013 2862 Epp.S(‘›1introd.‚

262 2865 358 2901 2613.
377 2865 474 2902 63-4.

306 2915 359 2945 32.
386 2907 561 2945 nobilem]
578 2907 632 2938 Sir
649 2909 809 2940 Thomas
827 2910 984 2950 Audley.

307 2959 358 2988 35.
386 2950 487 2981 clade
506 2951 721 2990 Luceriaua]
746 2953 823 2983 The
842 2954 960 2984 battle
978 2954 1015 2984 of

262 2994 411 3034 Kappel
429 3005 545 3025 seems
563 2996 752 3031 intended,
777 2998 919 3038 though
940 2998 1014 3028 this

1084 2647 1112 2676 is
1130 2656 1176 2676 an
1194 2646 1267 2676 odd
1281 2646 1512 2687 designation
1528 2646 1565 2676 of
1583 2647 1610 2676 it
1625 2645 1743 2676 which
1759 2655 1837 2686 per-

1083 2690 1216 2730 plexed
1234 2690 1384 2720 Merula.

1127 2744 1179 2773 37.
1206 2734 1508 2772 constitutiones]
1546 2733 1611 2764 See
1647 2733 1717 2773 Ep.
1752 2741 1837 2770 2519

1084 2778 1218 2808 introd.

1128 2832 1181 2861 41.
1209 2822 1393 2860 Luscinio]
1408 2822 1441 2852 If
1453 2820 1579 2852 hehad
1592 2821 1683 2851 been
1696 2819 1838 2860 primed

1084 2866 1133 2906 by
1147 2866 1332 2905 Pelargus.
1348 2866 1392 2896 he
1406 2865 1479 2895 had
1494 2864 1731 2906 presumably
1745 2865 1836 2895 been

1084 2910 1119 2939 in
1140 2910 1317 2949 Freiburg
1333 2910 1439 2949 again
1459 2910 1495 2939 in
1513 2908 1723 2949 Sept.-Oct.

1128 2963 1181 2993 43.
1208 2953 1375 2992 Pelargo]
1394 2953 1458 2984 See
1477 2953 1573 2992 Epp.
1593 2961 1733 2991 2721—5.

1127 3006 1180 3036 49.
1208 2997 1304 3028 malo
1322 2997 1487 3034 ferimur]
1504 2996 1558 3027 Cf.
1579 2996 1647 3036 Ep.
1668 3005 1763 3035 2721.
1787 3004 1836 3034 17.
