1966 3379
465 105 583 144 THE
614 103 913 144 DONATION
944 103 1016 142 TO
1046 103 1367 142 GOCLENIUS
1622 105 1698 142 421

131 222 240 259 quae
259 240 265 246 .
284 241 290 247 .
309 240 315 246 .
335 209 505 247 mittere
520 221 605 246 non
622 208 928 253 dubitauimus‚
947 208 1010 245 vti
1026 220 1078 245 ex
1095 207 1375 257 epistolarum
1389 212 1432 245 et
1446 208 1625 245 aliorum
1644 240 1650 246 .
1669 240 1675 246 .
1694 240 1700 246 .

130 264 210 302 tibi
230 264 285 301 ab
306 263 537 301 Academia
558 263 801 300 Louanensi
822 263 865 300 in
887 263 976 299 iure
997 262 1171 300 edendis
1192 262 1315 299 facile
1337 262 1640 311 deprehendas.

186 318 352 367 Itaque,
384 319 449 355 vir
483 317 654 362 clariss„
686 330 781 355 curn
817 317 1022 354 Erasmus
1056 317 1201 354 omnia
1236 317 1348 353 bona
1382 329 1459 354 sua
1493 318 1703 366 exemptis
1722 330 1763 360 40

130 373 279 422 legatis
309 373 352 410 in
383 385 483 410 vsus
514 385 752 422 pauperum
782 384 876 409 meo
910 371 1089 409 arbitrio
1119 371 1317 408 distribui
1348 371 1544 415 voluerit,
1575 375 1618 408 et
1649 371 1703 408 ad

131 427 402 465 voluntatem
433 427 653 464 testatoris
680 430 888 475 tanquam
920 438 1095 475 scopum
1123 425 1444 463 colloccandum
1472 438 1560 463 esse
1588 426 1701 462 vide-

129 486 240 526 atur,
264 482 476 526 conuenit,
498 482 660 530 opinor,
683 485 732 518 vt
753 493 803 517 ex
826 480 978 518 studiis
1003 484 1254 529 comparata
1275 481 1317 517 in
1340 480 1553 517 studiosos
1574 493 1702 529 quam

130 537 314 574 maxime
357 535 728 583 collocare<n>tur.
789 535 897 572 Dein
942 534 1115 572 videtur
1158 534 1262 572 mihi
1301 534 1445 572 heredi
1485 535 1539 572 ab
1581 535 1703 572 officii

131 591 348 640 relligione
369 591 540 627 minime
562 589 855 627 recedendum.
1723 602 1764 632 45

186 645 300 683 Bene
322 645 428 689 vale,
452 645 516 681 vir
537 644 692 682 clariss.
753 654 834 681 1111.
860 643 970 682 Non.
997 643 1219 682 Decembr.
1248 643 1374 681 Anno
1402 654 1476 680 MD
1492 654 1701 681 xxxvnn.

131 699 334 738 Basileae.
394 699 457 736 Ne
487 698 590 748 quid
619 699 663 736 in
692 711 760 736 me
795 698 1018 743 desideres,
1050 699 1116 736 vir
1146 698 1318 743 clariss,
1350 699 1540 736 omnium
1571 699 1702 735 moni-

130 759 371 792 mentorum
393 754 673 791 intentionem
690 757 865 790 tuorum
882 753 1100 790 clientium
1118 753 1423 803 depellentium
1445 754 1703 790 exarmanti-

130 821 287 858 umque
330 808 527 858 exempla
570 820 595 845 a
638 807 868 845 tabellione
912 807 1084 858 publico
1128 808 1183 845 ad
1227 808 1498 857 autographa
1541 820 1618 857 pro
1662 812 1704 845 te

129 864 344 913 recognita
373 863 558 907 mittam,
590 863 681 912 pari
711 862 894 900 candore
924 863 1141 909 missurus
1170 863 1203 900 si
1233 875 1343 912 quae
1373 875 1502 912 penes
1532 875 1598 899 me
1629 874 1704 912 pro
1725 875 1766 904 50

129 918 278 955 iisdem
310 918 394 955 tuis
424 917 651 954 clientibus
681 917 882 954 facientia
912 921 1125 955 extarent.
1184 917 1388 955 Erasmus
1418 916 1609 961 Schetus,
1641 918 1705 953 vir

129 973 319 1009 omnium
350 972 657 1021 integerrimUS‚
687 972 743 1009 sic
775 985 817 1009 se
847 973 977 1021 gessit
1006 976 1056 1010 vt
1086 985 1228 1009 secum
1260 973 1301 1009 in
1332 972 1521 1009 tenebris
1551 973 1706 1009 micare

130 1039 215 1064 non
230 1026 436 1064 dubitem.
495 1025 623 1064 Cuius
639 1027 797 1076 negotii
813 1027 983 1064 nomine
1001 1025 1250 1064 Goclenium
1263 1039 1359 1064 cum
1377 1028 1463 1064 suis
1481 1026 1705 1064 heredibus

129 1081 308 1119 liberum
330 1082 574 1131 pronuncio.
635 1081 912 1130 Imaginibus,
929 1081 1170 1119 eruditione
1186 1094 1235 1119 ac
1252 1081 1486 1119 honoribus
1507 1082 1703 1118 ornatiss.

130 1136 304 1174 domino
325 1135 477 1173 Ioanni
499 1135 704 1173 Vlatteno
725 1136 776 1173 de
798 1136 969 1174 meliore
990 1141 1096 1174 nota
1115 1136 1404 1174 commendari
1425 1137 1562 1186 cupio.
1726 1147 1765 1177 55

185 1191 310 1228 Hesit
331 1190 397 1228 hic
420 1190 611 1228 triduum
633 1190 884 1228 tabellarius
905 1195 1007 1228 tuus
1029 1191 1083 1228 ob
1105 1191 1328 1229 innumera
1349 1192 1533 1240 negocia,
1552 1190 1706 1240 quibus

129 1258 241 1283 nunc
272 1246 475 1295 temporis
507 1246 736 1295 opprimor.
796 1245 860 1283 Ne
891 1250 1035 1283 autem
1066 1246 1188 1284 vobis
1223 1259 1317 1283 mea
1352 1259 1471 1283 mora
1501 1245 1707 1283 damnosa

129 1301 196 1345 sit,
228 1299 429 1349 quicquid
464 1300 579 1350 apud
615 1313 851 1350 cauponem
882 1301 1123 1350 insumpsit,
1155 1301 1207 1338 de
1238 1314 1331 1338 meo
1362 1300 1482 1338 solui.
1543 1300 1705 1338 Iterum

130 1355 224 1392 vale
245 1359 289 1392 et
311 1354 641 1392 Amerbachium
663 1356 772 1393 inter
794 1359 892 1393 tuos
913 1368 1103 1393 numera.

353 1516 478 1556 All.
543 1515 735 1556 LETTER
768 1526 825 1556 OF
858 1514 1057 1556 CONRAD
1092 1515 1389 1557 HERESBACH
1423 1528 1481 1556 'ro

635 1575 879 1616 BONIFACE
914 1576 1200 1617 AMERBACH.

180 1659 300 1694 Basle
320 1660 402 1694 MS.
423 1660 464 1694 C.
486 1660 576 1694 Via.
599 1669 658 1703 71.
683 1671 764 1703 113.
1211 1664 1254 1702 <6
1273 1661 1506 1695 November
1530 1668 1657 1704 1539>

186 1737 390 1775 AMPLISS.
432 1738 524 1775 viro
570 1737 620 1775 D.
669 1737 892 1775 Bonifacio
936 1737 1235 1784 Amorbachio,
1278 1738 1358 1777 LL.
1401 1740 1443 1776 in
1477 1739 1707 1777 Academia

131 1791 356 1829 Basiliensi
395 1792 622 1842 professori
658 1793 842 1842 publico,
881 1792 1017 1831 sodali
1052 1793 1153 1831 olim
1190 1795 1384 1839 suauiss.‚
1421 1807 1533 1831 nunc
1570 1795 1707 1832 amico

130 1851 373 1884 reuerenter
394 1847 677 1885 obseruando.

186 1900 224 1939 S.
249 1901 299 1939 D.
342 1901 435 1938 Etsi
462 1902 544 1938 iam
567 1902 639 1939 diu
662 1902 781 1939 nulla
802 1902 914 1940 inter
936 1915 1012 1940 nos
1034 1903 1301 1941 consuetudo
1322 1904 1577 1949 intercessit,
1600 1904 1707 1941 adeo

131 1959 180 1993 vt
205 1956 341 1993 nostri
368 1956 483 2006 apud
511 1960 553 1994 te
582 1957 848 2007 iampridem,
881 1957 1078 2003 arbitror,
1108 1957 1269 1996 obliuio
1302 1959 1529 2008 irrepserit,
1558 1963 1704 1997 tamen
1726 1971 1743 2000 5

130 2010 267 2048 fretus
289 2011 423 2048 veteri
444 2010 737 2049 familiaritate
759 2024 845 2049 non
863 2013 1025 2050 veritus
1041 2025 1135 2050 sum
1153 2012 1333 2050 eandem
1356 2013 1553 2051 refricare
1575 2018 1705 2063 atque

130 2066 314 2102 amic'um
337 2066 462 2103 amici
483 2078 611 2103 causa
632 2066 898 2116 compellare.
960 2067 1059 2117 Egit
1084 2080 1251 2105 mecum
1279 2067 1460 2105 Ioannes
1481 2068 1703 2113 Astenaus,

131 2119 259 2157 homo
280 2124 324 2157 et
344 2120 538 2158 eruditus
559 2125 603 2158 et
624 2121 739 2170 apud
761 2125 931 2159 nostros
947 2123 1171 2171 gratiosus.
1215 2122 1409 2168 Quicum
1432 2123 1511 2160 tibi
1532 2124 1705 2172 ignotus

131 2175 258 2212 sciret
289 2187 356 2211 me
387 2174 580 2213 Basileae
608 2176 708 2213 olim
742 2180 819 2213 tua
846 2177 1156 2214 consuetudine
1182 2190 1318 2221 vsum,
1342 2190 1427 2215 non
1448 2177 1617 2215 destitit
1639 2191 1704 2215 me

130 2229 363 2274 obsecrare,
383 2233 431 2266 vt
452 2230 646 2279 ignotum
669 2244 711 2268 se
734 2231 813 2268 tibi
834 2231 1191 2270 commendarem.
1244 2232 1293 2269 Id
1316 2232 1430 2281 quod
1452 2238 1500 2270 vt
1522 2232 1703 2270 facerem
1728 2246 1766 2266 10

131 2283 346 2329 libentius,
372 2288 415 2321 et
443 2297 594 2322 causae
626 2286 736 2322 ratio
766 2290 810 2323 et
840 2290 1063 2335 perspecta
1094 2290 1169 2324 tua
1200 2287 1447 2324 humanitas
1478 2288 1702 2337 persuasit.

131 2337 242 2375 Nam
260 2350 355 2375 cum
378 2339 411 2375 is
433 2337 629 2377 Conrado
651 2339 850 2378 Goclenio
871 2341 913 2377 in
935 2340 1133 2378 humanis
1149 2341 1288 2379 adhuc
1306 2343 1526 2391 superstiti
1542 2343 1704 2379 amicus

132 2397 175 2429 et
196 2397 500 2430 conterraneus
521 2403 644 2439 esset,
668 2394 861 2432 defuncti
886 2395 1153 2441 haeredibus,
1176 2396 1420 2433 hominibus
1443 2397 1704 2446 simplicibus

130 2451 174 2484 et
195 2447 429 2496 egentibus,
452 2449 714 2497 patrocinari
735 2450 865 2499 cupit,
885 2463 936 2487 ne
958 2450 1079 2487 bonis
1101 2451 1225 2488 simul
1243 2464 1338 2488 cum
1357 2451 1488 2488 fratre
1506 2451 1701 2488 frauden-

132 2505 215 2539 tur.
276 2501 467 2539 Primum
493 2504 618 2549 enim,
642 2508 691 2541 vt
716 2504 856 2549 audio,
884 2504 1007 2542 fiscus
1036 2505 1099 2542 his
1128 2505 1322 2543 inhiauit.
1384 2506 1476 2551 Quo
1507 2519 1580 2555 per
1611 2519 1701 2542 sen·
1727 2517 1764 2546 15

132 2557 312 2593 tentiam
338 2556 510 2594 excluso
535 2559 577 2595 in
604 2558 751 2596 eadem
783 2559 894 2596 bona
925 2560 1142 2609 sophistae
1172 2560 1470 2605 Louanicnses,
1501 2561 1703 2610 harpyiae

131 2611 223 2660 ipso
254 2611 384 2648 etiam
421 2611 520 2649 fisco
552 2614 803 2662 rapaciores,
837 2626 987 2651 manus
1023 2615 1189 2652 iniicere
1222 2620 1448 2656 conantur,
1480 2616 1704 2664 presertim

131 2665 396 2703 authoritate
432 2666 618 2714 quadam
653 2681 677 2704 a
714 2672 767 2713 te,
805 2672 854 2705 vt
893 2669 1034 2713 audio,
1071 2673 1260 2719 accepta,
1298 2671 1463 2707 ratione
1499 2671 1703 2718 pecuniae

131 2719 351 2757 cuiusdam
370 2720 424 2757 ab
442 2721 620 2759 Erasmo
636 2722 750 2771 apud
767 2721 1016 2760 Goclcnium
1034 2724 1254 2773 depositae
1271 2730 1401 2772 atque
1425 2725 1465 2760 in
1491 2725 1579 2773 pios
1602 2737 1703 2761 vsns

131 2774 603 2823 dispcnsan<lae,quan1
632 2781 724 2813 tum
754 2776 956 2814 Goelenio
987 2778 1040 2815 ab
1072 2779 1250 2815 Erasino
1281 2779 1468 2825 legitime
1496 2779 1700 2816 donatam
1725 2790 1764 2810 ιο

131 2830 425 2877 patrocinator
465 2829 696 2868 haeredum
732 2832 957 2869 contendit
996 2846 1039 2869 sc
1080 2833 1242 2870 idoneis
1283 2833 1550 2870 documentis
1590 2846 1700 2870 eoni-

132 2882 427 2932 probaturum.
500 2884 589 2921 Iam
632 2898 732 2923 vero
778 2887 866 2923 siue
914 2888 1005 2936 ipsa
1055 2889 1234 2936 pecunia
1273 2887 1326 2924 ab
1370 2888 1547 2924 Erasmo
1587 2888 1700 2936 apud

131 2936 379 2975 Goclenium
410 2939 450 2975 in
481 2939 571 2988 pios
600 2952 701 2977 vsus
729 2940 972 2990 elargienda
997 2941 1193 2992 deposita
1216 2943 1266 2979 sit
1293 2943 1380 2979 siue
1403 2943 1480 2991 ipsi
1502 2942 1702 2979 Goclenio
