<?xml version="1.0" encoding="UTF-8"?>
<!DOCTYPE html PUBLIC "-//W3C//DTD XHTML 1.0 Transitional//EN"
    "http://www.w3.org/TR/xhtml1/DTD/xhtml1-transitional.dtd">
<html xmlns="http://www.w3.org/1999/xhtml" xml:lang="en" lang="en">
 <head>
  <title>
</title>
<meta http-equiv="Content-Type" content="text/html;charset=utf-8" />
  <meta name='ocr-system' content='tesseract 3.04.00' />
  <meta name='ocr-capabilities' content='ocr_page ocr_carea ocr_par ocr_line ocrx_word'/>
</head>
<body>
  <div class='ocr_page' id='page_1' title='image "./opusepistolarum10eras_0331.png"; bbox 0 0 1966 3379; ppageno 0'>
   <div class='ocr_carea' id='block_1_1' title="bbox 150 109 1707 159">
    <p class='ocr_par' dir='ltr' id='par_1_1' title="bbox 150 109 1707 159">
     <span class='ocr_line' id='line_1_1' title="bbox 150 109 1707 159; baseline 0.001 -11"><span class='ocrx_word' id='word_1_1' title='bbox 150 110 270 159; x_wconf 82' lang='lat'>2862]</span> <span class='ocrx_word' id='word_1_2' title='bbox 648 109 806 148; x_wconf 85' lang='lat' dir='ltr'><strong>FROM</strong></span> <span class='ocrx_word' id='word_1_3' title='bbox 835 109 987 148; x_wconf 81' lang='lat' dir='ltr'>JOHN</span> <span class='ocrx_word' id='word_1_4' title='bbox 1018 109 1205 149; x_wconf 86' lang='lat' dir='ltr'>LASKY</span> <span class='ocrx_word' id='word_1_5' title='bbox 1630 113 1707 149; x_wconf 83' lang='lat'>295</span> 
     </span>
    </p>
   </div>
   <div class='ocr_carea' id='block_1_2' title="bbox 145 213 1782 2774">
    <p class='ocr_par' dir='ltr' id='par_1_2' title="bbox 146 213 1775 917">
     <span class='ocr_line' id='line_1_2' title="bbox 148 213 1707 263; baseline 0.001 -11"><span class='ocrx_word' id='word_1_6' title='bbox 148 215 335 260; x_wconf 85' lang='lat' dir='ltr'>Erasme,</span> <span class='ocrx_word' id='word_1_7' title='bbox 353 214 467 263; x_wconf 91' lang='lat' dir='ltr'>quod</span> <span class='ocrx_word' id='word_1_8' title='bbox 485 214 539 252; x_wconf 90' lang='lat' dir='ltr'>ad</span> <span class='ocrx_word' id='word_1_9' title='bbox 556 214 761 251; x_wconf 85' lang='lat' dir='ltr'>ducentos</span> <span class='ocrx_word' id='word_1_10' title='bbox 778 213 870 252; x_wconf 90' lang='lat' dir='ltr'>illos</span> <span class='ocrx_word' id='word_1_11' title='bbox 892 214 1070 252; x_wconf 89' lang='lat' dir='ltr'>florenos</span> <span class='ocrx_word' id='word_1_12' title='bbox 1087 214 1265 260; x_wconf 83' lang='lat' dir='ltr'>adtinet,</span> <span class='ocrx_word' id='word_1_13' title='bbox 1283 214 1325 252; x_wconf 89' lang='lat' dir='ltr'>id</span> <span class='ocrx_word' id='word_1_14' title='bbox 1341 219 1433 252; x_wconf 88' lang='lat' dir='ltr'>esto</span> <span class='ocrx_word' id='word_1_15' title='bbox 1450 216 1513 252; x_wconf 89' lang='lat' dir='ltr'>tui</span> <span class='ocrx_word' id='word_1_16' title='bbox 1531 215 1707 261; x_wconf 87' lang='lat' dir='ltr'>arbitrii,</span> 
     </span>
     <span class='ocr_line' id='line_1_3' title="bbox 148 268 1709 318; baseline 0.001 -12"><span class='ocrx_word' id='word_1_17' title='bbox 148 274 196 307; x_wconf 83' lang='lat' dir='ltr'>vt</span> <span class='ocrx_word' id='word_1_18' title='bbox 218 281 470 318; x_wconf 89' lang='lat' dir='ltr'>quoeunque</span> <span class='ocrx_word' id='word_1_19' title='bbox 492 268 595 306; x_wconf 82' lang='lat' dir='ltr'>velis</span> <span class='ocrx_word' id='word_1_20' title='bbox 616 269 784 306; x_wconf 90' lang='lat' dir='ltr'>nomine</span> <span class='ocrx_word' id='word_1_21' title='bbox 805 277 874 306; x_wconf 85' lang='lat' dir='ltr'>eos</span> <span class='ocrx_word' id='word_1_22' title='bbox 896 268 1063 306; x_wconf 82' lang='lat' dir='ltr'>habeas.</span> <span class='ocrx_word' id='word_1_23' title='bbox 1124 269 1174 306; x_wconf 90' lang='lat' dir='ltr'>Id</span> <span class='ocrx_word' id='word_1_24' title='bbox 1191 272 1363 306; x_wconf 88' lang='lat' dir='ltr'>tantum</span> <span class='ocrx_word' id='word_1_25' title='bbox 1381 273 1422 306; x_wconf 90' lang='lat' dir='ltr'>te</span> <span class='ocrx_word' id='word_1_26' title='bbox 1439 282 1550 318; x_wconf 88' lang='lat' dir='ltr'>rogo,</span> <span class='ocrx_word' id='word_1_27' title='bbox 1573 274 1622 307; x_wconf 82' lang='lat' dir='ltr'>vt</span> <span class='ocrx_word' id='word_1_28' title='bbox 1638 282 1709 307; x_wconf 90' lang='lat' dir='ltr'>eos</span> 
     </span>
     <span class='ocr_line' id='line_1_4' title="bbox 147 323 1770 373; baseline 0.002 -13"><span class='ocrx_word' id='word_1_29' title='bbox 147 328 269 373; x_wconf 89' lang='lat' dir='ltr'>grato</span> <span class='ocrx_word' id='word_1_30' title='bbox 303 324 444 361; x_wconf 87' lang='lat' dir='ltr'>animo</span> <span class='ocrx_word' id='word_1_31' title='bbox 475 336 500 360; x_wconf 89' lang='lat' dir='ltr'>a</span> <span class='ocrx_word' id='word_1_32' title='bbox 534 336 599 361; x_wconf 92' lang='lat' dir='ltr'>me</span> <span class='ocrx_word' id='word_1_33' title='bbox 633 323 826 372; x_wconf 83' lang='lat' dir='ltr'>accipias,</span> <span class='ocrx_word' id='word_1_34' title='bbox 859 323 1021 371; x_wconf 89' lang='lat' dir='ltr'>tibique</span> <span class='ocrx_word' id='word_1_35' title='bbox 1053 327 1169 360; x_wconf 89' lang='lat' dir='ltr'>certo</span> <span class='ocrx_word' id='word_1_36' title='bbox 1201 323 1455 372; x_wconf 76' lang='lat' dir='ltr'>persuadeas</span> <span class='ocrx_word' id='word_1_37' title='bbox 1486 323 1589 361; x_wconf 84' lang='lat' dir='ltr'>nihil</span> <span class='ocrx_word' id='word_1_38' title='bbox 1621 336 1709 361; x_wconf 88' lang='lat' dir='ltr'>esse</span> <span class='ocrx_word' id='word_1_39' title='bbox 1729 335 1770 364; x_wconf 84' lang='lat'>50</span> 
     </span>
     <span class='ocr_line' id='line_1_5' title="bbox 147 377 1710 427; baseline 0.001 -13"><span class='ocrx_word' id='word_1_40' title='bbox 147 378 320 415; x_wconf 87' lang='lat' dir='ltr'>omnino</span> <span class='ocrx_word' id='word_1_41' title='bbox 341 377 453 427; x_wconf 90' lang='lat' dir='ltr'>apud</span> <span class='ocrx_word' id='word_1_42' title='bbox 476 390 541 415; x_wconf 91' lang='lat' dir='ltr'>me</span> <span class='ocrx_word' id='word_1_43' title='bbox 562 377 676 426; x_wconf 91' lang='lat' dir='ltr'>quod</span> <span class='ocrx_word' id='word_1_44' title='bbox 697 377 776 414; x_wconf 88' lang='lat' dir='ltr'>tibi</span> <span class='ocrx_word' id='word_1_45' title='bbox 796 389 960 414; x_wconf 89' lang='lat' dir='ltr'>mecum</span> <span class='ocrx_word' id='word_1_46' title='bbox 982 389 1203 414; x_wconf 85' lang='lat' dir='ltr'>commune</span> <span class='ocrx_word' id='word_1_47' title='bbox 1224 390 1312 414; x_wconf 90' lang='lat' dir='ltr'>esse</span> <span class='ocrx_word' id='word_1_48' title='bbox 1332 390 1416 415; x_wconf 91' lang='lat' dir='ltr'>non</span> <span class='ocrx_word' id='word_1_49' title='bbox 1438 378 1710 416; x_wconf 84' lang='lat' dir='ltr'>vehementer</span> 
     </span>
     <span class='ocr_line' id='line_1_6' title="bbox 148 431 1710 481; baseline 0.001 -12"><span class='ocrx_word' id='word_1_50' title='bbox 148 432 287 477; x_wconf 88' lang='lat' dir='ltr'>velim,</span> <span class='ocrx_word' id='word_1_51' title='bbox 310 444 460 481; x_wconf 91' lang='lat' dir='ltr'>meque</span> <span class='ocrx_word' id='word_1_52' title='bbox 482 431 586 469; x_wconf 90' lang='lat' dir='ltr'>nihil</span> <span class='ocrx_word' id='word_1_53' title='bbox 610 431 726 469; x_wconf 84' lang='lat' dir='ltr'>aliud</span> <span class='ocrx_word' id='word_1_54' title='bbox 751 431 827 469; x_wconf 87' lang='lat' dir='ltr'>abs</span> <span class='ocrx_word' id='word_1_55' title='bbox 853 434 895 468; x_wconf 86' lang='lat' dir='ltr'>te</span> <span class='ocrx_word' id='word_1_56' title='bbox 919 444 1070 481; x_wconf 89' lang='lat' dir='ltr'>cupere</span> <span class='ocrx_word' id='word_1_57' title='bbox 1095 444 1223 480; x_wconf 91' lang='lat' dir='ltr'>quam</span> <span class='ocrx_word' id='word_1_58' title='bbox 1252 435 1300 469; x_wconf 83' lang='lat' dir='ltr'>vt</span> <span class='ocrx_word' id='word_1_59' title='bbox 1328 445 1394 469; x_wconf 89' lang='lat' dir='ltr'>me</span> <span class='ocrx_word' id='word_1_60' title='bbox 1418 432 1543 470; x_wconf 88' lang='lat' dir='ltr'>solito</span> <span class='ocrx_word' id='word_1_61' title='bbox 1568 445 1710 470; x_wconf 89' lang='lat' dir='ltr'>amore</span> 
     </span>
     <span class='ocr_line' id='line_1_7' title="bbox 147 485 1710 536; baseline 0 -12"><span class='ocrx_word' id='word_1_62' title='bbox 147 487 344 536; x_wconf 82' lang='lat' dir='ltr'>prosequi</span> <span class='ocrx_word' id='word_1_63' title='bbox 374 499 626 536; x_wconf 85' lang='lat' dir='ltr'>perseueres.</span> <span class='ocrx_word' id='word_1_64' title='bbox 686 485 814 523; x_wconf 91' lang='lat' dir='ltr'>Michi</span> <span class='ocrx_word' id='word_1_65' title='bbox 839 486 948 523; x_wconf 90' lang='lat' dir='ltr'>enim</span> <span class='ocrx_word' id='word_1_66' title='bbox 977 486 1079 523; x_wconf 83' lang='lat' dir='ltr'>satis</span> <span class='ocrx_word' id='word_1_67' title='bbox 1106 490 1172 523; x_wconf 89' lang='lat' dir='ltr'>est</span> <span class='ocrx_word' id='word_1_68' title='bbox 1200 490 1250 523; x_wconf 88' lang='lat' dir='ltr'>vt</span> <span class='ocrx_word' id='word_1_69' title='bbox 1273 490 1321 523; x_wconf 86' lang='lat' dir='ltr'>tu</span> <span class='ocrx_word' id='word_1_70' title='bbox 1351 486 1464 524; x_wconf 86' lang='lat' dir='ltr'>solus</span> <span class='ocrx_word' id='word_1_71' title='bbox 1492 487 1598 524; x_wconf 86' lang='lat' dir='ltr'>scias</span> <span class='ocrx_word' id='word_1_72' title='bbox 1626 499 1710 536; x_wconf 90' lang='lat' dir='ltr'>quo</span> 
     </span>
     <span class='ocr_line' id='line_1_8' title="bbox 148 541 1712 590; baseline 0 -12"><span class='ocrx_word' id='word_1_73' title='bbox 148 542 225 578; x_wconf 90' lang='lat' dir='ltr'>sim</span> <span class='ocrx_word' id='word_1_74' title='bbox 254 553 351 590; x_wconf 86' lang='lat' dir='ltr'>erga</span> <span class='ocrx_word' id='word_1_75' title='bbox 375 544 419 578; x_wconf 88' lang='lat' dir='ltr'>te</span> <span class='ocrx_word' id='word_1_76' title='bbox 442 553 519 589; x_wconf 86' lang='lat' dir='ltr'>ego</span> <span class='ocrx_word' id='word_1_77' title='bbox 546 541 710 586; x_wconf 80' lang='lat' dir='ltr'>anim03</span> <span class='ocrx_word' id='word_1_78' title='bbox 742 541 809 577; x_wconf 83' lang='lat' dir='ltr'>cui</span> <span class='ocrx_word' id='word_1_79' title='bbox 835 544 884 577; x_wconf 84' lang='lat' dir='ltr'>tu</span> <span class='ocrx_word' id='word_1_80' title='bbox 912 552 1131 589; x_wconf 88' lang='lat' dir='ltr'>nunquam</span> <span class='ocrx_word' id='word_1_81' title='bbox 1159 553 1244 578; x_wconf 91' lang='lat' dir='ltr'>non</span> <span class='ocrx_word' id='word_1_82' title='bbox 1271 541 1405 590; x_wconf 87' lang='lat' dir='ltr'>possis</span> <span class='ocrx_word' id='word_1_83' title='bbox 1431 541 1521 578; x_wconf 91' lang='lat' dir='ltr'>iure</span> <span class='ocrx_word' id='word_1_84' title='bbox 1549 542 1712 590; x_wconf 89' lang='lat' dir='ltr'>optimo</span> 
     </span>
     <span class='ocr_line' id='line_1_9' title="bbox 147 595 1771 644; baseline 0 -12"><span class='ocrx_word' id='word_1_85' title='bbox 147 596 352 644; x_wconf 89' lang='lat' dir='ltr'>imperare</span> <span class='ocrx_word' id='word_1_86' title='bbox 373 596 526 633; x_wconf 86' lang='lat' dir='ltr'>onmia.</span> <span class='ocrx_word' id='word_1_87' title='bbox 587 595 649 632; x_wconf 88' lang='lat' dir='ltr'>De</span> <span class='ocrx_word' id='word_1_88' title='bbox 670 598 892 632; x_wconf 86' lang='lat' dir='ltr'>contractu</span> <span class='ocrx_word' id='word_1_89' title='bbox 915 598 957 631; x_wconf 89' lang='lat' dir='ltr'>te</span> <span class='ocrx_word' id='word_1_90' title='bbox 979 607 1079 644; x_wconf 88' lang='lat' dir='ltr'>rogo</span> <span class='ocrx_word' id='word_1_91' title='bbox 1100 607 1152 632; x_wconf 90' lang='lat' dir='ltr'>ne</span> <span class='ocrx_word' id='word_1_92' title='bbox 1168 599 1308 632; x_wconf 87' lang='lat' dir='ltr'>mutes</span> <span class='ocrx_word' id='word_1_93' title='bbox 1325 596 1598 641; x_wconf 79' lang='lat' dir='ltr'>sentenciam,</span> <span class='ocrx_word' id='word_1_94' title='bbox 1613 608 1710 633; x_wconf 87' lang='lat' dir='ltr'>nam</span> <span class='ocrx_word' id='word_1_95' title='bbox 1731 607 1771 637; x_wconf 83' lang='grc'>55</span> 
     </span>
     <span class='ocr_line' id='line_1_10' title="bbox 146 649 1711 699; baseline 0 -13"><span class='ocrx_word' id='word_1_96' title='bbox 146 650 226 687; x_wconf 91' lang='lat' dir='ltr'>etsi</span> <span class='ocrx_word' id='word_1_97' title='bbox 257 662 381 695; x_wconf 86' lang='lat' dir='ltr'>nune,</span> <span class='ocrx_word' id='word_1_98' title='bbox 412 654 553 699; x_wconf 90' lang='lat' dir='ltr'>preter</span> <span class='ocrx_word' id='word_1_99' title='bbox 582 649 810 699; x_wconf 85' lang='lat' dir='ltr'>Vngaricos</span> <span class='ocrx_word' id='word_1_100' title='bbox 840 653 1037 698; x_wconf 90' lang='lat' dir='ltr'>sumptus</span> <span class='ocrx_word' id='word_1_101' title='bbox 1067 649 1175 694; x_wconf 89' lang='lat' dir='ltr'>illos,</span> <span class='ocrx_word' id='word_1_102' title='bbox 1206 662 1291 687; x_wconf 90' lang='lat' dir='ltr'>non</span> <span class='ocrx_word' id='word_1_103' title='bbox 1321 662 1473 699; x_wconf 90' lang='lat' dir='ltr'>parum</span> <span class='ocrx_word' id='word_1_104' title='bbox 1505 650 1637 687; x_wconf 90' lang='lat' dir='ltr'>eciam</span> <span class='ocrx_word' id='word_1_105' title='bbox 1669 651 1711 687; x_wconf 92' lang='lat' dir='ltr'>in</span> 
     </span>
     <span class='ocr_line' id='line_1_11' title="bbox 148 703 1712 754; baseline 0 -13"><span class='ocrx_word' id='word_1_106' title='bbox 148 703 293 741; x_wconf 89' lang='lat' dir='ltr'>debita</span> <span class='ocrx_word' id='word_1_107' title='bbox 326 705 467 754; x_wconf 89' lang='lat' dir='ltr'>patrui</span> <span class='ocrx_word' id='word_1_108' title='bbox 500 707 625 753; x_wconf 88' lang='lat' dir='ltr'>(quae</span> <span class='ocrx_word' id='word_1_109' title='bbox 657 704 700 740; x_wconf 90' lang='lat' dir='ltr'>in</span> <span class='ocrx_word' id='word_1_110' title='bbox 731 716 797 740; x_wconf 90' lang='lat' dir='ltr'>me</span> <span class='ocrx_word' id='word_1_111' title='bbox 828 704 1012 740; x_wconf 90' lang='lat' dir='ltr'>moriens</span> <span class='ocrx_word' id='word_1_112' title='bbox 1044 705 1247 741; x_wconf 86' lang='lat' dir='ltr'>reiecerat</span> <span class='ocrx_word' id='word_1_113' title='bbox 1279 705 1436 751; x_wconf 89' lang='lat' dir='ltr'>omnia)</span> <span class='ocrx_word' id='word_1_114' title='bbox 1471 704 1712 753; x_wconf 86' lang='lat' dir='ltr'>impendere</span> 
     </span>
     <span class='ocr_line' id='line_1_12' title="bbox 148 757 1712 808; baseline 0 -12"><span class='ocrx_word' id='word_1_115' title='bbox 148 759 353 808; x_wconf 84' lang='lat' dir='ltr'>oportuit,</span> <span class='ocrx_word' id='word_1_116' title='bbox 375 759 484 796; x_wconf 90' lang='lat' dir='ltr'>sicut</span> <span class='ocrx_word' id='word_1_117' title='bbox 509 759 595 808; x_wconf 91' lang='lat' dir='ltr'>ipse</span> <span class='ocrx_word' id='word_1_118' title='bbox 620 759 752 795; x_wconf 88' lang='lat' dir='ltr'>eciam</span> <span class='ocrx_word' id='word_1_119' title='bbox 778 757 970 795; x_wconf 88' lang='lat' dir='ltr'>nonnihil</span> <span class='ocrx_word' id='word_1_120' title='bbox 991 759 1099 795; x_wconf 87' lang='lat' dir='ltr'>aeris</span> <span class='ocrx_word' id='word_1_121' title='bbox 1123 758 1249 796; x_wconf 90' lang='lat' dir='ltr'>alieni</span> <span class='ocrx_word' id='word_1_122' title='bbox 1270 758 1519 796; x_wconf 79' lang='lat' dir='ltr'>contrahere</span> <span class='ocrx_word' id='word_1_123' title='bbox 1540 763 1712 796; x_wconf 86' lang='lat' dir='ltr'>coactus</span> 
     </span>
     <span class='ocr_line' id='line_1_13' title="bbox 148 812 1713 858; baseline 0 -8"><span class='ocrx_word' id='word_1_124' title='bbox 148 813 240 858; x_wconf 83' lang='lat' dir='ltr'>sim,</span> <span class='ocrx_word' id='word_1_125' title='bbox 262 817 407 851; x_wconf 86' lang='lat' dir='ltr'>tamen</span> <span class='ocrx_word' id='word_1_126' title='bbox 429 814 600 850; x_wconf 91' lang='lat' dir='ltr'>omnino</span> <span class='ocrx_word' id='word_1_127' title='bbox 621 812 778 850; x_wconf 88' lang='lat' dir='ltr'>curabo</span> <span class='ocrx_word' id='word_1_128' title='bbox 800 816 849 850; x_wconf 85' lang='lat' dir='ltr'>vt</span> <span class='ocrx_word' id='word_1_129' title='bbox 875 812 993 850; x_wconf 87' lang='lat' dir='ltr'>breui</span> <span class='ocrx_word' id='word_1_130' title='bbox 1017 825 1184 850; x_wconf 90' lang='lat' dir='ltr'>rursum</span> <span class='ocrx_word' id='word_1_131' title='bbox 1210 813 1289 851; x_wconf 86' lang='lat' dir='ltr'>tibi</span> <span class='ocrx_word' id='word_1_132' title='bbox 1315 813 1382 850; x_wconf 83' lang='lat' dir='ltr'>vel</span> <span class='ocrx_word' id='word_1_133' title='bbox 1408 817 1549 850; x_wconf 90' lang='lat' dir='ltr'>totum</span> <span class='ocrx_word' id='word_1_134' title='bbox 1575 812 1713 850; x_wconf 93' lang='lat' dir='ltr'>denuo</span> 
     </span>
     <span class='ocr_line' id='line_1_14' title="bbox 147 867 1775 917; baseline 0 -13"><span class='ocrx_word' id='word_1_135' title='bbox 147 868 347 917; x_wconf 82' lang='lat' dir='ltr'>precium,</span> <span class='ocrx_word' id='word_1_136' title='bbox 370 867 436 905; x_wconf 85' lang='lat' dir='ltr'>vel</span> <span class='ocrx_word' id='word_1_137' title='bbox 458 867 613 905; x_wconf 87' lang='lat' dir='ltr'>bonam</span> <span class='ocrx_word' id='word_1_138' title='bbox 633 868 721 904; x_wconf 88' lang='lat' dir='ltr'>eius</span> <span class='ocrx_word' id='word_1_139' title='bbox 742 870 923 917; x_wconf 88' lang='lat' dir='ltr'>partem,</span> <span class='ocrx_word' id='word_1_140' title='bbox 945 880 1019 917; x_wconf 86' lang='lat' dir='ltr'>per</span> <span class='ocrx_word' id='word_1_141' title='bbox 1040 867 1206 905; x_wconf 90' lang='lat' dir='ltr'>Iostum</span> <span class='ocrx_word' id='word_1_142' title='bbox 1227 871 1422 905; x_wconf 89' lang='lat' dir='ltr'>nostrum</span> <span class='ocrx_word' id='word_1_143' title='bbox 1444 869 1629 905; x_wconf 89' lang='lat' dir='ltr'>mittam.</span> <span class='ocrx_word' id='word_1_144' title='bbox 1733 874 1775 902; x_wconf 79' lang='lat'>60</span> 
     </span>
    </p>

    <p class='ocr_par' dir='ltr' id='par_1_3' title="bbox 145 920 1782 2172">
     <span class='ocr_line' id='line_1_15' title="bbox 201 920 1715 972; baseline 0 -13"><span class='ocrx_word' id='word_1_145' title='bbox 201 921 323 967; x_wconf 87' lang='lat' dir='ltr'>Quod</span> <span class='ocrx_word' id='word_1_146' title='bbox 344 922 395 959; x_wconf 91' lang='lat' dir='ltr'>de</span> <span class='ocrx_word' id='word_1_147' title='bbox 417 922 554 959; x_wconf 91' lang='lat' dir='ltr'>Turca</span> <span class='ocrx_word' id='word_1_148' title='bbox 574 922 799 972; x_wconf 87' lang='lat' dir='ltr'>profligato</span> <span class='ocrx_word' id='word_1_149' title='bbox 820 921 979 967; x_wconf 81' lang='lat' dir='ltr'>scribis,</span> <span class='ocrx_word' id='word_1_150' title='bbox 1002 923 1184 971; x_wconf 88' lang='lat' dir='ltr'>optarim</span> <span class='ocrx_word' id='word_1_151' title='bbox 1210 934 1298 959; x_wconf 83' lang='lat' dir='ltr'>esse</span> <span class='ocrx_word' id='word_1_152' title='bbox 1320 935 1479 960; x_wconf 81' lang='lat' dir='ltr'>verum.</span> <span class='ocrx_word' id='word_1_153' title='bbox 1539 920 1621 959; x_wconf 91' lang='lat' dir='ltr'>Sed</span> <span class='ocrx_word' id='word_1_154' title='bbox 1648 921 1715 959; x_wconf 89' lang='grc'>1116</span> 
     </span>
     <span class='ocr_line' id='line_1_16' title="bbox 146 975 1716 1026; baseline -0.001 -12"><span class='ocrx_word' id='word_1_155' title='bbox 146 981 295 1014; x_wconf 88' lang='lat' dir='ltr'>contra</span> <span class='ocrx_word' id='word_1_156' title='bbox 325 978 458 1014; x_wconf 86' lang='lat' dir='ltr'>iactat</span> <span class='ocrx_word' id='word_1_157' title='bbox 484 989 526 1014; x_wconf 91' lang='lat' dir='ltr'>se</span> <span class='ocrx_word' id='word_1_158' title='bbox 555 989 765 1025; x_wconf 87' lang='lat' dir='ltr'>nusquam</span> <span class='ocrx_word' id='word_1_159' title='bbox 795 975 969 1013; x_wconf 88' lang='lat' dir='ltr'>obuium</span> <span class='ocrx_word' id='word_1_160' title='bbox 1001 976 1167 1014; x_wconf 90' lang='lat' dir='ltr'>hostem</span> <span class='ocrx_word' id='word_1_161' title='bbox 1198 977 1365 1022; x_wconf 87' lang='lat' dir='ltr'>vidisse,</span> <span class='ocrx_word' id='word_1_162' title='bbox 1393 989 1519 1026; x_wconf 90' lang='lat' dir='ltr'>quem</span> <span class='ocrx_word' id='word_1_163' title='bbox 1550 976 1716 1014; x_wconf 89' lang='lat' dir='ltr'>duobus</span> 
     </span>
     <span class='ocr_line' id='line_1_17' title="bbox 147 1030 1716 1080; baseline 0 -12"><span class='ocrx_word' id='word_1_164' title='bbox 147 1032 280 1068; x_wconf 86' lang='lat' dir='ltr'>tantis</span> <span class='ocrx_word' id='word_1_165' title='bbox 301 1032 522 1068; x_wconf 83' lang='lat' dir='ltr'>itineribus</span> <span class='ocrx_word' id='word_1_166' title='bbox 550 1032 591 1068; x_wconf 93' lang='lat' dir='ltr'>in</span> <span class='ocrx_word' id='word_1_167' title='bbox 619 1031 750 1080; x_wconf 89' lang='lat' dir='ltr'>ipsius</span> <span class='ocrx_word' id='word_1_168' title='bbox 778 1030 948 1068; x_wconf 89' lang='lat' dir='ltr'>sedibus</span> <span class='ocrx_word' id='word_1_169' title='bbox 975 1043 1060 1068; x_wconf 92' lang='lat' dir='ltr'>non</span> <span class='ocrx_word' id='word_1_170' title='bbox 1082 1031 1289 1080; x_wconf 89' lang='lat' dir='ltr'>quesisset</span> <span class='ocrx_word' id='word_1_171' title='bbox 1317 1031 1466 1075; x_wconf 86' lang='lat' dir='ltr'>solum,</span> <span class='ocrx_word' id='word_1_172' title='bbox 1490 1031 1562 1068; x_wconf 90' lang='lat' dir='ltr'>sed</span> <span class='ocrx_word' id='word_1_173' title='bbox 1591 1031 1716 1080; x_wconf 91' lang='lat' dir='ltr'>longo</span> 
     </span>
     <span class='ocr_line' id='line_1_18' title="bbox 145 1085 1715 1135; baseline 0.001 -13"><span class='ocrx_word' id='word_1_174' title='bbox 145 1086 273 1122; x_wconf 88' lang='lat' dir='ltr'>etiam</span> <span class='ocrx_word' id='word_1_175' title='bbox 296 1090 487 1135; x_wconf 90' lang='lat' dir='ltr'>tempore</span> <span class='ocrx_word' id='word_1_176' title='bbox 510 1089 798 1135; x_wconf 75' lang='lat' dir='ltr'>expectasset:</span> <span class='ocrx_word' id='word_1_177' title='bbox 830 1090 879 1122; x_wconf 81' lang='lat' dir='ltr'>vt</span> <span class='ocrx_word' id='word_1_178' title='bbox 903 1086 1071 1123; x_wconf 81' lang='lat' dir='ltr'>interim</span> <span class='ocrx_word' id='word_1_179' title='bbox 1100 1090 1264 1123; x_wconf 86' lang='lat' dir='ltr'>taceam</span> <span class='ocrx_word' id='word_1_180' title='bbox 1292 1090 1399 1135; x_wconf 86' lang='lat' dir='ltr'>quot</span> <span class='ocrx_word' id='word_1_181' title='bbox 1426 1085 1557 1123; x_wconf 85' lang='lat' dir='ltr'>millia</span> <span class='ocrx_word' id='word_1_182' title='bbox 1584 1085 1715 1123; x_wconf 89' lang='lat' dir='ltr'>homi-</span> 
     </span>
     <span class='ocr_line' id='line_1_19' title="bbox 146 1139 1777 1190; baseline -0.001 -13"><span class='ocrx_word' id='word_1_183' title='bbox 146 1153 247 1177; x_wconf 88' lang='lat' dir='ltr'>num</span> <span class='ocrx_word' id='word_1_184' title='bbox 269 1141 425 1189; x_wconf 87' lang='lat' dir='ltr'>partim</span> <span class='ocrx_word' id='word_1_185' title='bbox 448 1141 662 1190; x_wconf 87' lang='lat' dir='ltr'>perierint,</span> <span class='ocrx_word' id='word_1_186' title='bbox 685 1141 841 1190; x_wconf 87' lang='lat' dir='ltr'>partim</span> <span class='ocrx_word' id='word_1_187' title='bbox 863 1139 1051 1177; x_wconf 85' lang='lat' dir='ltr'>abducta</span> <span class='ocrx_word' id='word_1_188' title='bbox 1079 1141 1164 1177; x_wconf 88' lang='lat' dir='ltr'>sint</span> <span class='ocrx_word' id='word_1_189' title='bbox 1188 1141 1231 1177; x_wconf 90' lang='lat' dir='ltr'>in</span> <span class='ocrx_word' id='word_1_190' title='bbox 1258 1144 1509 1190; x_wconf 90' lang='lat' dir='ltr'>perpetuam</span> <span class='ocrx_word' id='word_1_191' title='bbox 1537 1141 1714 1178; x_wconf 88' lang='lat' dir='ltr'>seruitu-</span> <span class='ocrx_word' id='word_1_192' title='bbox 1735 1147 1777 1183; x_wconf 77' lang='lat'>65</span> 
     </span>
     <span class='ocr_line' id='line_1_20' title="bbox 146 1194 1716 1244; baseline 0 -12"><span class='ocrx_word' id='word_1_193' title='bbox 146 1200 245 1232; x_wconf 84' lang='lat' dir='ltr'>tem.</span> <span class='ocrx_word' id='word_1_194' title='bbox 308 1194 480 1232; x_wconf 85' lang='lat' dir='ltr'>Certum</span> <span class='ocrx_word' id='word_1_195' title='bbox 513 1199 578 1232; x_wconf 86' lang='lat' dir='ltr'>est</span> <span class='ocrx_word' id='word_1_196' title='bbox 613 1194 751 1232; x_wconf 89' lang='lat' dir='ltr'>Turco</span> <span class='ocrx_word' id='word_1_197' title='bbox 786 1195 876 1244; x_wconf 88' lang='lat' dir='ltr'>ipsi,</span> <span class='ocrx_word' id='word_1_198' title='bbox 909 1195 976 1231; x_wconf 88' lang='lat' dir='ltr'>cui</span> <span class='ocrx_word' id='word_1_199' title='bbox 1011 1194 1200 1232; x_wconf 89' lang='lat' dir='ltr'>decimus</span> <span class='ocrx_word' id='word_1_200' title='bbox 1235 1195 1414 1244; x_wconf 85' lang='lat' dir='ltr'>quisque</span> <span class='ocrx_word' id='word_1_201' title='bbox 1448 1196 1716 1244; x_wconf 87' lang='lat' dir='ltr'>captiuorum</span> 
     </span>
     <span class='ocr_line' id='line_1_21' title="bbox 146 1248 1718 1299; baseline 0.001 -14"><span class='ocrx_word' id='word_1_202' title='bbox 146 1249 264 1286; x_wconf 88' lang='lat' dir='ltr'>reddi</span> <span class='ocrx_word' id='word_1_203' title='bbox 285 1249 406 1295; x_wconf 87' lang='lat' dir='ltr'>solet,</span> <span class='ocrx_word' id='word_1_204' title='bbox 427 1262 503 1299; x_wconf 93' lang='lat' dir='ltr'>pro</span> <span class='ocrx_word' id='word_1_205' title='bbox 524 1253 637 1287; x_wconf 91' lang='lat' dir='ltr'>sorte</span> <span class='ocrx_word' id='word_1_206' title='bbox 658 1262 734 1286; x_wconf 89' lang='lat' dir='ltr'>sua</span> <span class='ocrx_word' id='word_1_207' title='bbox 754 1250 924 1286; x_wconf 88' lang='lat' dir='ltr'>cessisse</span> <span class='ocrx_word' id='word_1_208' title='bbox 949 1253 1111 1298; x_wconf 79' lang='lat' dir='ltr'>septem</span> <span class='ocrx_word' id='word_1_209' title='bbox 1133 1249 1284 1287; x_wconf 91' lang='lat' dir='ltr'>horum</span> <span class='ocrx_word' id='word_1_210' title='bbox 1309 1249 1453 1287; x_wconf 84' lang='lat' dir='ltr'>millia.</span> <span class='ocrx_word' id='word_1_211' title='bbox 1512 1248 1718 1287; x_wconf 90' lang='lat' dir='ltr'>Coniicito</span> 
     </span>
     <span class='ocr_line' id='line_1_22' title="bbox 146 1303 1717 1354; baseline 0 -13"><span class='ocrx_word' id='word_1_212' title='bbox 146 1308 192 1341; x_wconf 89' lang='lat' dir='ltr'>tu</span> <span class='ocrx_word' id='word_1_213' title='bbox 215 1308 366 1342; x_wconf 87' lang='lat' dir='ltr'>cetera.</span> <span class='ocrx_word' id='word_1_214' title='bbox 418 1303 486 1341; x_wconf 88' lang='lat' dir='ltr'>Ita</span> <span class='ocrx_word' id='word_1_215' title='bbox 506 1303 821 1354; x_wconf 80' lang='lat' dir='ltr'>triumphamus</span> <span class='ocrx_word' id='word_1_216' title='bbox 842 1303 893 1341; x_wconf 90' lang='lat' dir='ltr'>de</span> <span class='ocrx_word' id='word_1_217' title='bbox 915 1303 1074 1341; x_wconf 86' lang='lat' dir='ltr'>Turcis.</span> <span class='ocrx_word' id='word_1_218' title='bbox 1125 1303 1206 1341; x_wconf 93' lang='lat' dir='ltr'>Sed</span> <span class='ocrx_word' id='word_1_219' title='bbox 1228 1303 1278 1341; x_wconf 91' lang='lat' dir='ltr'>de</span> <span class='ocrx_word' id='word_1_220' title='bbox 1299 1317 1441 1354; x_wconf 87' lang='lat' dir='ltr'>pugna</span> <span class='ocrx_word' id='word_1_221' title='bbox 1463 1304 1540 1342; x_wconf 90' lang='lat' dir='ltr'>hae</span> <span class='ocrx_word' id='word_1_222' title='bbox 1562 1305 1717 1341; x_wconf 87' lang='lat' dir='ltr'>vtrius-</span> 
     </span>
     <span class='ocr_line' id='line_1_23' title="bbox 146 1357 1718 1408; baseline 0.001 -13"><span class='ocrx_word' id='word_1_223' title='bbox 146 1371 227 1407; x_wconf 89' lang='lat' dir='ltr'>que</span> <span class='ocrx_word' id='word_1_224' title='bbox 244 1358 394 1396; x_wconf 89' lang='lat' dir='ltr'>horum</span> <span class='ocrx_word' id='word_1_225' title='bbox 411 1357 649 1403; x_wconf 85' lang='lat' dir='ltr'>Caesarum,</span> <span class='ocrx_word' id='word_1_226' title='bbox 667 1359 700 1396; x_wconf 90' lang='lat' dir='ltr'>si</span> <span class='ocrx_word' id='word_1_227' title='bbox 717 1358 844 1396; x_wconf 90' lang='lat' dir='ltr'>modo</span> <span class='ocrx_word' id='word_1_228' title='bbox 860 1371 1002 1407; x_wconf 87' lang='lat' dir='ltr'>pugna</span> <span class='ocrx_word' id='word_1_229' title='bbox 1018 1358 1196 1396; x_wconf 88' lang='lat' dir='ltr'>dicenda</span> <span class='ocrx_word' id='word_1_230' title='bbox 1211 1363 1287 1404; x_wconf 86' lang='lat' dir='ltr'>est,</span> <span class='ocrx_word' id='word_1_231' title='bbox 1306 1359 1433 1396; x_wconf 86' lang='lat' dir='ltr'>mitto</span> <span class='ocrx_word' id='word_1_232' title='bbox 1455 1359 1533 1396; x_wconf 90' lang='lat' dir='ltr'>tibi</span> <span class='ocrx_word' id='word_1_233' title='bbox 1549 1358 1718 1408; x_wconf 80' lang='lat' dir='ltr'>elegans</span> 
     </span>
     <span class='ocr_line' id='line_1_24' title="bbox 145 1412 1780 1463; baseline -0.001 -13"><span class='ocrx_word' id='word_1_234' title='bbox 145 1414 403 1462; x_wconf 84' lang='lat' dir='ltr'>epigramma</span> <span class='ocrx_word' id='word_1_235' title='bbox 424 1426 475 1450; x_wconf 89' lang='lat' dir='ltr'>ex</span> <span class='ocrx_word' id='word_1_236' title='bbox 501 1412 627 1450; x_wconf 87' lang='lat' dir='ltr'>Italia</span> <span class='ocrx_word' id='word_1_237' title='bbox 651 1426 784 1462; x_wconf 90' lang='lat' dir='ltr'>nuper</span> <span class='ocrx_word' id='word_1_238' title='bbox 811 1412 1004 1458; x_wconf 85' lang='lat' dir='ltr'>allatum,</span> <span class='ocrx_word' id='word_1_239' title='bbox 1026 1425 1111 1462; x_wconf 92' lang='lat' dir='ltr'>quo</span> <span class='ocrx_word' id='word_1_240' title='bbox 1139 1414 1308 1462; x_wconf 71' lang='lat' dir='ltr'>Vtrique</span> <span class='ocrx_word' id='word_1_241' title='bbox 1336 1413 1549 1463; x_wconf 82' lang='lat' dir='ltr'>eleganter</span> <span class='ocrx_word' id='word_1_242' title='bbox 1576 1413 1719 1463; x_wconf 89' lang='lat' dir='ltr'>palma</span> <span class='ocrx_word' id='word_1_243' title='bbox 1738 1427 1780 1458; x_wconf 92' lang='lat'>70</span> 
     </span>
     <span class='ocr_line' id='line_1_25' title="bbox 145 1467 1719 1517; baseline 0.001 -13"><span class='ocrx_word' id='word_1_244' title='bbox 145 1467 361 1505; x_wconf 83' lang='lat' dir='ltr'>tribuitur.</span> <span class='ocrx_word' id='word_1_245' title='bbox 422 1467 652 1505; x_wconf 82' lang='lat' dir='ltr'>Tractatur</span> <span class='ocrx_word' id='word_1_246' title='bbox 690 1467 860 1516; x_wconf 88' lang='lat' dir='ltr'>quidem</span> <span class='ocrx_word' id='word_1_247' title='bbox 900 1467 951 1504; x_wconf 91' lang='lat' dir='ltr'>de</span> <span class='ocrx_word' id='word_1_248' title='bbox 990 1468 1185 1517; x_wconf 86' lang='lat' dir='ltr'>pacanda</span> <span class='ocrx_word' id='word_1_249' title='bbox 1224 1467 1420 1517; x_wconf 87' lang='lat' dir='ltr'>Vngaria,</span> <span class='ocrx_word' id='word_1_250' title='bbox 1461 1468 1534 1505; x_wconf 91' lang='lat' dir='ltr'>sed</span> <span class='ocrx_word' id='word_1_251' title='bbox 1573 1469 1629 1505; x_wconf 90' lang='lat' dir='ltr'>sic</span> <span class='ocrx_word' id='word_1_252' title='bbox 1670 1472 1719 1505; x_wconf 76' lang='lat' dir='ltr'>vt</span> 
     </span>
     <span class='ocr_line' id='line_1_26' title="bbox 146 1521 1719 1572; baseline 0.001 -13"><span class='ocrx_word' id='word_1_253' title='bbox 146 1526 296 1559; x_wconf 88' lang='lat' dir='ltr'>neuter</span> <span class='ocrx_word' id='word_1_254' title='bbox 317 1522 422 1560; x_wconf 88' lang='lat' dir='ltr'>fidat</span> <span class='ocrx_word' id='word_1_255' title='bbox 443 1522 578 1568; x_wconf 86' lang='lat' dir='ltr'>alteri,</span> <span class='ocrx_word' id='word_1_256' title='bbox 596 1522 784 1571; x_wconf 88' lang='lat' dir='ltr'>nihilque</span> <span class='ocrx_word' id='word_1_257' title='bbox 801 1521 917 1559; x_wconf 86' lang='lat' dir='ltr'>aliud</span> <span class='ocrx_word' id='word_1_258' title='bbox 933 1523 1000 1571; x_wconf 90' lang='lat' dir='ltr'>agi</span> <span class='ocrx_word' id='word_1_259' title='bbox 1017 1522 1216 1560; x_wconf 86' lang='lat' dir='ltr'>videatur</span> <span class='ocrx_word' id='word_1_260' title='bbox 1232 1535 1361 1572; x_wconf 88' lang='lat' dir='ltr'>quam</span> <span class='ocrx_word' id='word_1_261' title='bbox 1379 1535 1443 1560; x_wconf 85' lang='lat' dir='ltr'>res</span> <span class='ocrx_word' id='word_1_262' title='bbox 1460 1522 1511 1560; x_wconf 90' lang='lat' dir='ltr'>de</span> <span class='ocrx_word' id='word_1_263' title='bbox 1529 1527 1719 1572; x_wconf 87' lang='lat' dir='ltr'>tempore</span> 
     </span>
     <span class='ocr_line' id='line_1_27' title="bbox 146 1576 1719 1626; baseline 0.001 -13"><span class='ocrx_word' id='word_1_264' title='bbox 146 1577 187 1613; x_wconf 94' lang='lat' dir='ltr'>in</span> <span class='ocrx_word' id='word_1_265' title='bbox 221 1582 389 1626; x_wconf 86' lang='lat' dir='ltr'>tempus</span> <span class='ocrx_word' id='word_1_266' title='bbox 423 1576 535 1614; x_wconf 85' lang='lat' dir='ltr'>trahi</span> <span class='ocrx_word' id='word_1_267' title='bbox 564 1576 696 1614; x_wconf 88' lang='lat' dir='ltr'>donec</span> <span class='ocrx_word' id='word_1_268' title='bbox 726 1577 953 1626; x_wconf 87' lang='lat' dir='ltr'>resumptis</span> <span class='ocrx_word' id='word_1_269' title='bbox 988 1589 1156 1614; x_wconf 88' lang='lat' dir='ltr'>rursum</span> <span class='ocrx_word' id='word_1_270' title='bbox 1188 1577 1350 1614; x_wconf 85' lang='lat' dir='ltr'>viribus</span> <span class='ocrx_word' id='word_1_271' title='bbox 1385 1577 1525 1615; x_wconf 90' lang='lat' dir='ltr'>denuo</span> <span class='ocrx_word' id='word_1_272' title='bbox 1560 1576 1719 1614; x_wconf 89' lang='lat' dir='ltr'>bellum</span> 
     </span>
     <span class='ocr_line' id='line_1_28' title="bbox 146 1631 1719 1682; baseline 0.001 -14"><span class='ocrx_word' id='word_1_273' title='bbox 146 1631 438 1676; x_wconf 84' lang='lat' dir='ltr'>reerudescat;</span> <span class='ocrx_word' id='word_1_274' title='bbox 473 1636 517 1669; x_wconf 90' lang='lat' dir='ltr'>et</span> <span class='ocrx_word' id='word_1_275' title='bbox 547 1631 661 1680; x_wconf 90' lang='lat' dir='ltr'>quod</span> <span class='ocrx_word' id='word_1_276' title='bbox 691 1643 767 1681; x_wconf 93' lang='lat' dir='ltr'>ego</span> <span class='ocrx_word' id='word_1_277' title='bbox 798 1631 1072 1668; x_wconf 88' lang='lat' dir='ltr'>vehementer</span> <span class='ocrx_word' id='word_1_278' title='bbox 1103 1636 1262 1677; x_wconf 79' lang='lat' dir='ltr'>metuo,</span> <span class='ocrx_word' id='word_1_279' title='bbox 1294 1632 1396 1669; x_wconf 88' lang='lat' dir='ltr'>dum</span> <span class='ocrx_word' id='word_1_280' title='bbox 1429 1636 1609 1682; x_wconf 84' lang='lat' dir='ltr'>vterque</span> <span class='ocrx_word' id='word_1_281' title='bbox 1641 1631 1719 1669; x_wconf 90' lang='lat' dir='ltr'>sibi</span> 
     </span>
     <span class='ocr_line' id='line_1_29' title="bbox 146 1685 1779 1735; baseline 0.001 -12"><span class='ocrx_word' id='word_1_282' title='bbox 146 1698 320 1735; x_wconf 89' lang='lat' dir='ltr'>regnum</span> <span class='ocrx_word' id='word_1_283' title='bbox 341 1699 525 1723; x_wconf 88' lang='lat' dir='ltr'>asserere</span> <span class='ocrx_word' id='word_1_284' title='bbox 546 1686 710 1731; x_wconf 88' lang='lat' dir='ltr'>nititur,</span> <span class='ocrx_word' id='word_1_285' title='bbox 733 1690 912 1735; x_wconf 85' lang='lat' dir='ltr'>vterque</span> <span class='ocrx_word' id='word_1_286' title='bbox 934 1685 1107 1723; x_wconf 86' lang='lat' dir='ltr'>tandem</span> <span class='ocrx_word' id='word_1_287' title='bbox 1133 1687 1322 1732; x_wconf 86' lang='lat' dir='ltr'>amittat,</span> <span class='ocrx_word' id='word_1_288' title='bbox 1344 1699 1429 1724; x_wconf 92' lang='lat' dir='ltr'>non</span> <span class='ocrx_word' id='word_1_289' title='bbox 1453 1687 1615 1724; x_wconf 91' lang='lat' dir='ltr'>minore</span> <span class='ocrx_word' id='word_1_290' title='bbox 1643 1687 1717 1723; x_wconf 89' lang='lat' dir='ltr'>rei·</span> <span class='ocrx_word' id='word_1_291' title='bbox 1740 1700 1779 1731; x_wconf 86' lang='lat'>75</span> 
     </span>
     <span class='ocr_line' id='line_1_30' title="bbox 147 1740 1719 1790; baseline 0.001 -13"><span class='ocrx_word' id='word_1_292' title='bbox 147 1740 313 1790; x_wconf 89' lang='lat' dir='ltr'>publice</span> <span class='ocrx_word' id='word_1_293' title='bbox 331 1740 564 1778; x_wconf 85' lang='lat' dir='ltr'>Christiane</span> <span class='ocrx_word' id='word_1_294' title='bbox 582 1740 767 1790; x_wconf 91' lang='lat' dir='ltr'>periculo</span> <span class='ocrx_word' id='word_1_295' title='bbox 785 1753 912 1789; x_wconf 86' lang='lat' dir='ltr'>quam</span> <span class='ocrx_word' id='word_1_296' title='bbox 930 1753 1018 1778; x_wconf 86' lang='lat' dir='ltr'>suo.</span> <span class='ocrx_word' id='word_1_297' title='bbox 1065 1740 1188 1778; x_wconf 89' lang='lat' dir='ltr'>Nunc</span> <span class='ocrx_word' id='word_1_298' title='bbox 1206 1741 1369 1778; x_wconf 86' lang='lat' dir='ltr'>Turcus</span> <span class='ocrx_word' id='word_1_299' title='bbox 1387 1742 1527 1779; x_wconf 87' lang='lat' dir='ltr'>emisit</span> <span class='ocrx_word' id='word_1_300' title='bbox 1544 1741 1719 1778; x_wconf 87' lang='lat' dir='ltr'>classem</span> 
     </span>
     <span class='ocr_line' id='line_1_31' title="bbox 146 1795 1720 1845; baseline 0.001 -14"><span class='ocrx_word' id='word_1_301' title='bbox 146 1796 473 1844; x_wconf 89' lang='lat' dir='ltr'>quingentorum</span> <span class='ocrx_word' id='word_1_302' title='bbox 514 1795 717 1840; x_wconf 83' lang='lat' dir='ltr'>velorum,</span> <span class='ocrx_word' id='word_1_303' title='bbox 751 1799 800 1832; x_wconf 88' lang='lat' dir='ltr'>vt</span> <span class='ocrx_word' id='word_1_304' title='bbox 840 1800 1010 1840; x_wconf 82' lang='lat' dir='ltr'>vocant,</span> <span class='ocrx_word' id='word_1_305' title='bbox 1046 1795 1101 1832; x_wconf 87' lang='lat' dir='ltr'>ad</span> <span class='ocrx_word' id='word_1_306' title='bbox 1142 1796 1451 1845; x_wconf 87' lang='lat' dir='ltr'>recuperandas</span> <span class='ocrx_word' id='word_1_307' title='bbox 1490 1808 1607 1833; x_wconf 88' lang='lat' dir='ltr'>arces</span> <span class='ocrx_word' id='word_1_308' title='bbox 1646 1809 1720 1845; x_wconf 91' lang='lat' dir='ltr'>per</span> 
     </span>
     <span class='ocr_line' id='line_1_32' title="bbox 146 1849 1718 1900; baseline 0.001 -14"><span class='ocrx_word' id='word_1_309' title='bbox 146 1849 359 1887; x_wconf 70' lang='lat' dir='ltr'>Andrean]</span> <span class='ocrx_word' id='word_1_310' title='bbox 381 1850 432 1886; x_wconf 87' lang='lat' dir='ltr'>de</span> <span class='ocrx_word' id='word_1_311' title='bbox 454 1849 584 1887; x_wconf 90' lang='lat' dir='ltr'>Auria</span> <span class='ocrx_word' id='word_1_312' title='bbox 605 1849 682 1887; x_wconf 90' lang='lat' dir='ltr'>sibi</span> <span class='ocrx_word' id='word_1_313' title='bbox 707 1849 887 1887; x_wconf 76' lang='lat' dir='ltr'>ablatas.</span> <span class='ocrx_word' id='word_1_314' title='bbox 948 1850 1131 1899; x_wconf 78' lang='lat' dir='ltr'>Vngaria</span> <span class='ocrx_word' id='word_1_315' title='bbox 1155 1851 1287 1887; x_wconf 91' lang='lat' dir='ltr'>eciam</span> <span class='ocrx_word' id='word_1_316' title='bbox 1316 1850 1442 1900; x_wconf 91' lang='lat' dir='ltr'>plena</span> <span class='ocrx_word' id='word_1_317' title='bbox 1470 1855 1535 1888; x_wconf 88' lang='lat' dir='ltr'>est</span> <span class='ocrx_word' id='word_1_318' title='bbox 1559 1850 1718 1888; x_wconf 90' lang='lat' dir='ltr'>Turcis.</span> 
     </span>
     <span class='ocr_line' id='line_1_33' title="bbox 147 1903 1718 1955; baseline 0.001 -14"><span class='ocrx_word' id='word_1_319' title='bbox 147 1903 263 1949; x_wconf 86' lang='lat' dir='ltr'>Quae</span> <span class='ocrx_word' id='word_1_320' title='bbox 285 1905 425 1941; x_wconf 86' lang='lat' dir='ltr'>omnia</span> <span class='ocrx_word' id='word_1_321' title='bbox 447 1904 616 1953; x_wconf 88' lang='lat' dir='ltr'>quiduis</span> <span class='ocrx_word' id='word_1_322' title='bbox 644 1905 789 1954; x_wconf 90' lang='lat' dir='ltr'>pocius</span> <span class='ocrx_word' id='word_1_323' title='bbox 816 1904 919 1941; x_wconf 87' lang='lat' dir='ltr'>mihi</span> <span class='ocrx_word' id='word_1_324' title='bbox 947 1917 1076 1954; x_wconf 88' lang='lat' dir='ltr'>quam</span> <span class='ocrx_word' id='word_1_325' title='bbox 1105 1917 1251 1954; x_wconf 88' lang='lat' dir='ltr'>pacem</span> <span class='ocrx_word' id='word_1_326' title='bbox 1280 1905 1480 1942; x_wconf 79' lang='lat' dir='ltr'>videntur</span> <span class='ocrx_word' id='word_1_327' title='bbox 1508 1905 1718 1955; x_wconf 83' lang='lat' dir='ltr'>polliceri:</span> 
     </span>
     <span class='ocr_line' id='line_1_34' title="bbox 147 1958 1782 2009; baseline 0 -13"><span class='ocrx_word' id='word_1_328' title='bbox 147 1971 274 2007; x_wconf 83' lang='lat' dir='ltr'>quam</span> <span class='ocrx_word' id='word_1_329' title='bbox 297 1962 460 1996; x_wconf 87' lang='lat' dir='ltr'>certum</span> <span class='ocrx_word' id='word_1_330' title='bbox 482 1963 547 1996; x_wconf 86' lang='lat' dir='ltr'>est</span> <span class='ocrx_word' id='word_1_331' title='bbox 568 1958 751 1996; x_wconf 89' lang='lat' dir='ltr'>Turcum</span> <span class='ocrx_word' id='word_1_332' title='bbox 774 1972 994 2008; x_wconf 86' lang='lat' dir='ltr'>nunquam</span> <span class='ocrx_word' id='word_1_333' title='bbox 1015 1972 1105 1997; x_wconf 89' lang='grc'>6336</span> <span class='ocrx_word' id='word_1_334' title='bbox 1125 1959 1409 1997; x_wconf 87' lang='lat' dir='ltr'>admissurum</span> <span class='ocrx_word' id='word_1_335' title='bbox 1438 1960 1517 1996; x_wconf 86' lang='lat' dir='ltr'>nisi</span> <span class='ocrx_word' id='word_1_336' title='bbox 1545 1972 1719 2009; x_wconf 85' lang='lat' dir='ltr'>regnum</span> <span class='ocrx_word' id='word_1_337' title='bbox 1740 1966 1782 1996; x_wconf 87' lang='lat'>80</span> 
     </span>
     <span class='ocr_line' id='line_1_35' title="bbox 147 2012 1721 2063; baseline 0.001 -13"><span class='ocrx_word' id='word_1_338' title='bbox 147 2017 319 2050; x_wconf 88' lang='lat' dir='ltr'>maneat</span> <span class='ocrx_word' id='word_1_339' title='bbox 348 2013 463 2062; x_wconf 86' lang='lat' dir='ltr'>apud</span> <span class='ocrx_word' id='word_1_340' title='bbox 494 2012 697 2050; x_wconf 90' lang='lat' dir='ltr'>Ioannem</span> <span class='ocrx_word' id='word_1_341' title='bbox 727 2026 878 2063; x_wconf 85' lang='lat' dir='ltr'>regem,</span> <span class='ocrx_word' id='word_1_342' title='bbox 907 2027 992 2051; x_wconf 91' lang='lat' dir='ltr'>non</span> <span class='ocrx_word' id='word_1_343' title='bbox 1023 2018 1112 2051; x_wconf 88' lang='lat' dir='ltr'>tam</span> <span class='ocrx_word' id='word_1_344' title='bbox 1140 2018 1187 2051; x_wconf 85' lang='lat' dir='ltr'>vt</span> <span class='ocrx_word' id='word_1_345' title='bbox 1217 2015 1295 2051; x_wconf 88' lang='lat' dir='ltr'>iste</span> <span class='ocrx_word' id='word_1_346' title='bbox 1325 2019 1483 2063; x_wconf 78' lang='lat' dir='ltr'>regnet,</span> <span class='ocrx_word' id='word_1_347' title='bbox 1511 2027 1638 2063; x_wconf 87' lang='lat' dir='ltr'>quam</span> <span class='ocrx_word' id='word_1_348' title='bbox 1669 2027 1721 2052; x_wconf 90' lang='lat' dir='ltr'>ne</span> 
     </span>
     <span class='ocr_line' id='line_1_36' title="bbox 146 2067 1721 2119; baseline 0.001 -15"><span class='ocrx_word' id='word_1_349' title='bbox 146 2067 440 2105; x_wconf 87' lang='lat' dir='ltr'>Ferdinandus</span> <span class='ocrx_word' id='word_1_350' title='bbox 454 2067 536 2105; x_wconf 87' lang='lat' dir='ltr'>illic</span> <span class='ocrx_word' id='word_1_351' title='bbox 546 2080 713 2117; x_wconf 89' lang='lat' dir='ltr'>quoque</span> <span class='ocrx_word' id='word_1_352' title='bbox 725 2081 821 2106; x_wconf 87' lang='lat' dir='ltr'>suas</span> <span class='ocrx_word' id='word_1_353' title='bbox 835 2069 995 2106; x_wconf 85' lang='lat' dir='ltr'>radices</span> <span class='ocrx_word' id='word_1_354' title='bbox 1006 2073 1122 2118; x_wconf 85' lang='lat' dir='ltr'>agat:</span> <span class='ocrx_word' id='word_1_355' title='bbox 1140 2070 1257 2106; x_wconf 88' lang='lat' dir='ltr'>cuius</span> <span class='ocrx_word' id='word_1_356' title='bbox 1268 2070 1464 2106; x_wconf 83' lang='lat' dir='ltr'>viciniam</span> <span class='ocrx_word' id='word_1_357' title='bbox 1480 2073 1721 2119; x_wconf 89' lang='lat' dir='ltr'>suspectam</span> 
     </span>
     <span class='ocr_line' id='line_1_37' title="bbox 147 2121 946 2172; baseline 0.001 -13"><span class='ocrx_word' id='word_1_358' title='bbox 147 2122 277 2159; x_wconf 87' lang='lat' dir='ltr'>habet</span> <span class='ocrx_word' id='word_1_359' title='bbox 298 2122 351 2159; x_wconf 91' lang='lat' dir='ltr'>ob</span> <span class='ocrx_word' id='word_1_360' title='bbox 374 2122 517 2159; x_wconf 87' lang='lat' dir='ltr'>fratris</span> <span class='ocrx_word' id='word_1_361' title='bbox 537 2121 675 2160; x_wconf 88' lang='lat' dir='ltr'>Caroli</span> <span class='ocrx_word' id='word_1_362' title='bbox 696 2124 946 2172; x_wconf 83' lang='lat' dir='ltr'>potentiam.</span> 
     </span>
    </p>

    <p class='ocr_par' dir='ltr' id='par_1_4' title="bbox 147 2176 1782 2774">
     <span class='ocr_line' id='line_1_38' title="bbox 203 2176 1720 2228; baseline 0.001 -15"><span class='ocrx_word' id='word_1_363' title='bbox 203 2176 323 2222; x_wconf 86' lang='lat' dir='ltr'>Quod</span> <span class='ocrx_word' id='word_1_364' title='bbox 345 2176 399 2214; x_wconf 87' lang='lat' dir='ltr'>ad</span> <span class='ocrx_word' id='word_1_365' title='bbox 420 2190 486 2214; x_wconf 91' lang='lat' dir='ltr'>me</span> <span class='ocrx_word' id='word_1_366' title='bbox 507 2176 685 2222; x_wconf 86' lang='lat' dir='ltr'>adtinet,</span> <span class='ocrx_word' id='word_1_367' title='bbox 707 2190 783 2227; x_wconf 88' lang='lat' dir='ltr'>ego</span> <span class='ocrx_word' id='word_1_368' title='bbox 810 2177 934 2227; x_wconf 87' lang='lat' dir='ltr'>plane</span> <span class='ocrx_word' id='word_1_369' title='bbox 963 2179 1047 2215; x_wconf 89' lang='lat' dir='ltr'>iam</span> <span class='ocrx_word' id='word_1_370' title='bbox 1076 2177 1200 2215; x_wconf 89' lang='lat' dir='ltr'>rebus</span> <span class='ocrx_word' id='word_1_371' title='bbox 1228 2179 1318 2215; x_wconf 90' lang='lat' dir='ltr'>istis</span> <span class='ocrx_word' id='word_1_372' title='bbox 1343 2178 1559 2228; x_wconf 78' lang='lat' dir='ltr'>Vngaricis</span> <span class='ocrx_word' id='word_1_373' title='bbox 1584 2179 1720 2215; x_wconf 88' lang='lat' dir='ltr'>remisi</span> 
     </span>
     <span class='ocr_line' id='line_1_39' title="bbox 147 2232 1782 2282; baseline 0.001 -14"><span class='ocrx_word' id='word_1_374' title='bbox 147 2232 361 2276; x_wconf 84' lang='lat' dir='ltr'>nuncium,</span> <span class='ocrx_word' id='word_1_375' title='bbox 390 2244 524 2280; x_wconf 91' lang='lat' dir='ltr'>neque</span> <span class='ocrx_word' id='word_1_376' title='bbox 555 2236 620 2269; x_wconf 87' lang='lat' dir='ltr'>est</span> <span class='ocrx_word' id='word_1_377' title='bbox 649 2232 761 2281; x_wconf 91' lang='lat' dir='ltr'>quod</span> <span class='ocrx_word' id='word_1_378' title='bbox 792 2232 905 2269; x_wconf 91' lang='lat' dir='ltr'>illinc</span> <span class='ocrx_word' id='word_1_379' title='bbox 935 2233 1118 2282; x_wconf 88' lang='lat' dir='ltr'>amplius</span> <span class='ocrx_word' id='word_1_380' title='bbox 1148 2237 1382 2282; x_wconf 81' lang='lat' dir='ltr'>expectem,</span> <span class='ocrx_word' id='word_1_381' title='bbox 1410 2233 1543 2270; x_wconf 86' lang='lat' dir='ltr'>eciam</span> <span class='ocrx_word' id='word_1_382' title='bbox 1573 2234 1604 2269; x_wconf 91' lang='lat' dir='ltr'>si</span> <span class='ocrx_word' id='word_1_383' title='bbox 1637 2245 1721 2282; x_wconf 79' lang='lat' dir='ltr'>pax</span> <span class='ocrx_word' id='word_1_384' title='bbox 1741 2240 1782 2277; x_wconf 80' lang='lat'>85</span> 
     </span>
     <span class='ocr_line' id='line_1_40' title="bbox 149 2285 1721 2337; baseline 0.001 -14"><span class='ocrx_word' id='word_1_385' title='bbox 149 2286 234 2323; x_wconf 78' lang='lat' dir='ltr'>fiat.</span> <span class='ocrx_word' id='word_1_386' title='bbox 295 2285 405 2332; x_wconf 84' lang='lat' dir='ltr'>Quin</span> <span class='ocrx_word' id='word_1_387' title='bbox 427 2290 470 2323; x_wconf 85' lang='lat' dir='ltr'>et</span> <span class='ocrx_word' id='word_1_388' title='bbox 491 2286 665 2323; x_wconf 86' lang='lat' dir='ltr'>fratrem</span> <span class='ocrx_word' id='word_1_389' title='bbox 688 2286 867 2324; x_wconf 83' lang='lat' dir='ltr'>libenter</span> <span class='ocrx_word' id='word_1_390' title='bbox 892 2287 1005 2324; x_wconf 87' lang='lat' dir='ltr'>illine</span> <span class='ocrx_word' id='word_1_391' title='bbox 1031 2287 1288 2325; x_wconf 83' lang='lat' dir='ltr'>retraherem</span> <span class='ocrx_word' id='word_1_392' title='bbox 1315 2288 1348 2324; x_wconf 90' lang='lat' dir='ltr'>si</span> <span class='ocrx_word' id='word_1_393' title='bbox 1375 2300 1553 2337; x_wconf 82' lang='lat' dir='ltr'>possein.</span> <span class='ocrx_word' id='word_1_394' title='bbox 1615 2287 1721 2325; x_wconf 82' lang='lat' dir='ltr'>Mori</span> 
     </span>
     <span class='ocr_line' id='line_1_41' title="bbox 148 2340 1720 2391; baseline 0.001 -14"><span class='ocrx_word' id='word_1_395' title='bbox 148 2340 368 2378; x_wconf 87' lang='lat' dir='ltr'>consilium</span> <span class='ocrx_word' id='word_1_396' title='bbox 397 2340 668 2378; x_wconf 85' lang='lat' dir='ltr'>vehementer</span> <span class='ocrx_word' id='word_1_397' title='bbox 694 2341 834 2387; x_wconf 88' lang='lat' dir='ltr'>laudo,</span> <span class='ocrx_word' id='word_1_398' title='bbox 857 2341 1001 2391; x_wconf 89' lang='lat' dir='ltr'>illique</span> <span class='ocrx_word' id='word_1_399' title='bbox 1022 2355 1121 2379; x_wconf 86' lang='lat' dir='ltr'>sane</span> <span class='ocrx_word' id='word_1_400' title='bbox 1150 2342 1227 2379; x_wconf 91' lang='lat' dir='ltr'>hoc</span> <span class='ocrx_word' id='word_1_401' title='bbox 1256 2343 1425 2380; x_wconf 89' lang='lat' dir='ltr'>nomine</span> <span class='ocrx_word' id='word_1_402' title='bbox 1454 2343 1652 2380; x_wconf 82' lang='lat' dir='ltr'>maiorem</span> <span class='ocrx_word' id='word_1_403' title='bbox 1679 2343 1720 2379; x_wconf 92' lang='lat' dir='ltr'>in</span> 
     </span>
     <span class='ocr_line' id='line_1_42' title="bbox 149 2395 1721 2446; baseline 0.001 -14"><span class='ocrx_word' id='word_1_404' title='bbox 149 2395 322 2432; x_wconf 87' lang='lat' dir='ltr'>modum</span> <span class='ocrx_word' id='word_1_405' title='bbox 363 2395 554 2443; x_wconf 82' lang='lat' dir='ltr'>gratulor</span> <span class='ocrx_word' id='word_1_406' title='bbox 615 2395 737 2433; x_wconf 87' lang='lat' dir='ltr'>Nunc</span> <span class='ocrx_word' id='word_1_407' title='bbox 776 2397 886 2433; x_wconf 90' lang='lat' dir='ltr'>enim</span> <span class='ocrx_word' id='word_1_408' title='bbox 927 2397 968 2433; x_wconf 93' lang='lat' dir='ltr'>in</span> <span class='ocrx_word' id='word_1_409' title='bbox 1008 2397 1214 2434; x_wconf 88' lang='lat' dir='ltr'>obeundis</span> <span class='ocrx_word' id='word_1_410' title='bbox 1254 2398 1474 2446; x_wconf 84' lang='lat' dir='ltr'>presertim</span> <span class='ocrx_word' id='word_1_411' title='bbox 1514 2397 1721 2434; x_wconf 86' lang='lat' dir='ltr'>eiusmodi</span> 
     </span>
     <span class='ocr_line' id='line_1_43' title="bbox 149 2450 1720 2500; baseline 0 -13"><span class='ocrx_word' id='word_1_412' title='bbox 149 2450 482 2499; x_wconf 77' lang='lat' dir='ltr'>magistratibus,</span> <span class='ocrx_word' id='word_1_413' title='bbox 499 2455 771 2500; x_wconf 85' lang='lat' dir='ltr'>preterquam</span> <span class='ocrx_word' id='word_1_414' title='bbox 793 2451 907 2500; x_wconf 90' lang='lat' dir='ltr'>quod</span> <span class='ocrx_word' id='word_1_415' title='bbox 928 2451 983 2489; x_wconf 90' lang='lat' dir='ltr'>ad</span> <span class='ocrx_word' id='word_1_416' title='bbox 1004 2451 1141 2489; x_wconf 90' lang='lat' dir='ltr'>multa</span> <span class='ocrx_word' id='word_1_417' title='bbox 1162 2452 1489 2497; x_wconf 88' lang='lat' dir='ltr'>conniuendum,</span> <span class='ocrx_word' id='word_1_418' title='bbox 1507 2451 1720 2488; x_wconf 86' lang='lat' dir='ltr'>interdum</span> 
     </span>
     <span class='ocr_line' id='line_1_44' title="bbox 149 2504 1782 2555; baseline 0 -14"><span class='ocrx_word' id='word_1_419' title='bbox 149 2506 279 2542; x_wconf 84' lang='lat' dir='ltr'>eciam</span> <span class='ocrx_word' id='word_1_420' title='bbox 303 2504 616 2542; x_wconf 82' lang='lat' dir='ltr'>assentiendum</span> <span class='ocrx_word' id='word_1_421' title='bbox 639 2509 703 2542; x_wconf 86' lang='lat' dir='ltr'>est</span> <span class='ocrx_word' id='word_1_422' title='bbox 723 2510 863 2555; x_wconf 89' lang='lat' dir='ltr'>preter</span> <span class='ocrx_word' id='word_1_423' title='bbox 883 2506 1012 2544; x_wconf 91' lang='lat' dir='ltr'>animi</span> <span class='ocrx_word' id='word_1_424' title='bbox 1033 2507 1304 2551; x_wconf 86' lang='lat' dir='ltr'>sentenciam,</span> <span class='ocrx_word' id='word_1_425' title='bbox 1326 2519 1409 2543; x_wconf 90' lang='lat' dir='ltr'>non</span> <span class='ocrx_word' id='word_1_426' title='bbox 1438 2506 1560 2543; x_wconf 81' lang='lat' dir='ltr'>facile</span> <span class='ocrx_word' id='word_1_427' title='bbox 1589 2506 1722 2555; x_wconf 72' lang='lat' dir='ltr'>possis</span> <span class='ocrx_word' id='word_1_428' title='bbox 1740 2520 1782 2547; x_wconf 75' lang='lat' dir='ltr'>qo</span> 
     </span>
     <span class='ocr_line' id='line_1_45' title="bbox 150 2559 1721 2610; baseline 0.001 -15"><span class='ocrx_word' id='word_1_429' title='bbox 150 2560 377 2608; x_wconf 85' lang='lat' dir='ltr'>quicquam</span> <span class='ocrx_word' id='word_1_430' title='bbox 400 2560 487 2596; x_wconf 85' lang='lat' dir='ltr'>sine</span> <span class='ocrx_word' id='word_1_431' title='bbox 509 2559 694 2608; x_wconf 84' lang='lat' dir='ltr'>periculo</span> <span class='ocrx_word' id='word_1_432' title='bbox 715 2573 848 2609; x_wconf 80' lang='lat' dir='ltr'>agere.</span> <span class='ocrx_word' id='word_1_433' title='bbox 908 2560 996 2598; x_wconf 88' lang='lat' dir='ltr'>Nos</span> <span class='ocrx_word' id='word_1_434' title='bbox 1022 2560 1086 2597; x_wconf 86' lang='lat' dir='ltr'>hie</span> <span class='ocrx_word' id='word_1_435' title='bbox 1112 2561 1166 2598; x_wconf 85' lang='lat' dir='ltr'>ab</span> <span class='ocrx_word' id='word_1_436' title='bbox 1191 2561 1466 2610; x_wconf 81' lang='lat' dir='ltr'>Ewangelicis</span> <span class='ocrx_word' id='word_1_437' title='bbox 1494 2561 1584 2597; x_wconf 81' lang='lat' dir='ltr'>istis</span> <span class='ocrx_word' id='word_1_438' title='bbox 1612 2573 1721 2597; x_wconf 80' lang='lat' dir='ltr'>nunc</span> 
     </span>
     <span class='ocr_line' id='line_1_46' title="bbox 150 2614 1722 2664; baseline 0.001 -14"><span class='ocrx_word' id='word_1_439' title='bbox 150 2614 319 2663; x_wconf 88' lang='lat' dir='ltr'>quidem</span> <span class='ocrx_word' id='word_1_440' title='bbox 342 2614 444 2651; x_wconf 83' lang='lat' dir='ltr'>nihil</span> <span class='ocrx_word' id='word_1_441' title='bbox 468 2615 676 2651; x_wconf 84' lang='lat' dir='ltr'>timemus.</span> <span class='ocrx_word' id='word_1_442' title='bbox 727 2614 808 2652; x_wconf 90' lang='lat' dir='ltr'>Sed</span> <span class='ocrx_word' id='word_1_443' title='bbox 829 2616 1008 2653; x_wconf 83' lang='lat' dir='ltr'>suboriri</span> <span class='ocrx_word' id='word_1_444' title='bbox 1030 2617 1112 2653; x_wconf 86' lang='lat' dir='ltr'>iam</span> <span class='ocrx_word' id='word_1_445' title='bbox 1134 2616 1266 2652; x_wconf 83' lang='lat' dir='ltr'>eciam</span> <span class='ocrx_word' id='word_1_446' title='bbox 1289 2615 1490 2653; x_wconf 83' lang='lat' dir='ltr'>videntur</span> <span class='ocrx_word' id='word_1_447' title='bbox 1510 2615 1624 2664; x_wconf 85' lang='lat' dir='ltr'>apud</span> <span class='ocrx_word' id='word_1_448' title='bbox 1646 2627 1722 2651; x_wconf 83' lang='lat' dir='ltr'>nos</span> 
     </span>
     <span class='ocr_line' id='line_1_47' title="bbox 151 2668 1721 2719; baseline 0 -14"><span class='ocrx_word' id='word_1_449' title='bbox 151 2668 284 2706; x_wconf 85' lang='lat' dir='ltr'>veluti</span> <span class='ocrx_word' id='word_1_450' title='bbox 305 2669 528 2706; x_wconf 82' lang='lat' dir='ltr'>seminaria</span> <span class='ocrx_word' id='word_1_451' title='bbox 550 2669 730 2717; x_wconf 82' lang='lat' dir='ltr'>quedam</span> <span class='ocrx_word' id='word_1_452' title='bbox 753 2669 1011 2708; x_wconf 88' lang='lat' dir='ltr'>sedicionum</span> <span class='ocrx_word' id='word_1_453' title='bbox 1034 2671 1346 2711; x_wconf 75' lang='lat' dir='ltr'>intestinarum,</span> <span class='ocrx_word' id='word_1_454' title='bbox 1368 2683 1477 2719; x_wconf 89' lang='lat' dir='ltr'>quae</span> <span class='ocrx_word' id='word_1_455' title='bbox 1499 2671 1531 2706; x_wconf 88' lang='lat' dir='ltr'>si</span> <span class='ocrx_word' id='word_1_456' title='bbox 1556 2669 1721 2715; x_wconf 71' lang='lat' dir='ltr'>longius</span> 
     </span>
     <span class='ocr_line' id='line_1_48' title="bbox 151 2723 1721 2774; baseline -0.001 -14"><span class='ocrx_word' id='word_1_457' title='bbox 151 2736 193 2760; x_wconf 89' lang='lat' dir='ltr'>se</span> <span class='ocrx_word' id='word_1_458' title='bbox 222 2723 452 2772; x_wconf 85' lang='lat' dir='ltr'>proferant,</span> <span class='ocrx_word' id='word_1_459' title='bbox 481 2723 711 2772; x_wconf 80' lang='lat' dir='ltr'>periculum</span> <span class='ocrx_word' id='word_1_460' title='bbox 737 2728 801 2761; x_wconf 90' lang='lat' dir='ltr'>est</span> <span class='ocrx_word' id='word_1_461' title='bbox 828 2737 880 2762; x_wconf 91' lang='lat' dir='ltr'>ne</span> <span class='ocrx_word' id='word_1_462' title='bbox 908 2725 1028 2762; x_wconf 85' lang='lat' dir='ltr'>nobis</span> <span class='ocrx_word' id='word_1_463' title='bbox 1059 2726 1199 2774; x_wconf 82' lang='lat' dir='ltr'>pariat</span> <span class='ocrx_word' id='word_1_464' title='bbox 1230 2724 1443 2762; x_wconf 78' lang='lat' dir='ltr'>tumultus</span> <span class='ocrx_word' id='word_1_465' title='bbox 1470 2723 1721 2773; x_wconf 78' lang='lat' dir='ltr'>euangelicis</span> 
     </span>
    </p>
   </div>
   <div class='ocr_carea' id='block_1_3' title="bbox 371 2806 1499 2847">
    <p class='ocr_par' dir='ltr' id='par_1_5' title="bbox 371 2806 1499 2847">
     <span class='ocr_line' id='line_1_49' title="bbox 371 2806 1499 2847; baseline 0 -12"><span class='ocrx_word' id='word_1_466' title='bbox 371 2808 424 2845; x_wconf 46' lang='lat'>4⁴27.</span> <span class='ocrx_word' id='word_1_467' title='bbox 450 2806 549 2846; x_wconf 84' lang='lat' dir='ltr'>quod</span> <span class='ocrx_word' id='word_1_468' title='bbox 569 2806 628 2836; x_wconf 79' lang='lat' dir='ltr'>La.</span> <span class='ocrx_word' id='word_1_469' title='bbox 650 2806 700 2836; x_wconf 72' lang='lat' dir='ltr'>E:</span> <span class='ocrx_word' id='word_1_470' title='bbox 726 2807 814 2847; x_wconf 90' lang='lat' dir='ltr'>quid</span> <span class='ocrx_word' id='word_1_471' title='bbox 831 2807 912 2838; x_wconf 82' lang='lat' dir='ltr'>MS.</span> <span class='ocrx_word' id='word_1_472' title='bbox 1064 2817 1116 2847; x_wconf 82' lang='lat'>55.</span> <span class='ocrx_word' id='word_1_473' title='bbox 1144 2812 1180 2838; x_wconf 91' lang='lat' dir='ltr'>te</span> <span class='ocrx_word' id='word_1_474' title='bbox 1200 2808 1261 2839; x_wconf 81' lang='lat' dir='ltr'>La.</span> <span class='ocrx_word' id='word_1_475' title='bbox 1283 2808 1332 2837; x_wconf 78' lang='lat' dir='ltr'>E:</span> <span class='ocrx_word' id='word_1_476' title='bbox 1360 2811 1400 2838; x_wconf 84' lang='lat' dir='ltr'>tu</span> <span class='ocrx_word' id='word_1_477' title='bbox 1421 2806 1499 2836; x_wconf 73' lang='lat' dir='ltr'>MS.</span> 
     </span>
    </p>
   </div>
   <div class='ocr_carea' id='block_1_4' title="bbox 169 2884 376 2886">
    <p class='ocr_par' dir='ltr' id='par_1_6' title="bbox 169 2884 376 2886">
     <span class='ocr_line' id='line_1_50' title="bbox 169 2884 376 2886; baseline 0 0"><span class='ocrx_word' id='word_1_478' title='bbox 169 2884 376 2886; x_wconf 95' lang='lat' dir='ltr'> </span> 
     </span>
    </p>
   </div>
   <div class='ocr_carea' id='block_1_5' title="bbox 153 2915 1478 2990">
    <p class='ocr_par' dir='ltr' id='par_1_7' title="bbox 153 2915 1478 2990">
     <span class='ocr_line' id='line_1_51' title="bbox 197 2915 1478 2956; baseline 0.001 -12"><span class='ocrx_word' id='word_1_479' title='bbox 197 2924 249 2953; x_wconf 89' lang='lat'>70.</span> <span class='ocrx_word' id='word_1_480' title='bbox 275 2915 515 2954; x_wconf 75' lang='lat' dir='ltr'>epigrannnn]</span> <span class='ocrx_word' id='word_1_481' title='bbox 534 2915 598 2945; x_wconf 71' lang='lat' dir='ltr'>W&#39;e</span> <span class='ocrx_word' id='word_1_482' title='bbox 617 2915 709 2945; x_wconf 76' lang='lat' dir='ltr'>have</span> <span class='ocrx_word' id='word_1_483' title='bbox 727 2920 792 2946; x_wconf 85' lang='lat' dir='ltr'>not</span> <span class='ocrx_word' id='word_1_484' title='bbox 810 2916 901 2946; x_wconf 87' lang='lat' dir='ltr'>been</span> <span class='ocrx_word' id='word_1_485' title='bbox 1015 2918 1067 2947; x_wconf 81' lang='lat'>81.</span> <span class='ocrx_word' id='word_1_486' title='bbox 1096 2917 1287 2954; x_wconf 79' lang='lat' dir='ltr'>Ioannem]</span> <span class='ocrx_word' id='word_1_487' title='bbox 1306 2916 1478 2956; x_wconf 71' lang='lat' dir='ltr'>Zapolyu.</span> 
     </span>
     <span class='ocr_line' id='line_1_52' title="bbox 153 2959 511 2990; baseline 0 -1"><span class='ocrx_word' id='word_1_488' title='bbox 153 2959 235 2989; x_wconf 81' lang='lat' dir='ltr'>able</span> <span class='ocrx_word' id='word_1_489' title='bbox 253 2963 291 2990; x_wconf 87' lang='lat' dir='ltr'>to</span> <span class='ocrx_word' id='word_1_490' title='bbox 309 2963 408 2990; x_wconf 79' lang='lat' dir='ltr'>traco</span> <span class='ocrx_word' id='word_1_491' title='bbox 426 2959 511 2989; x_wconf 81' lang='lat' dir='ltr'>this.</span> 
     </span>
    </p>
   </div>
  </div>
 </body>
</html>
