1966 3379
61 165 183 215 2690]
561 163 633 201 To
664 162 896 201 THOMAs
928 162 1003 199 DE
1036 160 1131 199 vio
1581 161 1630 197 67

61 270 162 308 dum
188 283 262 320 per
286 270 571 318 ignorantiam
597 281 621 305 a
646 271 762 305 recta
788 268 857 304 via
883 266 1113 303 deflectens
1138 266 1278 302 euitat
1305 265 1632 302 Donatistarum

62 325 245 370 insidias,
268 325 329 361 ita
350 324 453 361 mihi
475 323 688 360 Ambrosii
709 321 1037 371 Gumpenbergii
1061 333 1188 365 error,
1212 321 1284 369 qui
1307 319 1508 357 credebat
1536 324 1633 356 tuas

61 380 115 418 ad
138 393 203 417 me
226 379 370 416 literas
392 378 595 416 fasciculo
617 378 834 414 admixtas
850 389 952 421 esse,
971 377 1084 413 viam
1103 376 1272 424 aperuit
1289 374 1343 411 ad
1362 375 1406 411 T.
1428 374 1479 411 R.
1499 374 1631 423 digniÎ‡
1654 384 1671 413 5

61 435 165 472 tatis
197 434 442 471 amicitiam.
503 432 719 482 Siquidem
753 436 874 469 tuam
906 444 1006 480 erga
1039 443 1105 467 me
1142 429 1485 467 beneuolentiam
1519 429 1633 466 haud

61 489 144 527 alio
164 492 418 538 argumento
438 487 678 525 euidentius
700 487 908 536 perspicio
930 498 1058 535 quam
1081 484 1195 534 quod
1225 484 1423 534 prudenti
1445 483 1570 521 simul
1591 488 1634 521 et

60 544 196 582 amico
212 543 386 581 consilio
404 543 613 580 rationem
631 541 820 579 ostendis
838 554 922 590 qua
939 541 1100 590 pariter
1115 544 1159 577 et
1177 539 1396 576 hominum
1416 539 1482 576 vel
1499 539 1632 588 suspi-

61 600 199 636 ciones
221 598 288 635 vel
313 598 565 635 offensiones
586 597 752 634 valeam
777 596 958 639 abolere,
984 599 1028 633 et
1053 594 1207 632 studiis
1229 595 1331 631 meis
1353 607 1401 631 ac
1423 594 1635 631 senectuti

61 653 114 691 ab
136 653 473 690 oblatratoribus
493 653 679 701 quietem
702 651 918 689 redimere.
1659 660 1698 680 10

116 707 238 754 Quod
255 707 405 745 suadet
422 711 499 745 tua
517 707 568 745 R,
588 707 637 744 D.
661 708 745 744 iam
768 719 862 743 mea
879 709 1032 755 sponte
1049 717 1204 754 magna
1220 717 1270 741 ex
1287 708 1408 753 parte
1427 704 1634 753 praestiti,

62 763 223 801 notatis
250 766 294 800 et
322 763 520 800 correctis
548 761 649 800 locis
678 761 983 811 compluribus,
1006 761 1047 797 in
1070 759 1226 809 quibus
1248 759 1521 796 indubitatus
1543 763 1637 796 erat

61 818 218 867 lapsus,
234 817 299 854 vel
318 830 449 862 meus,
468 817 535 854 vel
553 816 934 866 typographorum.
987 815 1325 853 Moderationem
1343 818 1489 851 autem
1507 826 1636 863 quam

62 873 251 922 requiris,
274 873 358 909 iam
381 873 568 910 omnium
591 872 746 909 iudicio
774 871 984 920 praestiti,
1008 870 1267 920 respondens
1292 869 1480 906 censuris
1502 869 1635 906 Theo-

62 928 254 977 logorum
278 927 592 972 Parisiensium,
621 939 729 975 quae
757 939 892 976 nuper
921 925 1143 963 facultatis
1172 925 1343 962 nomine
1371 924 1636 974 prodierunt,
1660 934 1697 964 15

62 995 194 1032 quum
212 995 360 1020 reuera
376 983 462 1020 sint
484 983 608 1019 vnius
631 982 813 1019 hominis
836 981 1065 1030 irrequieti,
1087 993 1136 1017 ac
1152 979 1359 1017 eiusmodi
1382 979 1571 1016 moribus
1589 983 1638 1016 vt

62 1050 137 1075 suo
158 1037 334 1086 collegio
356 1038 426 1074 vix
450 1038 506 1074 sit
527 1036 774 1074 tolerabilis.
836 1036 981 1074 Toties
1003 1035 1106 1073 mihi
1128 1035 1337 1072 occinitur
1358 1034 1637 1084 Augustinus,

61 1096 108 1130 at
128 1105 205 1142 ego
226 1105 311 1129 non
333 1091 461 1142 paulo
482 1092 543 1129 fui
565 1092 750 1129 seuerior
771 1092 813 1128 in
835 1104 949 1128 meas
972 1091 1290 1128 lucubrationes
1312 1102 1440 1138 quam
1470 1090 1513 1127 in
1541 1102 1638 1126 suas

62 1147 146 1184 fuit
166 1147 443 1196 Augustinus,
466 1147 538 1196 qui
560 1147 909 1184 retractationem
933 1145 1137 1196 appellat,
1155 1158 1241 1182 non
1264 1145 1540 1194 palinodiam,
1565 1144 1639 1182 sed

62 1203 348 1240 recensionem
381 1215 553 1239 suorum
585 1215 774 1251 operum,
810 1214 861 1238 ne
894 1201 998 1250 quid
1034 1200 1321 1238 intercideret.
1383 1199 1638 1249 Quanquam
1660 1211 1701 1232 20

62 1257 201 1295 obiter
222 1257 431 1306 quaedam
454 1257 627 1306 corrigit
650 1257 763 1294 haud
794 1257 936 1306 magni
965 1256 1184 1299 momenti,
1213 1254 1420 1293 nonnulla
1448 1255 1640 1292 defendit

63 1312 178 1350 haud
208 1312 369 1361 absque
401 1313 537 1362 specie
568 1312 944 1361 tergiuersationis.
1006 1311 1154 1360 Neque
1182 1323 1282 1348 vero
1312 1323 1498 1347 recusem
1528 1310 1639 1347 idem

62 1367 200 1404 facere
236 1367 278 1404 in
310 1368 508 1404 vniuersa
539 1368 698 1417 scripta
728 1380 835 1409 mea,
870 1367 903 1403 si
937 1366 1064 1403 modo
1097 1369 1265 1403 constet
1301 1378 1410 1414 quae
1445 1365 1538 1402 loca
1573 1365 1640 1402 vel

62 1435 246 1460 errorem
270 1422 468 1467 habeant,
487 1422 554 1459 vel
572 1422 625 1459 ob
642 1422 897 1459 affinitatem
914 1422 1066 1459 erroris
1084 1421 1304 1471 probabile
1321 1420 1639 1458 offendiculum.

64 1476 145 1514 Sed
174 1477 276 1526 quid
306 1477 461 1514 faciam
490 1477 542 1514 ad
572 1477 664 1514 loea
693 1477 1070 1526 reprehensoribus
1098 1489 1183 1513 non
1205 1475 1437 1518 intellecta,
1460 1475 1564 1525 quid
1586 1475 1641 1513 ad
1663 1486 1701 1515 25

63 1532 314 1582 deprauata,
338 1532 441 1581 quid
463 1532 516 1569 ad
539 1532 748 1569 malitiose
770 1533 812 1568 in
839 1532 1025 1569 alienum
1053 1544 1223 1569 sensum
1247 1531 1430 1573 detorta,
1455 1531 1558 1580 quid
1586 1531 1641 1568 ab

64 1587 147 1625 alia
168 1600 349 1637 persona
369 1587 421 1624 ad
446 1587 587 1631 aliam,
609 1587 664 1624 ab
686 1586 779 1624 aliis
801 1587 1065 1636 temporibus
1088 1587 1141 1624 ad
1161 1586 1263 1624 haec
1287 1585 1530 1624 translata?
1585 1586 1641 1623 Et

65 1642 189 1679 huius
209 1643 371 1692 generis
393 1646 494 1680 sunt
517 1642 742 1692 plaeraque
765 1655 873 1691 quae
896 1642 997 1679 mihi
1015 1641 1254 1691 complures
1272 1642 1557 1689 obganniunt,
1575 1641 1641 1678 vel

65 1697 162 1741 odii,
186 1697 252 1734 vel
276 1697 472 1742 inuidiae,
495 1697 562 1735 Vel
584 1697 741 1746 gloriae
764 1710 904 1735 causa.
959 1697 1144 1746 Fingunt
1166 1697 1223 1733 illi
1247 1697 1419 1746 quidem
1441 1697 1642 1734 eeclesiae

66 1752 215 1795 zelum,
248 1752 319 1790 sed
348 1756 493 1790 tamen
526 1765 746 1801 nunquam
780 1765 845 1789 me
877 1752 1118 1802 capitalius,
1150 1752 1412 1797 inuaserant,
1437 1765 1566 1801 quam
1600 1751 1641 1789 id
1663 1763 1704 1792 30

65 1808 269 1857 temporis
290 1820 423 1856 quum
446 1808 485 1844 in
510 1808 738 1845 Germania
760 1808 944 1845 maxime
962 1807 1249 1857 depugnarem
1268 1820 1364 1844 cum
1382 1808 1506 1844 sectis
1524 1808 1640 1844 inua-

66 1862 336 1900 lescentibus.
398 1863 454 1900 Et
476 1867 576 1900 sunt
598 1863 867 1912 quorundam
898 1867 987 1900 tam
1017 1863 1192 1900 sinistra
1220 1862 1378 1900 iudicia
1406 1866 1468 1907 vt,
1498 1862 1530 1899 si
1560 1862 1643 1899 illis

66 1918 222 1954 seruire
245 1917 386 1961 velim,
404 1930 454 1954 ea
475 1917 577 1954 mihi
597 1917 785 1955 tollenda
804 1917 946 1955 forent
963 1931 984 1955 e
1002 1918 1171 1967 scriptis
1191 1918 1306 1959 meis,
1325 1930 1433 1967 quae
1452 1917 1643 1955 homines

65 1972 181 2009 docti
203 1972 324 2009 iuxta
345 1985 392 2009 ae
416 1973 472 2022 pii
496 1973 687 2010 iudicant
707 1986 797 2010 csse
820 1974 996 2022 optima.

121 2026 163 2064 Si
185 2027 287 2063 mihi
310 2027 375 2064 vel
399 2028 509 2064 mica
529 2031 640 2065 esset
665 2027 904 2065 haereticae
933 2029 1102 2071 mentis,
1126 2028 1379 2078 iampridem
1398 2032 1465 2065 tot
1487 2029 1642 2077 impro-
1665 2038 1705 2069 35

67 2081 130 2119 bis
166 2082 530 2120 oblatratiouibus
565 2083 744 2126 efferari,
781 2087 824 2120 et
861 2084 901 2120 in
939 2083 1250 2121 haereticorum
1287 2088 1429 2120 castra
1462 2084 1644 2120 transire

66 2140 271 2186 poteram.
362 2137 486 2174 Nunc
530 2151 581 2175 ne
623 2151 754 2175 vnum
796 2138 967 2187 quidem
1008 2138 1264 2188 discipulum
1310 2138 1413 2175 mihi
1454 2151 1643 2188 vnquam

65 2191 256 2237 adiunxi,
279 2192 351 2229 sed
374 2193 406 2229 si
429 2206 535 2241 quos
558 2194 679 2243 potui
701 2193 896 2235 auellere,
920 2194 1078 2231 tradidi
1100 2193 1313 2234 ecelesiae,
1332 2193 1646 2243 condiscipulos

67 2246 178 2284 illius
204 2247 366 2284 malens
392 2261 520 2296 quam
549 2261 663 2285 meos
688 2248 928 2298 discipulos.
991 2248 1139 2286 Multis
1168 2249 1342 2293 obtieui,
1369 2249 1537 2286 nullum
1562 2261 1645 2286 non

68 2302 148 2338 vici
193 2301 497 2340 moderatione.
572 2303 652 2340 Sed
699 2307 919 2352 vtcunque
965 2304 1066 2341 haee
1116 2303 1292 2345 habent,
1335 2304 1448 2353 quod
1494 2304 1646 2341 suadet
1667 2315 1708 2345 40

68 2356 114 2393 T.
150 2356 402 2394 Reuerentia
433 2358 675 2407 prudentia,
707 2371 954 2407 quanquam
987 2359 1028 2395 id
1061 2372 1154 2396 mea
1185 2363 1337 2408 sponte
1373 2359 1645 2401 destinaram,

69 2410 146 2448 hoc
172 2415 316 2449 tamen
344 2411 499 2449 faciam
525 2413 720 2457 alacrius,
747 2413 861 2462 quod
890 2418 1062 2451 tantum
1092 2414 1270 2451 habeam
1303 2414 1427 2451 huius
1456 2415 1647 2451 instituti

69 2467 453 2515 comprobatorem.
515 2468 598 2505 Ora
629 2468 968 2517 obloquentium,
1001 2469 1115 2517 quod
1150 2474 1195 2506 tu
1231 2482 1389 2518 speras,
1426 2482 1646 2517 nunquam

69 2534 238 2570 prorsus
260 2521 496 2568 obstruam,
526 2523 744 2560 duntaxat
772 2537 932 2566 eorum,
962 2525 1033 2573 qui
1064 2524 1104 2561 id
1132 2524 1281 2561 morbo
1309 2525 1439 2561 animi
1469 2524 1644 2561 faciunt.

548 2605 599 2625 20.
625 2595 715 2635 quid
733 2596 967 2635 scripsimus:
996 2596 1094 2636 quod
1115 2596 1160 2626 K.

113 2690 144 2719 4.
170 2680 474 2720 Gumpenbtâ€˜rgii]
494 2682 559 2711 800
581 2682 648 2722 Ep.
669 2688 765 2716 2010.
898 2684 952 2713 liis
968 2684 1055 2713 New
1071 2684 1300 2714 'Posiunwnr
1354 2684 1422 2713 For
1437 2685 1499 2713 tlw
1515 2688 1585 2713 rost
1605 2685 1648 2713 lw

118 2733 165 2753 11.
192 2724 296 2760 Quod
323 2725 470 2762 suadet]
496 2726 604 2755 From
635 2726 699 2765 1â´11).
731 2736 824 2765 2730.
898 2728 1410 2766 11111k0sâ€¹Î‡lâ€¹=a1Î‡(ll.51ff5itimt
1437 2729 1478 2757 luÎ‡
1502 2728 1572 2757 haul
1594 2728 1649 2757 for

77 2776 181 2800 12:10
200 2769 359 2798 itwould
380 2780 476 2798 seem
499 2770 582 2799 that
605 2770 649 2799 (io
670 2771 735 2800 Vio
755 2771 825 2801 liud
896 2782 995 2800 some
1015 2772 1103 2801 timo
1123 2772 1193 2801 liud
1215 2773 1247 2801 in
1268 2772 1369 2801 mind
1394 2778 1432 2801 io
1460 2772 1574 2801 revise
1594 2772 1648 2800 his

76 2811 187 2849 urged
219 2823 318 2852 upon
352 2813 528 2843 Erasinus
553 2824 574 2843 a
598 2815 743 2854 general
776 2826 824 2844 Î¹ÏŠ-
895 2816 1158 2845 controversia}
1185 2816 1305 2845 works
1332 2817 1365 2845 in
1393 2817 1455 2845 tlw
1479 2816 1580 2854 spirit
1612 2816 1648 2844 of

72 2855 189 2884 vis-ion
204 2856 240 2885 of
255 2857 448 2890 his-books:
469 2857 708 2896 â€¹Î‡f.}â´]1â€º.27.â·8.
725 2861 764 2897 84
793 2862 822 2888 Î—.
897 2860 1126 2889 nioderutiou
1157 2860 1212 2889 for
1241 2860 1356 2889 wliivli
1387 2861 1448 2889 tlw
1478 2859 1647 2889 (Â¹urdinul

72 2898 187 2928 XVlwn
211 2900 384 2930 Erasmus
403 2911 487 2940 says
506 2901 590 2931 that
617 2903 649 2931 iii
677 2907 761 2941 part
781 2903 824 2932 luÎ‡
896 2903 1061 2943 plvudml.

73 2942 136 2971 has
154 2942 249 2973 done
264 2944 326 2973 1110
343 2945 443 2974 work
458 2945 606 2985 already
621 2946 694 2975 und
710 2947 824 2986 hopes
943 2954 990 2976 io.
1018 2948 1140 2984 vuius-1
1162 2947 1272 2977 imin.

74 2989 111 3015 to
143 2986 250 3016 smish
282 2988 310 3017 it
338 2988 462 3017 before
488 2993 578 3019 noxi
612 2990 752 3023 lens-tor,
781 2991 824 3019 lw
942 3001 990 3021 iti.
1019 2992 1336 3028 wli-amntionem]
1364 2992 1428 3019 Son
1455 2991 1520 3030 131Â³.
1553 2997 1649 3018 :mim

75 3040 157 3069 may
185 3031 227 3061 bo
254 3031 426 3071 thinking
451 3032 488 3062 of
515 3033 577 3063 tho
604 3034 759 3063 revision
787 3035 823 3063 os
896 3042 934 3064 ,á¼ª
962 3045 1016 3074 7Â¹Â¹Î‡
