1966 3379
116 92 237 143 2894]
511 91 671 130 FROM
702 90 1004 129 TIELMANN
1035 89 1290 128 GRAVIUS
1607 90 1683 127 341

169 195 207 234 S.
233 197 277 234 P.
329 196 513 234 Videbor
533 196 714 234 fortasse
736 196 800 233 tui
822 207 1009 233 amorem
1030 195 1201 244 penitus
1222 194 1435 239 abiecisse,
1458 194 1687 232 clarissime

114 252 179 288 vir
199 255 242 288 et
263 255 454 300 patrone,
477 251 723 288 mortalium
745 249 1139 294 obseruandissime,
1158 249 1273 297 quod
1289 261 1373 286 non
1390 250 1688 298 tempestiuius

115 305 370 343 doctissimis
387 307 546 355 pariter
561 310 603 342 et
619 305 925 342 amantissimis
942 303 1074 340 literis
1091 304 1176 340 tuis
1191 303 1400 352 respondi.
1453 302 1688 348 Quominus

113 359 157 397 id
187 359 349 396 factum
383 361 449 404 sit,
482 372 618 408 neque
653 359 875 408 superbiae
910 371 1045 406 neque
1081 358 1350 406 contemptui
1385 370 1522 406 neque
1558 357 1686 406 negli-

114 414 280 463 gentiae
321 414 393 451 sed
428 414 659 451 innumeris
698 413 880 462 negociis
916 413 1019 449 meis
1053 416 1097 449 et
1132 411 1497 461 occupationibus,
1535 412 1726 460 quibus5

115 468 379 517 aliquamdiu
414 468 614 506 detentus
648 468 722 509 fui,
759 467 954 511 ascribes,
986 467 1210 516 presertim
1242 467 1284 503 in
1315 467 1488 515 negocio
1519 466 1686 503 coadiu-

115 523 249 559 toriae
283 522 587 572 archiepiscopi
622 523 780 560 nostri:
825 522 898 570 qui
929 521 983 558 ob
1018 522 1385 569 ingrauescentem
1421 524 1610 557 aetatem
1645 525 1687 557 et

114 577 198 614 alia
237 577 440 626 pleraque
472 576 754 620 incommoda,
791 588 872 624 que
907 575 1169 625 principibus
1205 575 1283 612 hoc
1319 574 1689 612 turbulentissimo

115 631 564 680 exulceratissimoque
595 631 736 668 seculo
767 630 957 679 quotidie
989 630 1057 667 vel
1088 634 1288 667 sexcenta
1316 629 1566 673 obueniunt,
1596 629 1687 666 illu·

115 690 247 723 strem
268 687 467 723 comitem
489 685 733 735 Adolphum
756 685 807 722 de
829 684 1180 733 Schauwenberg,
1203 685 1343 721 virum
1366 684 1465 721 licet
1491 685 1689 721 iuuenem
1712 700 1750 720 10

115 740 345 790 prudentia
366 745 512 778 tamen
534 740 760 790 plusquam
783 739 902 776 senili
916 752 959 776 ec
973 738 1225 776 admiranda
1247 738 1443 776 doctrina
1460 738 1688 788 preditum,

115 795 159 834 in
198 795 491 832 coadiutorem
531 795 608 832 sibi
649 794 806 844 delegit
845 794 1106 831 auctoritate
1147 793 1381 842 apostolica
1421 793 1611 830 dandum
1647 798 1691 830 et

116 849 469 887 confirmandum.
520 848 561 887 Si
579 849 755 886 vidisses
775 861 890 885 meos
907 848 1084 892 labores,
1103 860 1208 897 quos
1230 848 1272 884 in
1296 848 1373 885 hac
1395 860 1524 885 causa
1540 852 1688 885 exant-

117 903 216 948 laui,
240 903 342 941 dum
364 905 522 953 partim
544 903 689 941 literas
711 903 896 941 meditor
916 904 1075 952 partim
1097 903 1396 947 instrumenta,
1415 915 1496 951 que
1519 902 1689 952 prolixi-

117 962 208 995 tate
244 960 392 1007 queuis
427 959 556 996 etiam
588 957 806 1007 pontificia
837 957 1075 1007 diplomata
1106 961 1322 1006 superant,
1355 956 1542 998 conficio,
1575 956 1691 994 haud
1714 972 1750 1002 15

117 1025 223 1062 opus
245 1017 355 1050 esset
377 1013 480 1050 mihi
501 1012 617 1062 apud
638 1017 757 1050 tuam
781 1012 1035 1061 dignitatem
1058 1011 1144 1048 vlla
1166 1012 1432 1061 purgatione.

173 1067 296 1113 Quod
317 1067 522 1105 Bernardi
543 1067 617 1104 filii
642 1068 723 1104 mei
748 1079 894 1104 omnes
922 1067 1037 1104 vitae
1065 1067 1159 1103 istic
1188 1070 1386 1116 peractae
1414 1067 1689 1104 circumstan-

117 1122 200 1159 tias
222 1126 312 1159 tam
335 1122 447 1159 bona
468 1121 548 1159 fide
573 1121 676 1159 mihi
701 1121 952 1171 patefecisti,
980 1121 1094 1158 haud
1119 1121 1205 1158 scio
1228 1122 1305 1168 (ita
1330 1133 1396 1158 me
1422 1121 1537 1159 Deus
1558 1123 1690 1168 amet)

117 1189 171 1214 an
202 1176 285 1213 alio
316 1176 519 1214 beneficio
546 1189 612 1213 me
640 1176 718 1213 tibi
745 1177 905 1213 arctius
935 1177 1168 1225 astringere
1196 1176 1420 1225 potuisses.
1470 1175 1582 1213 Nam
1611 1188 1692 1225 que

117 1235 246 1268 antea
281 1231 333 1268 de
368 1231 480 1268 illius
515 1231 695 1280 ingenio,
728 1231 819 1268 vita
849 1235 893 1268 et
922 1231 1112 1268 moribus
1146 1231 1268 1279 quasi
1303 1243 1377 1281 per
1411 1230 1613 1268 nebulam
1650 1235 1691 1267 et
1714 1247 1754 1268 20

119 1286 252 1323 veluti
288 1287 330 1322 in
366 1287 578 1335 enigmate
611 1285 710 1330 vidi,
747 1298 860 1323 nunc
896 1290 1105 1334 tanquam
1139 1286 1182 1322 in
1217 1285 1388 1335 speculo
1424 1285 1555 1323 oculis
1590 1286 1693 1323 meis

118 1340 286 1378 obiecta
310 1341 459 1378 sentio.
510 1340 677 1378 Blanda
704 1344 931 1390 parentum
961 1339 1227 1389 indulgentia
1255 1344 1298 1377 et
1326 1341 1483 1378 amoris
1511 1341 1694 1377 caecitas

117 1396 160 1432 in
183 1395 337 1432 liberos
359 1395 615 1444 quandoque
637 1399 761 1432 tanta
787 1399 852 1432 est
874 1399 922 1432 vt
947 1407 995 1432 ea
1023 1407 1105 1444 que
1133 1395 1322 1444 ipsorum
1350 1394 1480 1432 saluti
1508 1395 1693 1432 maxime

118 1454 220 1487 sunt
251 1449 457 1487 salutaria
487 1450 722 1499 perspicere
749 1454 977 1498 nequeant.
1029 1449 1091 1486 Ea
1119 1450 1162 1486 in
1190 1454 1313 1499 parte
1341 1451 1421 1487 etsi
1446 1462 1471 1486 a
1495 1462 1562 1487 me
1587 1462 1692 1486 nun-

119 1517 248 1553 quam
270 1509 493 1554 peccatum
519 1510 583 1541 est
610 1507 777 1554 (vtpote
805 1505 877 1553 qui
904 1508 948 1542 et
976 1504 1091 1541 domi
1119 1505 1207 1554 ipse
1234 1508 1278 1541 et-
1305 1504 1406 1541 foris
1432 1504 1548 1554 apud
1575 1504 1693 1549 alios,
1714 1519 1754 1550 25

120 1559 274 1608 quibus
316 1559 493 1596 limandi
533 1559 829 1604 tradebantur,
872 1571 1036 1608 semper
1076 1560 1225 1596 curaui
1257 1563 1306 1596 vt
1341 1559 1420 1596 sub
1456 1559 1695 1597 arctissima

120 1613 344 1663 disciplina
366 1613 440 1650 filii
462 1614 543 1650 mei
559 1615 875 1662 retinerentur),
894 1618 1040 1651 tamen
1058 1613 1260 1651 ridiculus
1279 1615 1356 1651 sim
1374 1618 1416 1651 et
1439 1613 1502 1651 bis
1520 1614 1693 1659 stultus,

120 1669 154 1705 si
175 1668 290 1717 quod
316 1668 366 1705 de
393 1668 611 1706 Bernardo
633 1669 837 1718 scripsisti
866 1668 1021 1706 iudicio
1050 1669 1163 1705 tanti
1191 1669 1270 1705 viri
1295 1681 1381 1706 non
1403 1668 1693 1713 subsoribam;

120 1724 239 1760 cuius
260 1722 362 1760 fides
384 1723 485 1760 mihi
508 1735 672 1772 semper
692 1728 963 1761 sacrosancta
984 1723 1067 1760 fuit
1088 1728 1132 1760 et
1153 1724 1245 1768 erit,
1269 1723 1411 1773 quoad
1433 1724 1591 1761 vixero.

175 1776 281 1815 Cum
306 1777 429 1815 nobis
456 1777 700 1823 reuolasset,
726 1790 811 1815 non
839 1777 1072 1816 admodum
1101 1779 1279 1815 comiter
1304 1777 1515 1827 vultuque
1543 1791 1695 1828 parum
1716 1795 1757 1825 30

120 1832 243 1869 hilari
271 1845 296 1869 a
324 1845 390 1869 me
415 1837 618 1882 exceptus
646 1837 722 1870 est.
773 1833 830 1870 Et
858 1838 1004 1870 tamen
1030 1833 1219 1882 prudens
1250 1832 1389 1870 multa
1416 1833 1695 1878 dissimulaui,

121 1899 203 1936 que
236 1886 305 1924 ille
338 1887 527 1924 nondum
561 1887 760 1936 intelligit
791 1888 864 1925 sed
896 1887 996 1924 olim
1028 1887 1324 1925 intellecturus
1354 1892 1431 1932 est,
1464 1887 1566 1925 dum
1598 1888 1694 1925 sub-

119 1945 261 1978 tracta
284 1946 463 1991 paterna
485 1941 782 1980 beneuolentia
804 1943 890 1979 suis
918 1942 1184 1991 relinquetur
1208 1942 1322 1987 fatis,
1348 1947 1397 1980 vt
1423 1943 1479 1979 sit
1503 1947 1697 1992 potestas

120 1996 293 2033 viuendi
329 2000 377 2033 vt
409 1996 524 2033 velit.
575 1996 672 2034 Non
707 2009 984 2042 reuocassem,
1018 1998 1099 2034 nisi
1131 1997 1181 2034 de
1216 1998 1348 2047 ipsius
1382 1998 1496 2034 vitae
1531 1998 1697 2034 ratione

121 2055 210 2088 tam
234 2052 401 2100 ingrata
424 2064 475 2088 ex
499 2052 584 2088 tuis
604 2051 738 2089 literis
760 2053 1063 2101 cognouissem.
1115 2050 1217 2097 Quis
1238 2053 1350 2089 enim
1368 2056 1541 2102 cuperet
1562 2051 1696 2089 filium
1717 2067 1757 2098 35

122 2118 246 2142 suum
278 2110 368 2142 tam
397 2105 506 2142 male
534 2105 643 2155 frugi
668 2107 710 2143 in
736 2110 810 2144 tuo
836 2106 1050 2144 domicilio
1076 2107 1232 2151 viuere,
1259 2106 1372 2144 vnde
1398 2112 1540 2156 preter
1568 2106 1695 2144 mole-

121 2161 226 2197 stias
253 2165 296 2197 et
324 2160 601 2209 indignitates
631 2161 735 2198 nihil
766 2161 846 2198 tibi
876 2161 1172 2198 lucrifaceres?
1222 2161 1371 2207 Nemo,
1400 2163 1589 2210 inquam,
1618 2162 1698 2198 nisi

123 2215 195 2264 qui
217 2214 342 2264 plane
367 2215 544 2263 ignoret,
571 2227 699 2264 quam
728 2216 897 2265 ingrata
922 2220 965 2253 et
991 2215 1271 2254 intolerabilis
1299 2229 1364 2253 res
1391 2217 1445 2253 sit
1471 2216 1697 2253 doctorum

122 2269 344 2307 hominum
385 2269 528 2307 studia
562 2275 606 2307 et
641 2271 755 2308 vitae
790 2270 1152 2320 tranquillitatem
1188 2270 1463 2308 insolentium
1497 2271 1697 2308 conuictu

123 2324 387 2374 perturbare.
441 2324 726 2370 Persuaseras‚
758 2329 807 2363 vt
838 2325 905 2362 vel
936 2326 978 2362 in
1008 2325 1191 2363 Galliam
1218 2325 1284 2363 vel
1313 2327 1355 2362 in
1384 2325 1558 2363 Italiam
1583 2325 1696 2362 able·
1718 2342 1760 2372 40

122 2383 308 2428 garetur.
359 2377 461 2424 Quis
501 2392 640 2416 rerum
677 2393 850 2417 suarum
890 2381 1055 2418 iactura
1095 2380 1211 2418 istud
1251 2380 1410 2418 audeat
1448 2383 1697 2418 attentare?

124 2433 213 2479 Que
243 2446 341 2470 nam
373 2445 467 2482 spes
500 2433 635 2471 futuri
669 2434 887 2484 profectus
923 2436 1003 2472 erit
1039 2435 1155 2485 apud
1191 2435 1458 2473 mediocriter
1493 2435 1696 2479 eruditos,

123 2492 405 2538 posteaquam
428 2488 542 2538 apud
564 2501 777 2526 summum
799 2490 934 2527 tot-ius
959 2489 1179 2527 christiani
1208 2490 1320 2527 orbis
1346 2490 1567 2527 literarum
1589 2489 1697 2526 anti-

124 2543 270 2580 stitem
293 2548 382 2580 tam
405 2543 709 2592 poenitendum
730 2544 877 2582 fecerit
898 2544 1117 2582 fructum?
1167 2544 1297 2582 Cuius
1318 2545 1494 2594 imperio
1517 2544 1696 2593 parebit,

126 2598 159 2634 si
181 2597 336 2635 collum
359 2602 435 2634 tuo
456 2598 566 2645 iugo,
589 2611 674 2647 quo
697 2598 855 2636 homini
884 2599 1076 2637 studioso
1102 2599 1206 2636 nihil
1236 2599 1382 2643 leuius,
1411 2599 1515 2636 nihil
1545 2598 1696 2635 tolera·
1718 2614 1758 2645 45

125 2651 264 2697 bilius,
286 2652 389 2689 nihil
412 2653 587 2689 suauius
609 2665 698 2690 esse
719 2658 874 2703 posset,
897 2654 1078 2692 subdere
1106 2654 1275 2691 noluit?
1325 2653 1460 2695 Certe,
1484 2658 1533 2690 vt·
1554 2653 1699 2702 paucis

126 2707 269 2743 omnia
296 2706 424 2744 semel
453 2707 724 2756 complectar,
755 2709 1039 2754 inamoenum,
1069 2710 1259 2753 insuaue,
1290 2708 1504 2749 illiberale,
1532 2709 1697 2755 ingene-

127 2773 283 2806 rosum,
306 2761 473 2806 durum,
498 2765 758 2810 prom-uum,
785 2763 1082 2801 refractarium
1112 2768 1154 2801 et
1180 2764 1377 2813 pertinax
1407 2763 1621 2811 ingenium
1644 2763 1699 2799 sit

172 2864 202 2893 3.
229 2854 356 2892 literis]
376 2855 450 2885 Not
467 2859 610 2885 extant.
946 2857 1032 2897 only
1051 2867 1102 2896 57.

172 2907 202 2937 7.
227 2899 507 2938 archiepiscopi]
577 2899 768 2930 Hermann
840 2901 877 2931 of
992 2911 1041 2931 10.
1069 2899 1698 2941 Adolphuin]Subsequentlyarch-

127 2941 252 2978 Woed;
285 2947 325 2973 at
355 2943 428 2973 this
455 2942 541 2974 date
570 2943 614 2974 he
639 2953 712 2974 was
736 2945 774 2975 in
802 2944 878 2975 fact
946 2945 1091 2985 bishop.
