1966 3379
239 124 317 162 232
668 124 925 163 LETTERS
957 125 1027 163 or
1058 125 1324 164 ERASMUS
1686 129 1804 176 [1533

866 235 995 272 2853.
1060 232 1126 272 ΤΟ
1161 235 1176 271 ‘.‘

287 303 383 337 Vita
402 304 559 337 Ernsmi
582 316 618 349 p.
644 315 723 347 130.
1466 306 1713 350 <Freiburg>

286 352 348 386 0².
370 364 408 397 p.
432 354 522 395 283:
554 354 679 387 Lond.
701 365 793 386 xxx.
815 362 882 396 77:
913 355 995 387 Lss.
1018 355 1122 398 App.
1144 363 1226 395 512.
1428 355 1607 398 <August
1629 362 1755 398 1533.)

282 419 373 456 [The
397 419 580 460 fragment
603 420 702 450 lacks
728 421 925 459 beginning
943 421 1016 450 and
1040 420 1131 455 cnd;
1157 420 1231 450 and
1248 420 1357 450 offers
1374 431 1420 451 no
1438 421 1517 451 clue
1536 425 1574 451 to
1592 422 1654 451 the
1672 432 1802 461 person

235 463 444 493 addrcssed.
494 463 532 493 P.
560 464 593 494 S.
622 464 725 494 Allen
751 465 909 501 thought
938 465 1021 494 that
1047 465 1075 494 it
1100 464 1218 503 might
1243 464 1286 493 be
1306 464 1503 494 addresscd
1525 468 1564 494 to
1587 466 1650 495 thc
1667 466 1750 505 City
1767 466 1805 495 of

237 507 452 546 Augsburm
480 507 544 537 but
569 508 631 538 the
655 508 773 547 plural
793 513 906 538 vestra
929 508 963 537 in
990 507 1061 538 line
1083 510 1123 537 62
1148 508 1235 538 does
1258 512 1323 537 not
1345 508 1497 538 exclude
1519 518 1566 538 an
1589 508 1805 544 individual,

238 551 272 580 in
303 551 499 589 Augsburg
523 561 563 581 or
588 551 960 590 clsewherc——clearly
986 552 1048 581 the
1073 551 1182 581 letter
1207 552 1235 580 is
1259 552 1406 582 written
1432 556 1471 581 to
1496 561 1666 582 someone
1693 552 1805 592 living

238 594 272 623 in
301 604 322 623 a
349 594 482 624 ciuitas
510 595 628 625 where
656 595 719 625 the
747 595 927 625 resormed
952 595 1123 635 opinions
1146 605 1238 624 wcrc
1267 595 1345 624 rife.
1394 595 1560 635 Possibly
1585 596 1648 626 the
1673 606 1805 636 person

235 637 432 667 addressed
449 638 476 668 is
490 638 729 677 Christopher
742 639 779 668 of
793 638 945 669 Stadion
963 650 969 668 ς
995 639 1059 668 the
1076 638 1184 668 letter
1201 638 1321 668 would
1335 638 1424 668 then
1440 639 1483 668 bc
1498 639 1579 669 that
1595 638 1752 669 referred
1767 644 1806 669 to

237 681 285 721 by
303 681 376 711 him
396 682 430 711 in
451 682 518 721 Ep.
541 683 634 719 2856.
684 682 801 717 Allen,
819 683 1033 722 comparing
1048 682 1115 722 Ep.
1138 684 1232 720 1076,
1251 692 1367 711 seems
1384 682 1459 712 also
1477 687 1516 713 to
1534 683 1627 712 have
1645 683 1805 722 thought

236 725 265 755 it
282 725 440 764 possible
459 726 538 755 that
562 726 626 755 the
647 725 756 756 letter
772 736 846 756 was
865 725 1062 755 addresscd
1082 730 1120 755 to
1140 726 1326 755 Hermann
1346 726 1384 755 of
1401 726 1523 761 Wie‹1;
1549 726 1630 756 who
1648 727 1683 756 in
1703 727 1805 767 April

239 777 320 807 1533
335 768 406 798 had
422 769 580 808 through
595 769 782 799 Cornelius
797 770 961 808 Agrippa
974 769 1170 808 cxprcssed
1185 769 1248 799 the
1261 769 1378 799 desire
1392 774 1431 799 to
1451 771 1657 809 *auspicate
1671 770 1805 800 friend-

235 812 318 852 ship
332 812 339 823 '
358 812 446 842 with
466 813 653 845 Erasmus,
673 813 830 852 inviting
856 813 930 842 him
949 817 987 842 to
1005 822 1105 842 come
1124 818 1162 842 to
1179 812 1336 851 Cologne
1353 823 1394 843 or
1410 813 1516 843 Bonn
1535 814 1619 853 (Ep.
1639 815 1751 852 2700).

279 855 355 885 The
381 855 490 886 letter
515 867 588 886 was
612 856 746 896 clearly
770 857 914 886 written
939 856 1043 886 while
1066 857 1129 886 the
1154 856 1254 886 Liber
1275 857 1314 886 de
1337 857 1521 887 sarcienda
1550 857 1705 887 Ecclesia
1726 867 1805 888 con-

235 900 355 929 cordia
380 910 453 929 was
478 900 551 930 still
577 900 675 930 fresh
701 901 735 929 in
762 900 948 930 Erasmus‘
975 899 1098 933 mind:
1127 901 1153 930 it
1181 900 1208 929 is
1234 900 1364 930 indeed
1387 905 1453 931 not
1470 901 1578 931 much
1597 911 1695 931 moro
1714 901 1802 931 than

235 953 257 972 a
277 943 562 982 recapitulation
583 944 620 973 of
645 943 708 973 the
733 943 819 973 final
843 954 953 983 pagcs
976 943 1013 973 of
1034 944 1117 973 that
1136 943 1285 973 booklet
1305 944 1378 980 (see
1399 944 1433 974 in
1458 944 1658 984 particular
1678 944 1750 974 LB.
1770 956 1805 975 v.

236 988 371 1023 500—6).
419 986 531 1017 What
561 987 589 1017 is
613 987 692 1017 said
718 987 751 1017 in
780 987 800 1017 l.
827 989 865 1017 61
894 987 931 1017 os
956 988 1019 1016 the
1044 987 1142 1017 dukc
1167 987 1204 1017 of
1228 987 1362 1017 -Juliers
1387 987 1459 1018 and
1485 988 1540 1017 his
1563 988 1742 1028 adoption
1768 989 1806 1018 of

237 1030 422 1060 Erasmus'
448 1031 641 1061 consilium
664 1031 789 1071 points
814 1030 989 1070 similarly
1010 1035 1049 1061 to
1069 1040 1089 1060 a
1115 1030 1202 1061 date
1222 1041 1310 1061 near
1329 1031 1392 1061 the
1409 1041 1570 1062 summer
1587 1032 1624 1061 os
1644 1041 1725 1071 1533
1744 1032 1804 1069 (cf.

236 1074 332 1114 Epp.
354 1075 448 1112 2804.
468 1075 595 1114 2845).]

620 1144 924 1171 FRAGMENTVM
947 1144 1184 1171 EPISTOLAE
1205 1144 1429 1172 ALTERIVS.

294 1236 300 1242 .
318 1236 324 1242 .
343 1236 349 1241 .
367 1204 577 1248 VTRAQVE
595 1217 694 1255 pars
711 1205 767 1242 sic
783 1205 921 1242 tendit
938 1204 1189 1250 funiculum,
1204 1209 1253 1243 vt
1269 1206 1490 1255 vtriusque
1508 1205 1620 1243 malo
1636 1219 1803 1256 rumpa-

238 1262 328 1296 tur:
361 1264 402 1296 et
421 1259 516 1296 hinc
532 1259 596 1296 hic
612 1259 725 1297 orbis
743 1259 969 1297 tumultus.
1022 1258 1197 1297 Tollunt
1213 1272 1357 1297 omnes
1375 1261 1589 1310 imagines,
1606 1273 1693 1298 rem
1709 1273 1803 1298 cum

236 1314 382 1363 primis
407 1318 450 1351 et
476 1313 713 1363 elegantem
742 1318 785 1351 et
806 1313 966 1352 vtilem.
1028 1313 1223 1352 Tollatur
1250 1314 1415 1352 colendi
1442 1316 1701 1364 superstitio,
1724 1315 1802 1353 tol-

237 1367 380 1405 lantur
401 1369 603 1417 imagines
625 1368 795 1418 templis
816 1368 1035 1406 indecorae
1057 1372 1133 1406 aut
1155 1369 1418 1414 immodicae,
1436 1369 1563 1418 idque
1580 1369 1803 1420 paulatim,

198 1438 216 1468 5
236 1426 279 1460 et
301 1423 388 1460 sine
413 1422 618 1460 tumultu.
671 1423 831 1460 Volunt
853 1424 999 1461 eiicere
1022 1423 1286 1469 sacerdote&
1319 1423 1421 1461 dent
1447 1436 1632 1474 operam,
1650 1429 1699 1461 vt
1720 1425 1805 1462 sint

237 1477 478 1515 sacerdotes
500 1477 614 1515 docti
636 1482 677 1515 et
701 1479 770 1527 pii,
793 1491 867 1515 nec
890 1482 1047 1515 temere
1070 1478 1330 1516 admittatur
1351 1478 1406 1516 ad
1428 1478 1505 1516 hoc
1531 1479 1701 1516 honoris
1725 1479 1805 1516 nisi

236 1531 443 1581 probatus
482 1536 525 1569 et
565 1532 728 1581 dignus.
804 1533 944 1570 Erunt
983 1533 1225 1582 pauciores:
1272 1533 1375 1582 quid
1414 1536 1537 1571 tum?
1608 1533 1805 1571 Praestat

237 1585 391 1623 habere
413 1590 498 1624 tres
515 1586 658 1631 bonos,
678 1599 806 1635 quam
824 1591 1034 1624 trecentos
1057 1587 1239 1625 inutiles.
1280 1587 1377 1625 Non
1398 1587 1539 1637 placet
1561 1587 1642 1625 illis
1663 1587 1804 1625 cultus

235 1641 556 1678 ecclesiasticus.
619 1641 756 1678 Multa
779 1646 992 1679 canuntur
1013 1654 1060 1679 ac
1083 1641 1192 1679 fiunt
1214 1642 1256 1679 in
1278 1641 1447 1691 templis
1475 1643 1620 1692 inepta
1639 1657 1645 1687 ;
1678 1643 1802 1679 corri-

180 1712 218 1733 10
236 1700 392 1744 gantur
410 1696 528 1739 vitia,
546 1695 673 1744 idque
691 1696 900 1745 paulatim
918 1711 925 1742 ;
958 1700 1133 1733 maneat
1150 1696 1302 1734 cultus.
1355 1697 1623 1734 Execrantur
1640 1697 1802 1742 Missas,

237 1749 333 1787 odio
363 1750 630 1787 sordidorum
659 1750 992 1788 sacrificulorum
1020 1752 1093 1800 qui
1120 1750 1225 1788 nihil
1256 1750 1374 1788 aliud
1405 1751 1646 1789 didicerunt
1673 1764 1802 1800 quam

237 1805 423 1849 missare,
455 1808 623 1842 caetera
653 1804 770 1842 laicis
801 1805 1117 1855 prophaniores.
1177 1804 1524 1843 Submoueantur
1555 1805 1613 1843 1111
1644 1806 1801 1843 condu-

236 1859 358 1903 ctitii,
381 1872 428 1896 ac
452 1872 566 1899 more
588 1863 781 1897 veterum
803 1872 934 1898 vnum
957 1872 1124 1898 sacrum
1146 1859 1382 1898 celebretur
1403 1861 1444 1897 in
1466 1860 1639 1910 templo,
1662 1864 1739 1898 aut
1760 1861 1800 1898 in

235 1913 354 1951 festis
375 1913 523 1951 diebus
545 1913 650 1951 duo:
683 1927 808 1952 mane
830 1927 960 1952 vnum
982 1915 1213 1964 priuatum,
1236 1915 1290 1952 ob
1312 1915 1495 1952 famulos
1522 1920 1565 1952 et
1594 1915 1801 1965 hospites3

179 1985 216 2014 15
236 1967 418 2005 alterum
441 1969 550 2006 circa
571 1968 790 2006 decimam.
852 1968 1151 2019 Indulgentiae
1178 1970 1261 2007 iam
1286 1969 1485 2019 explosae
1513 1974 1626 2015 sunt,
1649 1969 1803 2019 quibus

236 2021 401 2071 aliquot
436 2022 586 2060 seculis
626 2024 873 2073 impositum
913 2027 978 2061 est
1018 2023 1190 2068 mundo,
1227 2023 1534 2062 adiuuantibus
1574 2024 1803 2069 monachis,

236 2077 562 2115 conniuentibus
592 2077 812 2128 theologis.
872 2077 951 2124 Qui
983 2083 1141 2128 putant
1172 2078 1320 2116 Missas
1350 2083 1393 2116 et
1424 2078 1667 2116 Parentalia
1699 2078 1803 2116 nihil

235 2131 432 2181 prodesse
453 2131 678 2177 defunctis,
695 2137 869 2182 erogent
890 2134 932 2170 111
953 2146 1158 2183 pauperes
1179 2134 1300 2170 viuos
1317 2133 1433 2182 quod
1449 2133 1601 2183 vulgus
1622 2146 1646 2170 a
1667 2138 1804 2170 morte

236 2185 355 2223 iubet
386 2185 487 2224 fieri.
546 2186 610 2224 Ne
643 2187 811 2225 molesti
842 2188 927 2224 sint
958 2188 1006 2224 iis
1041 2187 1196 2236 quibus
1226 2200 1474 2237 persuasum
1507 2192 1571 2225 est
1606 2188 1802 2225 vinorum

175 2258 217 2280 20
235 2240 346 2277 bona
381 2253 509 2290 opera
549 2241 745 2291 prodesse
785 2241 1010 2283 defunctis,
1045 2255 1152 2291 quae
1189 2243 1277 2279 viui
1311 2246 1517 2280 curarunt
1552 2246 1601 2280 vt
1640 2241 1801 2280 fierent.

235 2293 398 2340 Quibus
414 2308 663 2344 persuasum
683 2300 749 2333 est
770 2301 940 2334 sanctos
960 2296 1063 2333 nihil
1085 2309 1205 2346 agere
1226 2296 1341 2346 apud
1357 2295 1585 2342 Christum,
1603 2297 1805 2334 innocent

235 2349 346 2386 bona
368 2349 449 2387 fide
471 2350 656 2395 Patrem,
678 2350 846 2395 Filium,
868 2354 910 2388 et
932 2349 1137 2401 Spiritum
1159 2350 1376 2389 Sanctum.
1436 2351 1569 2389 Diuos
1591 2350 1733 2388 colant
1754 2364 1802 2388 ac

235 2409 492 2441 venerentur
519 2405 739 2450 imitando,
766 2418 817 2442 ne
845 2405 1097 2455 obstrepant
1123 2407 1196 2455 qui
1223 2406 1293 2455 pio
1318 2405 1474 2443 affectu
1503 2405 1650 2443 colunt
1674 2409 1717 2443 et
1743 2406 1801 2442 'm-

235 2462 394 2495 uocant
422 2471 502 2495 eos.
563 2458 816 2508 Superstitio
845 2460 1192 2509 reprehendatur,
1221 2460 1400 2498 affectus
1428 2460 1644 2510 probetur,
1673 2472 1799 2509 quem

176 2529 215 2559 25
235 2516 341 2561 puto
357 2511 525 2550 Christo
541 2526 626 2551 non
643 2526 731 2551 esse
748 2515 976 2563 ingratum,
993 2515 1160 2552 etiamsi
1177 2515 1231 2552 sit
1248 2526 1457 2552 erroneus.
1499 2514 1595 2552 Non
1612 2515 1803 2552 sentiunt

235 2565 380 2604 Sancti
405 2572 507 2605 vota
535 2572 710 2606 nostra?
771 2568 829 2605 At
853 2567 1047 2606 Christus
1072 2570 1214 2614 sentit,
1237 2581 1286 2606 ac
1313 2581 1390 2618 pro
1418 2568 1498 2606 illis
1527 2568 1660 2606 donat
1685 2568 1799 2617 quod

235 2622 431 2670 petimus.
492 2621 653 2667 Quibus
680 2635 930 2671 persuasum
957 2626 1035 2668 est,
1063 2622 1376 2661 Confessionem
1403 2635 1488 2660 non
1515 2635 1604 2660 esse
1634 2627 1799 2672 partem

234 2674 509 2721 Sacramenti,
532 2689 606 2713 nec
629 2689 653 2714 a
674 2676 841 2714 Christo
863 2678 1108 2715 institutam
1126 2692 1132 2716 :
1165 2682 1335 2715 seruent
1357 2682 1501 2715 tamen
1521 2689 1615 2714 eam
1637 2681 1686 2714 vt
1710 2689 1797 2714 rem

234 2729 480 2776 salutarem,
501 2743 525 2768 a
548 2731 742 2780 patribus
762 2731 995 2776 inductam,
1017 2736 1059 2769 et
1080 2731 1313 2769 multorum
1336 2731 1571 2769 seculorum
1593 2743 1797 2768 consensu

173 2802 215 2832 30
234 2784 474 2834 probatam,
497 2785 628 2822 donec
653 2785 769 2823 aliud
797 2785 848 2823 de
875 2798 924 2823 ea
952 2790 1120 2824 statuat
1147 2786 1345 2824 Ecclesia.
1406 2786 1462 2823 Et
1489 2787 1530 2823 in
1558 2784 1799 2822 confitendo

233 2838 345 2876 adsit
367 2840 613 2888 synceritas,
636 2839 749 2877 absit
770 2841 1029 2889 superstitio.
1089 2840 1185 2878 Non
1207 2840 1392 2878 multum
1418 2839 1667 2890 grauabitur
1691 2838 1797 2877 Con-

232 2892 412 2931 fessione
439 2894 512 2942 qui
539 2893 685 2943 deligit
715 2894 913 2932 idoneum
944 2894 1219 2940 sacerdotem,
1248 2895 1320 2944 qui
1346 2908 1431 2933 non
1461 2893 1688 2932 confitetur
1718 2894 1797 2930 nisi

507 2973 579 2994 TIT.
600 2964 641 2995 O1
657 2977 662 2995 :
690 2973 897 2996 EPISTOLAE
914 2974 1164 2997 ΕΒΑΞΜΙΑΝΑΕ
1182 2974 1447 2997 FRAGMENTVM
1464 2966 1518 2998 02.
