1966 3379
169 104 289 153 2874]
675 101 745 139 TO
774 100 985 140 JUSTUS
1017 99 1222 138 DECIUS
1646 101 1720 137 311

168 207 299 256 picor)
317 206 581 243 stomachum
599 208 848 254 conceperat
871 205 911 241 in
933 216 1010 248 me,
1029 202 1143 251 quod
1159 202 1323 240 viderer
1340 203 1399 239 illi
1418 215 1566 252 parum
1583 203 1724 240 fauere

170 260 412 309 Euangelio,
434 260 547 308 quod
569 265 661 296 tum
683 259 742 295 illi
764 258 877 295 haud
899 259 983 294 scio
1000 257 1072 293 vbi
1094 257 1309 305 sepultum
1332 257 1585 294 refoderant.
1635 257 1724 295 Hec

169 319 261 351 tum
284 316 486 363 temporis
508 326 573 350 me
596 313 701 350 clam
724 313 877 349 omnia.
929 312 1131 348 Discessit
1153 310 1222 347 ille
1244 323 1310 347 me
1332 311 1579 349 insalutato.
1627 311 1722 348 Per-

169 369 287 405 uenit
315 367 620 405 Constantiam.
671 367 763 403 Illic
791 365 905 415 apud
934 365 1196 409 Botzmnum,
1223 365 1405 401 amicum
1433 366 1554 402 vnice
1582 366 1722 402 candi·
1745 379 1784 409 75

168 422 282 467 dum,
311 423 490 459 iactauit
522 434 563 458 se
597 421 805 458 famulum
839 432 992 464 meum,
1023 423 1066 456 et
1101 431 1125 455 a
1159 431 1225 455 me
1259 431 1424 455 summa
1458 432 1553 455 cum
1587 420 1725 468 gratia

168 476 386 513 dimissum
426 475 630 525 proficisci
670 475 808 512 nescio
847 486 943 522 quo.
1003 472 1214 522 Acceptus
1253 476 1318 509 est
1358 472 1522 520 aliquot
1563 473 1725 510 dierum

168 529 454 567 hebdomadas
488 530 802 573 humanissime,
834 541 910 565 nec
939 527 1099 575 absque
1130 527 1253 563 xenio
1283 526 1491 564 dimissus.
1543 527 1593 563 Id
1629 533 1726 576 post

168 596 267 621 casu
303 597 353 620 ex
390 584 581 620 Botzemi
615 583 856 620 narratione
891 582 1080 631 cognoui.
1132 580 1217 618 Nec
1253 580 1405 617 dubito
1439 581 1539 629 quin
1575 581 1725 618 similia

168 638 397 687 designarit
426 638 540 686 apud
570 637 685 682 alios,
715 637 963 686 praesertim
994 635 1108 684 apud
1139 634 1523 679 Melanchthonem,
1555 636 1724 683 quicum
1746 641 1786 669 80

168 696 346 729 nouerat
374 692 475 728 mihi
500 692 733 728 amiciciam
760 703 848 727 esse
875 703 959 727 non
985 689 1215 738 vulgarem,
1244 690 1348 725 satis
1375 688 1513 726 adhuc
1542 690 1726 737 gratioso

168 746 282 795 apud
318 750 547 795 magnates,
584 746 656 794 qui
696 750 788 782 tum
830 745 1044 781 Luterano
1084 743 1291 780 fauebant
1331 743 1545 779 instituto.
1606 742 1726 780 Tales

167 801 358 849 agnoscit
373 805 417 837 et
433 800 708 849 amplectitur
724 799 802 836 hoc
818 797 1111 847 Euangelium.
1151 797 1347 834 Alterum
1369 798 1453 834 scio
1475 797 1553 833 tibi
1576 802 1725 834 notum

167 867 267 899 esse,
299 854 542 903 frequenter
571 855 682 890 enim
713 853 819 890 adiit
850 852 1083 889 Poloniam.
1139 851 1271 888 Isthic
1302 851 1415 900 apud
1451 855 1648 900 potentes
1679 864 1726 888 ac

168 908 360 945 liberales
376 907 658 956 φιλερασμίους
675 907 949 957 praedicabat
970 919 1012 943 se
1034 905 1241 943 famulum
1263 905 1427 942 Erasmi
1445 919 1451 942 :
1484 905 1537 942 ab
1559 917 1608 942 eo
1630 907 1725 942 mis-
1747 911 1786 947 85

167 975 260 999 sum
283 966 331 1000 vt
351 975 495 999 omnes
517 962 725 1000 salutaret
746 962 927 1003 amicos;
959 973 1090 1009 quum
1117 959 1306 996 Basileae
1329 960 1397 996 vix
1426 960 1527 996 mihi
1550 959 1601 996 (16
1623 959 1727 996 facie

168 1020 295 1053 notus
316 1021 438 1061 esset,
460 1016 648 1065 adeoque
671 1028 736 1052 me
757 1015 1041 1052 venerabatur
1063 1018 1111 1051 vt
1139 1026 1357 1062 nunquam
1380 1014 1507 1050 obuio
1529 1013 1728 1062 (lignatus

166 1071 222 1107 sit
250 1072 411 1120 aperire
438 1075 579 1119 caput.
609 1070 701 1107 Hac
723 1074 867 1107 tamen
894 1073 987 1105 arte
1015 1069 1192 1106 corrasit
1213 1080 1361 1104 aureos
1383 1080 1467 1104 non
1488 1080 1657 1117 paucos,
1680 1073 1728 1104 vt

167 1126 250 1162 iam
283 1126 324 1162 in
354 1126 444 1162 ocio
474 1125 601 1174 degat
627 1124 735 1173 μάλα
764 1123 1045 1172 εὐαγγελικῶς,
1072 1123 1175 1159 1111111
1204 1122 1336 1159 nihilo
1363 1123 1510 1170 equior
1538 1135 1665 1170 quam
1695 1123 1727 1158 si

168 1192 192 1216 a
223 1192 287 1216 me
319 1179 525 1228 spoliatus
552 1183 662 1216 esset
692 1179 777 1215 suis
807 1177 1099 1215 facultatibus.
1159 1176 1278 1214 Alius
1307 1176 1481 1225 quidam
1512 1177 1620 1213 adiit
1650 1188 1727 1217 1116,
1747 1191 1789 1218 90

167 1246 384 1282 nunquam
415 1237 542 1270 antea
569 1234 719 1277 visum,
747 1245 823 1269 nec
848 1232 963 1269 visus
991 1232 1090 1281 ipse.
1142 1231 1329 1268 Redibat
1358 1231 1506 1276 Roma,
1536 1234 1729 1279 repetens

169 1287 344 1336 Brugas,
374 1288 445 1324 vbi
473 1288 652 1324 vixerat.
711 1287 798 1324 Nec
828 1286 1126 1323 dissimulabat
1156 1298 1197 1322 se
1227 1285 1356 1322 fuisse
1386 1285 1727 1327 Franciscanum,

167 1354 299 1390 quum
321 1342 363 1379 id
384 1354 468 1378 non
489 1346 772 1390 percontarer.
825 1339 965 1386 Quum
987 1340 1173 1377 viderem
1196 1339 1304 1376 male
1326 1339 1503 1383 cultum,
1526 1339 1727 1388 rogabam

170 1395 279 1433 vnde
314 1400 558 1445 suppeteret
589 1396 806 1433 viaticum.
860 1394 934 1431 Ait
964 1395 1153 1443 ingenue,
1184 1393 1424 1430 mendicato
1455 1394 1598 1430 viuere
1628 1406 1726 1430 3636.

169 1449 307 1495 Quum
334 1451 405 1487 vix
434 1450 658 1495 crederem,
690 1462 779 1487 esse
809 1453 976 1486 tantam
1008 1448 1226 1485 hominum
1256 1447 1570 1493 liberalitatem,
1602 1447 1727 1484 adde·
1748 1462 1789 1491 95

168 1504 255 1549 bat,
288 1517 375 1541 sese
410 1505 451 1541 in
487 1503 712 1541 Germania
746 1503 964 1540 simulasse
998 1503 1221 1539 Erasmum
1257 1515 1346 1539 esse
1381 1502 1461 1538 sibi
1496 1501 1726 1538 dominum.

168 1558 404 1596 Demiranti
439 1571 580 1596 meum
620 1571 771 1595 nomen
812 1562 900 1594 tam
935 1569 1023 1594 esse
1062 1558 1296 1606 gratiosum
1337 1556 1450 1605 apud
1485 1555 1728 1599 Germanos,

169 1613 398 1662 respondit,
431 1625 574 1650 omnes
607 1612 788 1649 libenter
819 1611 984 1649 dedisse
1018 1610 1180 1648 famulo
1215 1611 1392 1655 Erasini,
1426 1615 1594 1660 praeter
1624 1610 1729 1647 duos

169 1667 406 1704 sacerdotes
435 1668 477 1704 in
505 1666 662 1716 oppido
689 1666 956 1715 Loffenburg,
984 1666 1056 1714 qui
1084 1665 1236 1702 dedere
1261 1665 1444 1713 quidem,
1467 1665 1538 1702 sed
1560 1665 1727 1702 obmur-

169 1726 384 1758 murantes
406 1721 520 1770 quod
543 1721 708 1758 Erasmi
728 1721 886 1757 faceret
907 1720 1177 1756 mentionem.
1229 1719 1295 1756 Ibi
1321 1724 1434 1756 certe
1459 1720 1646 1756 sanctius
1672 1719 1729 1756 illi
1753 1734 1812 1754 100

169 1775 251 1812 fuit
285 1788 437 1812 nomen
472 1776 635 1812 Erasini
669 1787 797 1823 quam
833 1774 1054 1811 Francisci.
1106 1772 1216 1818 Quid
1252 1774 1338 1823 ipse
1374 1773 1541 1810 fecerim
1579 1786 1700 1823 rogas
1715 1777 1729 1810 ⁸?

170 1829 279 1874 Quid
300 1830 415 1867 aliud
431 1836 445 1867 't
497 1830 588 1867 Risi
608 1829 841 1879 simplicem
863 1828 1045 1866 hominis
1069 1828 1390 1877 impudentiam,
1413 1832 1455 1864 et
1478 1840 1552 1876 pro
1575 1828 1730 1865 honore

170 1884 271 1920 mihi
303 1884 449 1921 habito
479 1884 575 1921 dedi
605 1896 801 1921 nummos
831 1883 997 1931 aliquot
1024 1883 1066 1919 in
1094 1883 1311 1919 viaticum.
1363 1882 1543 1927 Quidam
1573 1882 1730 1919 habent

170 1939 404 1975 orationem
428 1938 692 1982 meditatam,
715 1950 843 1986 quam
864 1936 1152 1981 edidicerunt;
1185 1949 1233 1973 ea
1254 1936 1439 1973 verbulis
1466 1936 1630 1984 aliquot
1656 1937 1728 1973 im-

170 1994 347 2030 mutatis
368 1997 549 2030 vtuntur
569 1992 683 2042 apud
705 1991 873 2029 multos.
925 1990 966 2028 Si
987 2003 1072 2027 non
1094 1992 1356 2040 recipiuntur
1381 1990 1434 2027 ad
1460 1990 1729 2039 colloquium,
1754 2005 1812 2034 105

170 2048 352 2084 mittunt
372 2048 590 2096 scriptum.
641 2047 799 2095 Rogati
819 2045 930 2082 vnde
954 2049 997 2082 et
1022 2058 1119 2094 quo,
1145 2045 1238 2082 aliis
1263 2045 1346 2082 alia
1371 2045 1641 2094 respondent„
1665 2049 1728 2081 vt-

169 2113 335 2150 cunque
357 2101 626 2138 commodum
647 2105 712 2137 est
733 2100 787 2137 ad
809 2099 1149 2148 extorquendum
1171 2099 1345 2148 aliquid.
1391 2099 1605 2139 Nonnulli.
1629 2111 1729 2148 quo-

169 2156 281 2192 niam
312 2160 512 2192 metuunt
542 2168 593 2192 116
623 2168 648 2191 a
677 2154 846 2191 famulis
876 2154 1214 2191 submoneantur
1243 2166 1267 2190 a
1298 2166 1533 2202 congressu,
1567 2154 1645 2202 nisi
1678 2153 1730 2189 ab

170 2210 316 2246 amicis
354 2209 552 2247 adferant
591 2209 768 2254 litteras,
811 2209 1079 2245 mentiuntur
1118 2221 1160 2244 se
1201 2208 1367 2252 habere,
1408 2208 1479 2244 sed
1520 2208 1608 2244 eius
1644 2220 1730 2244 esse

170 2264 331 2312 generis
366 2268 413 2300 vt
448 2264 498 2300 de
534 2276 664 2300 manu
699 2264 742 2300 in
778 2275 951 2300 manum
988 2263 1073 2299 sint
1107 2262 1359 2299 reddendae.
1411 2262 1491 2299 Vbi
1526 2262 1629 2298 data
1667 2267 1728 2298 631
1754 2276 1813 2296 110

170 2317 411 2366 alloquendi
428 2319 561 2367 copia,
577 2330 743 2354 summa
759 2317 961 2354 orationis
979 2316 1080 2354 haec
1094 2321 1170 2361 est,
1188 2317 1367 2365 cupiunt
1389 2316 1539 2353 saltem
1559 2316 1731 2353 consilio

171 2371 376 2409 adiuuari.
436 2372 501 2408 Ad
536 2372 637 2420 quid
651 2377 665 2408 ‘l
725 2371 780 2408 Vt
815 2371 1035 2408 absoluam
1073 2371 1375 2420 profectionem
1412 2383 1561 2407 meam.
1622 2370 1729 2414 Quid

170 2426 347 2463 obstat?
400 2426 530 2463 Deest
560 2427 776 2463 viaticum.
832 2425 921 2470 Que
952 2426 1179 2462 necessitas
1208 2424 1351 2473 adegit
1381 2425 1435 2461 ad
1466 2426 1590 2461 istam
1622 2424 1729 2472 lega-

170 2481 359 2517 tionem?
410 2480 465 2517 Vt
487 2480 670 2517 viderem
700 2480 860 2520 doctos,
889 2484 932 2516 ct
953 2484 994 2516 te
1018 2480 1058 2516 111
1081 2480 1236 2528 primis,
1289 2479 1380 2524 Quo
1406 2479 1580 2516 consilio
1606 2484 1731 2528 putas

171 2535 406 2583 parandum
432 2535 666 2571 viaticum?
717 2535 759 2571 si
786 2538 834 2571 tu
863 2533 1037 2571 dederis.
1090 2533 1349 2582 Expeditum
1379 2533 1623 2570 consilium!
1675 2532 1729 2568 At
1755 2546 1812 2574 115

170 2589 277 2625 istuc
298 2593 362 2626 est
383 2589 590 2626 auxilium
614 2592 766 2637 petere,
793 2601 876 2625 11011
903 2587 1135 2625 consilium.
1188 2587 1269 2624 Alii
1291 2587 1547 2636 respondent
1569 2600 1611 2623 se
1633 2599 1729 2634 quc-

170 2655 258 2679 rcrc
290 2642 587 2680 conditionem.
645 2642 779 2688 Quam
796 2646 810 2679 ‘3
870 2642 940 2679 Vis
971 2642 1170 2679 famulari
1200 2642 1396 2691 cuipiam,
1428 2647 1503 2678 aut
1536 2642 1576 2677 in
1609 2646 1729 2689 typo-

213 2739 264 2768 72.
292 2730 341 2760 1111
359 2730 501 2760 viderer
518 2730 556 2760 L.
621 2738 671 2769 75.
698 2730 915 2759 Botszemum
932 2730 1012 2759 add.
1035 2730 1070 2759 L.
1138 2730 1233 2768 77-VS.
1259 2729 1400 2758 dierum
1418 2727 1667 2758 hebdoumdas
1687 2727 1730 2756 L:

169 2773 244 2803 dies
256 2786 286 2802 α.
381 2774 477 2812 82—3.
502 2774 630 2803 Tales.
649 2797 654 2803 .
672 2797 678 2803 .
694 2773 936 2813 Euangelium
951 2783 1017 2804 0771.
1037 2773 1073 2802 L.
1166 2774 1218 2809 85.
1242 2771 1470 2811 φιλερασμίωι·ς
1487 2772 1511 2800 l,
1552 2772 1686 2800 amicos
1701 2783 1730 2799 α.

167 2818 220 2852 89.
246 2815 332 2855 μάλα
349 2817 430 2847 add.
451 2817 489 2846 L.
558 2826 612 2855 03.
637 2827 753 2856 quum
773 2841 779 2847 .
800 2841 806 2846 .
828 2840 833 2846 .
854 2821 1087 2856 percontarer
1104 2816 1185 2846 add.
1206 2816 1243 2845 L.
1313 2826 1365 2851 qi).
1397 2816 1438 2845 L:
1469 2815 1682 2853 Loffiuiberg
1700 2826 1729 2842 a.

634 2926 685 2963 83.
712 2924 779 2954 tibi
798 2925 941 2962 notum]
961 2924 1133 2964 Ignotum
1152 2924 1268 2953 nobis.
