1966 3379
220 125 294 161 110
645 121 903 160 LETTERS
933 121 1004 160 OF
1034 120 1301 160 ERASMUS
1663 123 1784 169 [1532

522 261 728 302 2⁷²⁴2725.
795 262 931 302 Fami
956 262 1187 301 Animosa
1212 261 1477 301 PELARGrS.

267 352 467 395 pelargus,
491 352 665 385 Bellaria
686 352 730 385 Ρ.
753 351 806 384 H⁷
827 356 882 385 νο.
1389 350 1637 391 (Freiburg.)

1291 406 1342 440 (c.
1359 399 1584 443 Septi-Oet.
1612 406 1737 441 1532.)

502 495 749 521 AMBROSWS
780 494 1006 521 PELARGVS
1042 494 1213 520 ERASMO
1247 494 1372 520 RoTE.
1406 494 1438 520 S.
1474 494 1507 520 P.

273 556 324 593 IN
363 555 496 592 literis
531 556 629 600 tuis,
663 555 820 604 quibus
857 555 1143 603 Augustinum
1181 558 1321 603 (quem
1360 554 1609 603 iampridem
1647 566 1786 590 meum

217 611 380 648 factum
409 610 609 657 arbitror)
639 611 806 660 repetis,
836 610 1072 647 subodoror
1101 610 1241 646 nescio
1269 609 1370 658 quid
1401 609 1628 658 pertinacis
1654 608 1783 645 offen-

218 666 346 702 sionis
383 669 459 702 tuo
494 664 724 702 obhaerere
760 664 994 702 stomacho.
1055 664 1135 701 Sed
1172 664 1331 700 seilicet
1373 664 1449 700 hoc
1491 663 1569 700 tibi
1606 664 1788 700 mouisse

219 720 344 757 bilem
359 720 500 761 audio,
516 719 629 768 quod
646 719 963 756 lucubrationes
978 724 1076 756 tuas
1093 719 1313 756 deiecerim
1331 719 1587 766 minorisque
1604 718 1786 754 fecerim.

180 774 326 815 5Sane
363 787 447 811 non
484 786 589 823 nego
624 775 685 811 ita
721 787 786 811 mc
822 774 875 810 ad
912 775 1091 823 primum
1126 774 1215 810 cius
1251 773 1482 822 Epistolae‚
1517 774 1558 809 in
1598 786 1683 821 qua
1722 785 1787 809 mc

219 834 356 873 notas,
379 833 667 878 conspectum,
692 829 751 865 ira
775 829 995 878 percitum,
1016 834 1064 865 vt
1086 828 1394 878 propemodum
1418 827 1699 864 ‹lecreuisscm
1722 840 1787 864 me

219 897 438 933 nunquam
463 883 649 931 legendis
671 883 1055 920 lucubratiunculis
1077 884 1162 920 tuis
1184 883 1378 920 admoliri
1401 883 1584 920 oculum.
1648 883 1788 930 Atque

218 940 307 976 eius
337 939 465 976 animi
498 939 577 975 mei
609 943 701 975 tum
736 938 846 974 forte
877 938 1229 987 significationem
1262 937 1450 986 aliquam
1486 937 1622 973 tribus
1656 936 1785 986 (quod

219 995 355 1041 aiunt)
379 993 518 1030 verbis
540 993 649 1031 dedi.
710 993 788 1030 Sed
812 994 921 1029 enim
950 994 1022 1041 qui
1050 993 1154 1029 dicit
1182 992 1237 1029 nil
1269 993 1443 1041 propius
1471 992 1634 1029 factum
1658 1004 1785 1040 quam

162 1061 200 1081 10
220 1053 268 1085 vt
304 1049 389 1085 tuis
421 1048 635 1085 abstinere
669 1047 1038 1084 lucubratimiibus
1075 1051 1344 1097 proptmeret,
1378 1048 1410 1083 is
1447 1051 1561 1083 certe
1598 1046 1786 1083 nondum

220 1104 463 1153 proposuit:
499 1116 572 1139 nec
601 1103 674 1151 qui
701 1103 782 1139 iam
813 1102 1057 1139 obfirmauit
1086 1104 1242 1143 animo„
1272 1102 1487 1139 abstinere
1515 1101 1633 1138 libris
1663 1102 1788 1138 vuius

220 1158 447 1195 cuiuslibet
494 1158 667 1200 autoris,
710 1158 857 1194 statim
900 1157 1217 1194 lucubrationes
1264 1158 1376 1206 ipsas
1422 1157 1596 1193 minoris
1645 1156 1786 1193 habet.

219 1213 323 1250 Mihi
346 1212 449 1249 nihil
473 1216 565 1249 tum
587 1212 804 1249 decretum
827 1216 931 1255 erat,
954 1217 997 1249 et
1019 1211 1069 1249 (lc
1093 1212 1243 1260 vigiliis
1267 1213 1352 1248 tuis
1377 1224 1542 1261 semper
1571 1211 1790 1259 magnifice

221 1268 343 1310 sensi,
365 1268 532 1304 etiamsi
554 1280 637 1303 non
660 1267 801 1303 omnia
823 1271 898 1304 tua
921 1267 1129 1304 hactenus
1151 1267 1333 1316 placent,
1357 1271 1405 1303 vt
1427 1266 1573 1303 album
1596 1265 1676 1302 illis
1704 1265 1786 1302 cal-

163 1334 200 1363 15
221 1322 363 1359 culum
386 1321 631 1359 addendum
654 1322 848 1358 arbitrer.
909 1320 1001 1366 Qua
1022 1334 1121 1370 ergo
1143 1322 1282 1358 fronte
1310 1321 1457 1358 retulit
1479 1322 1566 1357 siue
1589 1320 1787 1364 famulus,

221 1378 309 1414 siue
331 1376 563 1426 discipulus
585 1381 698 1419 tuus,
722 1376 1118 1413 lucubratiunculas
1140 1381 1237 1413 tuas
1259 1377 1432 1413 minoris
1454 1389 1478 1412 a
1502 1389 1566 1412 me
1590 1375 1789 1412 habitas?

221 1431 343 1477 Quod
372 1432 404 1468 si
435 1432 618 1468 maxime
650 1431 734 1467 tale
763 1430 925 1480 aliquid
950 1431 1176 1468 excidisset
1201 1431 1326 1479 quale
1355 1431 1463 1468 solet
1493 1430 1789 1467 subiracundis

222 1487 409 1536 ingeniis,
433 1490 545 1523 certe
568 1498 652 1522 non
675 1490 875 1535 putaram
899 1490 940 1522 te
963 1489 1087 1534 (quae
1110 1490 1185 1522 tua
1206 1491 1270 1523 est
1293 1486 1518 1531 modestia)
1541 1485 1595 1522 ob
1622 1498 1788 1522 amaru-

222 1541 377 1578 lentius
399 1541 589 1585 verbum,
613 1540 727 1589 quod
749 1541 1064 1589 impotentioris
1085 1541 1214 1578 animi
1237 1540 1347 1577 forte
1376 1541 1562 1577 extrusit
1590 1540 1787 1589 impetus,

161 1609 202 1630 20
222 1600 394 1633 tantum
421 1596 640 1644 concipere
669 1595 890 1639 stomachi,
915 1600 1125 1644 quantum
1156 1596 1398 1644 concepisse
1428 1601 1468 1632 te
1498 1596 1648 1632 sentio.
1710 1595 1788 1631 Sed

221 1650 415 1700 agedum,
450 1651 514 1687 hic
546 1655 682 1695 tuum,
714 1651 771 1687 mi
800 1650 989 1695 Emsme,
1019 1651 1208 1687 animum
1241 1650 1422 1700 appeHQ
1456 1654 1503 1687 vt
1533 1654 1673 1686 tecum
1705 1650 1791 1699 ipse

223 1710 392 1755 reputes
415 1706 553 1742 vtrius
575 1704 774 1754 quaerela
796 1706 851 1741 sit
878 1706 1065 1754 aequior,
1088 1710 1182 1742 vter
1204 1705 1329 1742 alteri
1351 1705 1502 1742 iustius
1531 1708 1789 1742 succenseat.

222 1760 344 1798 Certe
366 1773 390 1798 a
418 1765 460 1797 te
488 1760 709 1809 insigniter
737 1759 921 1796 offensus
950 1773 1058 1804 sum,
1080 1764 1210 1808 atque
1239 1761 1368 1797 etiam
1400 1761 1525 1809 prior.
1585 1759 1791 1796 Attamen

222 1815 335 1864 quod
358 1815 411 1852 ad
434 1828 499 1852 me
521 1814 691 1864 quidem
714 1815 887 1859 attinet,
910 1814 1120 1852 abolitum
1143 1815 1470 1863 abstersumque
1493 1815 1545 1851 ab
1570 1815 1790 1862 Vtriusque

162 1882 202 1912 25
222 1871 365 1907 animo
381 1870 550 1919 cupiam
567 1869 770 1918 quicquid
786 1874 851 1906 est
868 1869 1175 1907 amarulentiae
1192 1874 1235 1906 et
1252 1869 1498 1913 simultatis,
1516 1869 1630 1918 quod
1653 1869 1791 1905 adhuc

222 1925 333 1962 forte
362 1925 520 1961 haeret.
582 1923 631 1961 Id
661 1929 753 1961 tum
779 1937 829 1961 ex
860 1937 915 1968 re,
943 1928 1036 1961 tum
1067 1937 1118 1961 ex
1150 1924 1310 1961 honore
1341 1925 1563 1973 Vtriusque
1596 1928 1790 1960 nostrum

223 1979 364 2017 fuerit.
424 1979 533 2016 Bero
566 1979 653 2027 (qui
685 1978 796 2015 illius
827 1983 891 2016 est
922 1979 1094 2024 candor,
1123 1992 1316 2028 quaeque
1349 1980 1391 2016 in
1424 1984 1638 2028 vtrunque
1670 1979 1790 2016 bene-

224 2033 430 2080 uolentia)
468 2033 743 2070 vehementer
779 2033 895 2071 dolet
931 2033 1077 2071 datam
1109 2047 1198 2071 esse
1229 2046 1413 2071 causam.
1476 2033 1635 2071 Tamen
1674 2033 1792 2070 iubet

224 2088 459 2137 tranquillo
479 2101 569 2125 esse
591 2089 746 2133 animo,
771 2101 813 2125 se
836 2093 1086 2126 curaturum
1110 2093 1171 2132 vt,
1194 2088 1366 2125 sublata
1388 2101 1582 2137 quaeque
1604 2088 1672 2125 illa
1697 2092 1790 2125 tan—

164 2156 205 2185 30
224 2143 320 2180 dem
342 2148 406 2180 est
428 2143 661 2180 simultatis
683 2143 905 2187 nubecula,
928 2143 1103 2192 pulchre
1130 2144 1239 2180 inter
1265 2156 1342 2180 nos
1368 2144 1609 2180 conueniat.
1670 2141 1791 2188 Quod

224 2199 260 2235 ei
283 2210 349 2235 me
369 2197 586 2235 facturum
609 2198 836 2247 perlubens
860 2198 1027 2247 recipio,
1047 2197 1119 2235 sed
1141 2210 1189 2235 ea
1213 2203 1358 2234 tamen
1380 2199 1481 2247 lege,
1502 2203 1548 2235 vt
1572 2202 1620 2235 tu
1643 2199 1683 2234 in
1707 2211 1792 2234 vna

225 2253 427 2302 quapiam
451 2252 743 2302 Epistolarum
771 2257 957 2295 tuarum,
982 2252 1213 2290 honorifica
1242 2254 1426 2289 nominis
1454 2254 1535 2289 mei
1565 2253 1792 2295 mentione,

225 2312 386 2344 sartam
401 2311 645 2356 tectamque
661 2312 850 2356 praestes
864 2307 1023 2344 famam
1040 2320 1190 2345 meam.
1222 2307 1286 2344 Me
1302 2312 1415 2345 certe
1430 2307 1609 2345 affectus
1624 2320 1791 2344 amaru-

225 2362 381 2401 lentius
395 2361 516 2398 effusi
531 2362 804 2400 vehementer
818 2363 1020 2411 poenitet.
1056 2361 1220 2407 Quaeso
1235 2366 1276 2399 te
1293 2375 1365 2412 per
1378 2362 1607 2403 Christum,
1627 2363 1794 2411 ignosce

165 2429 205 2459 35
226 2417 259 2453 si
281 2416 382 2465 quid
405 2416 482 2453 hac
505 2421 626 2465 parte
648 2418 832 2466 peccaui.
884 2417 973 2466 Ego
994 2416 1099 2454 nihil
1122 2418 1161 2453 in
1185 2430 1250 2453 me
1272 2417 1500 2454 desiderari
1522 2418 1663 2466 patiar
1680 2417 1793 2465 quod

225 2471 279 2508 ad
301 2471 626 2508 instaurandam
650 2471 967 2521 fouendamque
989 2471 1257 2509 concordiam
1280 2473 1480 2520 pertinet.

279 2525 391 2563 Bene
413 2525 519 2563 vale.

280 2579 367 2617 Sub
390 2580 536 2617 horam
560 2581 911 2629 pomeridianam,
934 2581 968 2618 si
989 2580 1175 2623 dabitur,
1199 2585 1241 2617 te
1264 2582 1527 2618 conueniam.
1581 2581 1656 2618 Est
1679 2582 1791 2618 enim

226 2635 341 2684 quod
362 2639 438 2672 tua
459 2648 626 2684 quoque
656 2635 814 2673 referat
843 2636 959 2681 scire,
983 2635 1097 2685 quod
1126 2637 1264 2685 ipsum
1294 2640 1437 2673 tamen
1465 2637 1505 2673 in
1535 2636 1794 2685 colloquium

165 2703 207 2733 40
227 2702 441 2727 reseruare
464 2691 740 2739 praestiterit.
802 2690 990 2727 Rursum
1013 2690 1120 2727 vale.

601 2787 651 2808 22.
679 2778 812 2809 iustius
828 2778 1066 2818 scripsimus:
1094 2778 1226 2809 instius
1244 2777 1414 2809 Bcllarz'a.
