<?xml version="1.0" encoding="UTF-8"?>
<!DOCTYPE html PUBLIC "-//W3C//DTD XHTML 1.0 Transitional//EN"
    "http://www.w3.org/TR/xhtml1/DTD/xhtml1-transitional.dtd">
<html xmlns="http://www.w3.org/1999/xhtml" xml:lang="en" lang="en">
 <head>
  <title>
</title>
<meta http-equiv="Content-Type" content="text/html;charset=utf-8" />
  <meta name='ocr-system' content='tesseract 3.04.00' />
  <meta name='ocr-capabilities' content='ocr_page ocr_carea ocr_par ocr_line ocrx_word'/>
</head>
<body>
  <div class='ocr_page' id='page_1' title='image "./opusepistolarum10eras_0082.png"; bbox 0 0 1966 3379; ppageno 0'>
   <div class='ocr_carea' id='block_1_1' title="bbox 280 103 1847 153">
    <p class='ocr_par' dir='ltr' id='par_1_1' title="bbox 280 103 1847 153">
     <span class='ocr_line' id='line_1_1' title="bbox 280 103 1847 153; baseline -0.001 -10"><span class='ocrx_word' id='word_1_1' title='bbox 280 106 332 143; x_wconf 89' lang='lat'>50</span> <span class='ocrx_word' id='word_1_2' title='bbox 710 103 968 142; x_wconf 78' lang='lat' dir='ltr'>LETTERS</span> <span class='ocrx_word' id='word_1_3' title='bbox 998 104 1069 142; x_wconf 86' lang='lat' dir='ltr'>OF</span> <span class='ocrx_word' id='word_1_4' title='bbox 1098 103 1366 142; x_wconf 82' lang='lat' dir='ltr'><strong>ERASMUS</strong></span> <span class='ocrx_word' id='word_1_5' title='bbox 1726 106 1847 153; x_wconf 84' lang='lat'>[1532</span> 
     </span>
    </p>
   </div>
   <div class='ocr_carea' id='block_1_2' title="bbox 222 207 1847 698">
    <p class='ocr_par' dir='ltr' id='par_1_2' title="bbox 280 207 1847 313">
     <span class='ocr_line' id='line_1_2' title="bbox 280 207 1846 259; baseline -0.001 -12"><span class='ocrx_word' id='word_1_6' title='bbox 280 209 530 247; x_wconf 83' lang='lat' dir='ltr'>vocularum</span> <span class='ocrx_word' id='word_1_7' title='bbox 559 208 852 259; x_wconf 87' lang='lat' dir='ltr'>significantiis</span> <span class='ocrx_word' id='word_1_8' title='bbox 876 213 919 246; x_wconf 90' lang='lat' dir='ltr'>et</span> <span class='ocrx_word' id='word_1_9' title='bbox 947 208 1244 258; x_wconf 86' lang='lat' dir='ltr'>aetymologiis</span> <span class='ocrx_word' id='word_1_10' title='bbox 1273 208 1466 245; x_wconf 89' lang='lat' dir='ltr'>diuinare</span> <span class='ocrx_word' id='word_1_11' title='bbox 1494 212 1680 246; x_wconf 80' lang='lat' dir='ltr'>vacaret.</span> <span class='ocrx_word' id='word_1_12' title='bbox 1739 207 1846 246; x_wconf 90' lang='lat' dir='ltr'>Con-</span> 
     </span>
     <span class='ocr_line' id='line_1_3' title="bbox 280 263 1847 313; baseline -0.001 -11"><span class='ocrx_word' id='word_1_13' title='bbox 280 264 390 302; x_wconf 87' lang='lat' dir='ltr'>sului</span> <span class='ocrx_word' id='word_1_14' title='bbox 421 264 595 302; x_wconf 85' lang='lat' dir='ltr'>Suidam</span> <span class='ocrx_word' id='word_1_15' title='bbox 627 264 678 301; x_wconf 91' lang='lat' dir='ltr'>de</span> <span class='ocrx_word' id='word_1_16' title='bbox 709 263 801 301; x_wconf 88' lang='lat' dir='ltr'>loco</span> <span class='ocrx_word' id='word_1_17' title='bbox 832 263 955 301; x_wconf 89' lang='lat' dir='ltr'>Pauli</span> <span class='ocrx_word' id='word_1_18' title='bbox 988 276 1062 313; x_wconf 90' lang='lat' dir='ltr'>per</span> <span class='ocrx_word' id='word_1_19' title='bbox 1092 267 1134 300; x_wconf 92' lang='lat' dir='ltr'>te</span> <span class='ocrx_word' id='word_1_20' title='bbox 1165 263 1365 300; x_wconf 89' lang='lat' dir='ltr'>adducto.</span> <span class='ocrx_word' id='word_1_21' title='bbox 1427 263 1583 300; x_wconf 87' lang='lat' dir='ltr'>Verum</span> <span class='ocrx_word' id='word_1_22' title='bbox 1617 263 1731 312; x_wconf 89' lang='lat' dir='ltr'>quod</span> <span class='ocrx_word' id='word_1_23' title='bbox 1763 263 1847 301; x_wconf 91' lang='lat' dir='ltr'>illic</span> 
     </span>
    </p>

    <p class='ocr_par' dir='ltr' id='par_1_3' title="bbox 241 316 1847 585">
     <span class='ocr_line' id='line_1_4' title="bbox 241 316 1845 369; baseline 0 -13"><span class='ocrx_word' id='word_1_24' title='bbox 241 331 260 361; x_wconf 84' lang='lat'><strong>5</strong></span> <span class='ocrx_word' id='word_1_25' title='bbox 281 320 455 369; x_wconf 80' lang='lat' dir='ltr'>reperio,</span> <span class='ocrx_word' id='word_1_26' title='bbox 473 332 497 356; x_wconf 90' lang='lat' dir='ltr'>a</span> <span class='ocrx_word' id='word_1_27' title='bbox 518 323 559 357; x_wconf 92' lang='lat' dir='ltr'>te</span> <span class='ocrx_word' id='word_1_28' title='bbox 582 323 671 357; x_wconf 89' lang='lat' dir='ltr'>stat</span> <span class='ocrx_word' id='word_1_29' title='bbox 692 319 846 369; x_wconf 88' lang='lat' dir='ltr'>potius.</span> <span class='ocrx_word' id='word_1_30' title='bbox 890 318 976 356; x_wconf 87' lang='lat' dir='ltr'>Nec</span> <span class='ocrx_word' id='word_1_31' title='bbox 999 319 1164 368; x_wconf 82' lang='lat' dir='ltr'>vspiam</span> <span class='ocrx_word' id='word_1_32' title='bbox 1189 318 1360 355; x_wconf 89' lang='lat' dir='ltr'>inuenio</span> <span class='ocrx_word' id='word_1_33' title='bbox 1377 316 1567 367; x_wconf 87' lang='lat' dir='ltr'>Orphani</span> <span class='ocrx_word' id='word_1_34' title='bbox 1585 317 1845 356; x_wconf 85' lang='lat' dir='ltr'>vocabulum</span> 
     </span>
     <span class='ocr_line' id='line_1_5' title="bbox 282 371 1847 424; baseline -0.001 -13"><span class='ocrx_word' id='word_1_35' title='bbox 282 374 324 411; x_wconf 89' lang='lat' dir='ltr'>in</span> <span class='ocrx_word' id='word_1_36' title='bbox 343 374 468 411; x_wconf 87' lang='lat' dir='ltr'>orbos</span> <span class='ocrx_word' id='word_1_37' title='bbox 486 377 685 424; x_wconf 86' lang='lat' dir='ltr'>parentes</span> <span class='ocrx_word' id='word_1_38' title='bbox 702 377 956 423; x_wconf 79' lang='lat' dir='ltr'><strong>competere.</strong></span> <span class='ocrx_word' id='word_1_39' title='bbox 998 373 1087 422; x_wconf 86' lang='lat' dir='ltr'>Ego</span> <span class='ocrx_word' id='word_1_40' title='bbox 1104 372 1206 410; x_wconf 90' lang='lat' dir='ltr'>dum</span> <span class='ocrx_word' id='word_1_41' title='bbox 1223 372 1454 410; x_wconf 88' lang='lat' dir='ltr'>dictionem</span> <span class='ocrx_word' id='word_1_42' title='bbox 1470 371 1673 410; x_wconf 82' lang='lat' dir='ltr'>Graecam</span> <span class='ocrx_word' id='word_1_43' title='bbox 1696 385 1847 421; x_wconf 86' lang='lat' dir='ltr'>graeca</span> 
     </span>
     <span class='ocr_line' id='line_1_6' title="bbox 281 427 1844 479; baseline -0.001 -13"><span class='ocrx_word' id='word_1_44' title='bbox 281 428 424 474; x_wconf 84' lang='lat' dir='ltr'>reddo,</span> <span class='ocrx_word' id='word_1_45' title='bbox 447 428 577 479; x_wconf 92' lang='lat' dir='ltr'>paulo</span> <span class='ocrx_word' id='word_1_46' title='bbox 602 428 663 466; x_wconf 86' lang='lat' dir='ltr'>fui</span> <span class='ocrx_word' id='word_1_47' title='bbox 689 427 1084 466; x_wconf 85' lang='lat' dir='ltr'>inconsiderantior.</span> <span class='ocrx_word' id='word_1_48' title='bbox 1145 427 1336 465; x_wconf 81' lang='lat' dir='ltr'><strong>Tametsi</strong></span> <span class='ocrx_word' id='word_1_49' title='bbox 1364 439 1460 464; x_wconf 90' lang='lat' dir='ltr'>cum</span> <span class='ocrx_word' id='word_1_50' title='bbox 1486 427 1610 472; x_wconf 89' lang='lat' dir='ltr'>addo,</span> <span class='ocrx_word' id='word_1_51' title='bbox 1633 431 1676 464; x_wconf 89' lang='lat' dir='ltr'>et</span> <span class='ocrx_word' id='word_1_52' title='bbox 1702 427 1844 465; x_wconf 82' lang='lat' dir='ltr'>orbati</span> 
     </span>
     <span class='ocr_line' id='line_1_7' title="bbox 281 481 1847 532; baseline 0 -12"><span class='ocrx_word' id='word_1_53' title='bbox 281 483 402 520; x_wconf 91' lang='lat' dir='ltr'>vobis</span> <span class='ocrx_word' id='word_1_54' title='bbox 435 496 511 521; x_wconf 88' lang='lat' dir='ltr'>ceu</span> <span class='ocrx_word' id='word_1_55' title='bbox 544 482 653 527; x_wconf 85' lang='lat' dir='ltr'>filiis,</span> <span class='ocrx_word' id='word_1_56' title='bbox 686 482 808 520; x_wconf 82' lang='lat' dir='ltr'>velut</span> <span class='ocrx_word' id='word_1_57' title='bbox 842 483 1006 532; x_wconf 84' lang='lat' dir='ltr'>corrigo</span> <span class='ocrx_word' id='word_1_58' title='bbox 1039 482 1153 531; x_wconf 90' lang='lat' dir='ltr'>quod</span> <span class='ocrx_word' id='word_1_59' title='bbox 1186 481 1416 519; x_wconf 77' lang='lat' dir='ltr'>exciderat.</span> <span class='ocrx_word' id='word_1_60' title='bbox 1476 481 1620 531; x_wconf 84' lang='lat' dir='ltr'>Atque</span> <span class='ocrx_word' id='word_1_61' title='bbox 1652 482 1713 519; x_wconf 88' lang='lat' dir='ltr'>ita</span> <span class='ocrx_word' id='word_1_62' title='bbox 1745 494 1847 520; x_wconf 87' lang='lat' dir='ltr'>sane</span> 
     </span>
     <span class='ocr_line' id='line_1_8' title="bbox 281 535 1847 585; baseline -0.001 -10"><span class='ocrx_word' id='word_1_63' title='bbox 281 537 412 575; x_wconf 88' lang='lat' dir='ltr'>habet</span> <span class='ocrx_word' id='word_1_64' title='bbox 433 538 605 576; x_wconf 89' lang='lat' dir='ltr'>aeditio.</span> <span class='ocrx_word' id='word_1_65' title='bbox 645 536 871 576; x_wconf 78' lang='lat' dir='ltr'>Caeterum</span> <span class='ocrx_word' id='word_1_66' title='bbox 893 550 970 575; x_wconf 91' lang='lat' dir='ltr'>nos</span> <span class='ocrx_word' id='word_1_67' title='bbox 991 537 1146 574; x_wconf 85' lang='lat' dir='ltr'>fratres</span> <span class='ocrx_word' id='word_1_68' title='bbox 1169 536 1311 574; x_wconf 88' lang='lat' dir='ltr'>orbati</span> <span class='ocrx_word' id='word_1_69' title='bbox 1332 536 1454 574; x_wconf 83' lang='lat' dir='ltr'>vobis</span> <span class='ocrx_word' id='word_1_70' title='bbox 1476 537 1544 574; x_wconf 67' lang='lat' dir='ltr'>&amp;c</span> <span class='ocrx_word' id='word_1_71' title='bbox 1592 535 1847 585; x_wconf 85' lang='lat' dir='ltr'>Quanquam</span> 
     </span>
    </p>

    <p class='ocr_par' dir='ltr' id='par_1_4' title="bbox 222 589 1847 698">
     <span class='ocr_line' id='line_1_9' title="bbox 222 589 1847 643; baseline -0.001 -13"><span class='ocrx_word' id='word_1_72' title='bbox 222 603 261 624; x_wconf 93' lang='lat'>10</span> <span class='ocrx_word' id='word_1_73' title='bbox 280 605 364 630; x_wconf 91' lang='lat' dir='ltr'>non</span> <span class='ocrx_word' id='word_1_74' title='bbox 387 592 560 643; x_wconf 85' lang='lat' dir='ltr'>perinde</span> <span class='ocrx_word' id='word_1_75' title='bbox 582 592 712 630; x_wconf 77' lang='lat' dir='ltr'>refert</span> <span class='ocrx_word' id='word_1_76' title='bbox 728 597 874 630; x_wconf 85' lang='lat' dir='ltr'>Vtrum</span> <span class='ocrx_word' id='word_1_77' title='bbox 898 592 1023 642; x_wconf 84' lang='lat' dir='ltr'>legas.</span> <span class='ocrx_word' id='word_1_78' title='bbox 1071 591 1186 630; x_wconf 88' lang='lat' dir='ltr'>Vale.</span> <span class='ocrx_word' id='word_1_79' title='bbox 1233 589 1276 629; x_wconf 83' lang='lat' dir='ltr'>Si</span> <span class='ocrx_word' id='word_1_80' title='bbox 1298 591 1403 628; x_wconf 85' lang='lat' dir='ltr'>hora</span> <span class='ocrx_word' id='word_1_81' title='bbox 1424 591 1719 641; x_wconf 85' lang='lat' dir='ltr'>pomeridiana</span> <span class='ocrx_word' id='word_1_82' title='bbox 1741 591 1847 629; x_wconf 89' lang='lat' dir='ltr'>libet</span> 
     </span>
     <span class='ocr_line' id='line_1_10' title="bbox 279 647 843 698; baseline 0.002 -13"><span class='ocrx_word' id='word_1_83' title='bbox 279 647 477 697; x_wconf 88' lang='lat' dir='ltr'>colloqui,</span> <span class='ocrx_word' id='word_1_84' title='bbox 500 660 575 698; x_wconf 88' lang='lat' dir='ltr'>per</span> <span class='ocrx_word' id='word_1_85' title='bbox 598 660 664 685; x_wconf 90' lang='lat' dir='ltr'>me</span> <span class='ocrx_word' id='word_1_86' title='bbox 685 647 843 686; x_wconf 77' lang='lat' dir='ltr'>licebit.</span> 
     </span>
    </p>
   </div>
   <div class='ocr_carea' id='block_1_3' title="bbox 605 752 1521 809">
    <p class='ocr_par' dir='ltr' id='par_1_5' title="bbox 605 752 1521 809">
     <span class='ocr_line' id='line_1_11' title="bbox 605 752 1521 809; baseline -0.002 -15"><span class='ocrx_word' id='word_1_87' title='bbox 605 757 796 809; x_wconf 75' lang='grc'>26782688</span> <span class='ocrx_word' id='word_1_88' title='bbox 858 753 926 794; x_wconf 86' lang='grc' dir='ltr'>ΤΟ</span> <span class='ocrx_word' id='word_1_89' title='bbox 960 753 1202 793; x_wconf 77' lang='lat' dir='ltr'><strong>BONIFACE</strong></span> <span class='ocrx_word' id='word_1_90' title='bbox 1236 752 1521 792; x_wconf 82' lang='lat' dir='ltr'>AMERBACH.</span> 
     </span>
    </p>
   </div>
   <div class='ocr_carea' id='block_1_4' title="bbox 218 831 1849 2612">
    <p class='ocr_par' dir='ltr' id='par_1_6' title="bbox 327 831 1762 875">
     <span class='ocr_line' id='line_1_12' title="bbox 327 831 1762 875; baseline -0.001 -9"><span class='ocrx_word' id='word_1_91' title='bbox 327 832 447 866; x_wconf 83' lang='lat' dir='ltr'>Basle</span> <span class='ocrx_word' id='word_1_92' title='bbox 466 831 549 866; x_wconf 86' lang='lat' dir='ltr'>MS.</span> <span class='ocrx_word' id='word_1_93' title='bbox 571 832 657 866; x_wconf 88' lang='lat' dir='ltr'>AN.</span> <span class='ocrx_word' id='word_1_94' title='bbox 679 832 757 866; x_wconf 92' lang='lat' dir='ltr'>III.</span> <span class='ocrx_word' id='word_1_95' title='bbox 783 842 838 874; x_wconf 85' lang='lat'>15.</span> <span class='ocrx_word' id='word_1_96' title='bbox 860 842 918 875; x_wconf 79' lang='lat'>39.</span> <span class='ocrx_word' id='word_1_97' title='bbox 1556 831 1762 875; x_wconf 82' lang='lat' dir='ltr'>Freiburg.</span> 
     </span>
    </p>

    <p class='ocr_par' dir='ltr' id='par_1_7' title="bbox 326 880 1797 925">
     <span class='ocr_line' id='line_1_13' title="bbox 326 880 1797 925; baseline -0.001 -9"><span class='ocrx_word' id='word_1_98' title='bbox 326 882 372 923; x_wconf 85' lang='lat' dir='ltr'>Q.</span> <span class='ocrx_word' id='word_1_99' title='bbox 394 891 453 925; x_wconf 90' lang='lat'>72.</span> <span class='ocrx_word' id='word_1_100' title='bbox 1530 893 1550 924; x_wconf 87' lang='lat'><strong>4</strong></span> <span class='ocrx_word' id='word_1_101' title='bbox 1570 880 1669 924; x_wconf 81' lang='lat' dir='ltr'>July</span> <span class='ocrx_word' id='word_1_102' title='bbox 1693 891 1797 924; x_wconf 80' lang='lat'>1532.</span> 
     </span>
    </p>

    <p class='ocr_par' dir='ltr' id='par_1_8' title="bbox 277 948 1849 1078">
     <span class='ocr_line' id='line_1_14' title="bbox 321 948 1849 990; baseline 0 -10"><span class='ocrx_word' id='word_1_103' title='bbox 321 949 395 988; x_wconf 84' lang='lat' dir='ltr'>[An</span> <span class='ocrx_word' id='word_1_104' title='bbox 412 950 565 990; x_wconf 85' lang='lat' dir='ltr'>original</span> <span class='ocrx_word' id='word_1_105' title='bbox 582 950 704 986; x_wconf 86' lang='lat' dir='ltr'>letter,</span> <span class='ocrx_word' id='word_1_106' title='bbox 726 949 935 990; x_wconf 81' lang='lat' dir='ltr'>autograph</span> <span class='ocrx_word' id='word_1_107' title='bbox 953 949 1195 989; x_wconf 80' lang='lat' dir='ltr'>throughout.</span> <span class='ocrx_word' id='word_1_108' title='bbox 1244 948 1385 987; x_wconf 78' lang='lat' dir='ltr'>During</span> <span class='ocrx_word' id='word_1_109' title='bbox 1402 948 1465 979; x_wconf 83' lang='lat' dir='ltr'>the</span> <span class='ocrx_word' id='word_1_110' title='bbox 1484 952 1573 978; x_wconf 85' lang='lat' dir='ltr'>next</span> <span class='ocrx_word' id='word_1_111' title='bbox 1596 952 1670 979; x_wconf 79' lang='lat' dir='ltr'>two</span> <span class='ocrx_word' id='word_1_112' title='bbox 1687 948 1790 989; x_wconf 81' lang='lat' dir='ltr'>days,</span> <span class='ocrx_word' id='word_1_113' title='bbox 1809 959 1849 980; x_wconf 79' lang='lat' dir='ltr'>as</span> 
     </span>
     <span class='ocr_line' id='line_1_15' title="bbox 278 992 1849 1034; baseline 0 -10"><span class='ocrx_word' id='word_1_114' title='bbox 278 994 306 1024; x_wconf 82' lang='lat' dir='ltr'>it</span> <span class='ocrx_word' id='word_1_115' title='bbox 330 994 452 1024; x_wconf 89' lang='lat' dir='ltr'>would</span> <span class='ocrx_word' id='word_1_116' title='bbox 476 1004 586 1027; x_wconf 87' lang='lat' dir='ltr'>seem.</span> <span class='ocrx_word' id='word_1_117' title='bbox 613 994 791 1024; x_wconf 86' lang='lat' dir='ltr'>Erasmus</span> <span class='ocrx_word' id='word_1_118' title='bbox 815 993 956 1034; x_wconf 82' lang='lat' dir='ltr'>shaped</span> <span class='ocrx_word' id='word_1_119' title='bbox 983 993 1011 1024; x_wconf 86' lang='lat' dir='ltr'>it</span> <span class='ocrx_word' id='word_1_120' title='bbox 1037 994 1115 1024; x_wconf 89' lang='lat' dir='ltr'>into</span> <span class='ocrx_word' id='word_1_121' title='bbox 1140 992 1204 1023; x_wconf 83' lang='lat' dir='ltr'>the</span> <span class='ocrx_word' id='word_1_122' title='bbox 1229 992 1417 1023; x_wconf 76' lang='lat' dir='ltr'>elaborate</span> <span class='ocrx_word' id='word_1_123' title='bbox 1441 992 1635 1023; x_wconf 72' lang='lat' dir='ltr'>consolatio</span> <span class='ocrx_word' id='word_1_124' title='bbox 1659 993 1777 1023; x_wconf 86' lang='lat' dir='ltr'>which</span> <span class='ocrx_word' id='word_1_125' title='bbox 1803 993 1849 1024; x_wconf 87' lang='lat' dir='ltr'>he</span> 
     </span>
     <span class='ocr_line' id='line_1_16' title="bbox 277 1037 784 1078; baseline 0 -10"><span class='ocrx_word' id='word_1_126' title='bbox 277 1037 427 1078; x_wconf 84' lang='lat' dir='ltr'>printed</span> <span class='ocrx_word' id='word_1_127' title='bbox 444 1038 480 1068; x_wconf 90' lang='lat' dir='ltr'>in</span> <span class='ocrx_word' id='word_1_128' title='bbox 500 1038 535 1068; x_wconf 82' lang='lat' dir='ltr'><em>K</em></span> <span class='ocrx_word' id='word_1_129' title='bbox 552 1037 637 1078; x_wconf 85' lang='lat' dir='ltr'>(Ep.</span> <span class='ocrx_word' id='word_1_130' title='bbox 656 1038 784 1078; x_wconf 64' lang='lat'>2684).]</span> 
     </span>
    </p>

    <p class='ocr_par' dir='ltr' id='par_1_9' title="bbox 277 1095 1848 1310">
     <span class='ocr_line' id='line_1_17' title="bbox 333 1095 1847 1145; baseline 0 -11"><span class='ocrx_word' id='word_1_131' title='bbox 333 1095 371 1134; x_wconf 84' lang='lat' dir='ltr'>S.</span> <span class='ocrx_word' id='word_1_132' title='bbox 388 1097 433 1135; x_wconf 91' lang='lat' dir='ltr'>P.</span> <span class='ocrx_word' id='word_1_133' title='bbox 457 1096 547 1135; x_wconf 89' lang='lat' dir='ltr'>Nae</span> <span class='ocrx_word' id='word_1_134' title='bbox 562 1101 610 1135; x_wconf 88' lang='lat' dir='ltr'>tu</span> <span class='ocrx_word' id='word_1_135' title='bbox 629 1096 902 1145; x_wconf 81' lang='grc' dir='ltr'>ὑπερβολικῶς</span> <span class='ocrx_word' id='word_1_136' title='bbox 917 1096 1123 1134; x_wconf 89' lang='lat' dir='ltr'>candidus</span> <span class='ocrx_word' id='word_1_137' title='bbox 1137 1096 1268 1141; x_wconf 84' lang='lat' dir='ltr'>es,vir</span> <span class='ocrx_word' id='word_1_138' title='bbox 1284 1096 1459 1145; x_wconf 79' lang='lat' dir='ltr'>egregie,</span> <span class='ocrx_word' id='word_1_139' title='bbox 1472 1096 1544 1144; x_wconf 90' lang='lat' dir='ltr'>qui</span> <span class='ocrx_word' id='word_1_140' title='bbox 1559 1108 1690 1145; x_wconf 90' lang='lat' dir='ltr'>quum</span> <span class='ocrx_word' id='word_1_141' title='bbox 1707 1097 1847 1134; x_wconf 88' lang='lat' dir='ltr'>omnia</span> 
     </span>
     <span class='ocr_line' id='line_1_18' title="bbox 278 1150 1847 1202; baseline -0.001 -13"><span class='ocrx_word' id='word_1_142' title='bbox 278 1151 363 1189; x_wconf 89' lang='lat' dir='ltr'>leta</span> <span class='ocrx_word' id='word_1_143' title='bbox 386 1152 519 1201; x_wconf 90' lang='lat' dir='ltr'>magis</span> <span class='ocrx_word' id='word_1_144' title='bbox 541 1152 687 1202; x_wconf 88' lang='lat' dir='ltr'>cupias</span> <span class='ocrx_word' id='word_1_145' title='bbox 702 1164 792 1189; x_wconf 86' lang='lat' dir='ltr'>esse</span> <span class='ocrx_word' id='word_1_146' title='bbox 807 1152 1043 1189; x_wconf 86' lang='lat' dir='ltr'>amicorum</span> <span class='ocrx_word' id='word_1_147' title='bbox 1058 1163 1186 1200; x_wconf 89' lang='lat' dir='ltr'>quam</span> <span class='ocrx_word' id='word_1_148' title='bbox 1210 1155 1298 1196; x_wconf 89' lang='lat' dir='ltr'>tua,</span> <span class='ocrx_word' id='word_1_149' title='bbox 1315 1155 1461 1188; x_wconf 84' lang='lat' dir='ltr'>tamen</span> <span class='ocrx_word' id='word_1_150' title='bbox 1479 1151 1513 1187; x_wconf 91' lang='lat' dir='ltr'>si</span> <span class='ocrx_word' id='word_1_151' title='bbox 1534 1150 1637 1200; x_wconf 89' lang='lat' dir='ltr'>quid</span> <span class='ocrx_word' id='word_1_152' title='bbox 1655 1151 1847 1189; x_wconf 78' lang='lat' dir='ltr'>acerbius</span> 
     </span>
     <span class='ocr_line' id='line_1_19' title="bbox 277 1204 1848 1256; baseline -0.001 -12"><span class='ocrx_word' id='word_1_153' title='bbox 277 1206 445 1251; x_wconf 88' lang='lat' dir='ltr'>accidit,</span> <span class='ocrx_word' id='word_1_154' title='bbox 469 1206 579 1244; x_wconf 87' lang='lat' dir='ltr'>celas</span> <span class='ocrx_word' id='word_1_155' title='bbox 610 1207 782 1252; x_wconf 87' lang='lat' dir='ltr'>amicos,</span> <span class='ocrx_word' id='word_1_156' title='bbox 805 1219 939 1256; x_wconf 90' lang='lat' dir='ltr'>quum</span> <span class='ocrx_word' id='word_1_157' title='bbox 971 1210 1085 1244; x_wconf 86' lang='lat' dir='ltr'>recte</span> <span class='ocrx_word' id='word_1_158' title='bbox 1115 1206 1279 1243; x_wconf 89' lang='lat' dir='ltr'>dictum</span> <span class='ocrx_word' id='word_1_159' title='bbox 1311 1206 1367 1243; x_wconf 91' lang='lat' dir='ltr'>sit</span> <span class='ocrx_word' id='word_1_160' title='bbox 1397 1209 1441 1242; x_wconf 91' lang='lat' dir='ltr'>et</span> <span class='ocrx_word' id='word_1_161' title='bbox 1472 1205 1601 1243; x_wconf 89' lang='lat' dir='ltr'>illud:</span> <span class='ocrx_word' id='word_1_162' title='bbox 1635 1204 1748 1243; x_wconf 85' lang='grc' dir='ltr'>κοινὰ</span> <span class='ocrx_word' id='word_1_163' title='bbox 1768 1209 1848 1243; x_wconf 86' lang='grc' dir='ltr'>τῶν</span> 
     </span>
     <span class='ocr_line' id='line_1_20' title="bbox 277 1260 1846 1310; baseline -0.001 -12"><span class='ocrx_word' id='word_1_164' title='bbox 277 1260 405 1309; x_wconf 81' lang='grc' dir='ltr'>φίλων</span> <span class='ocrx_word' id='word_1_165' title='bbox 420 1260 510 1310; x_wconf 83' lang='grc' dir='ltr'>ἄχη.</span> <span class='ocrx_word' id='word_1_166' title='bbox 555 1261 652 1299; x_wconf 89' lang='lat' dir='ltr'>Non</span> <span class='ocrx_word' id='word_1_167' title='bbox 673 1261 826 1299; x_wconf 87' lang='lat' dir='ltr'>dubito</span> <span class='ocrx_word' id='word_1_168' title='bbox 847 1262 950 1310; x_wconf 89' lang='lat' dir='ltr'>quin</span> <span class='ocrx_word' id='word_1_169' title='bbox 968 1260 1241 1298; x_wconf 82' lang='lat' dir='ltr'>vehementer</span> <span class='ocrx_word' id='word_1_170' title='bbox 1262 1260 1491 1298; x_wconf 81' lang='lat' dir='ltr'>discruciet</span> <span class='ocrx_word' id='word_1_171' title='bbox 1512 1261 1703 1298; x_wconf 90' lang='lat' dir='ltr'>animum</span> <span class='ocrx_word' id='word_1_172' title='bbox 1721 1264 1846 1298; x_wconf 87' lang='lat' dir='ltr'>tuum</span> 
     </span>
    </p>

    <p class='ocr_par' dir='ltr' id='par_1_10' title="bbox 239 1314 1845 1586">
     <span class='ocr_line' id='line_1_21' title="bbox 239 1314 1844 1365; baseline 0 -12"><span class='ocrx_word' id='word_1_173' title='bbox 239 1334 258 1365; x_wconf 88' lang='lat'>5</span> <span class='ocrx_word' id='word_1_174' title='bbox 277 1315 432 1354; x_wconf 89' lang='lat' dir='ltr'>filiolae</span> <span class='ocrx_word' id='word_1_175' title='bbox 464 1316 735 1361; x_wconf 90' lang='lat' dir='ltr'>desiderium,</span> <span class='ocrx_word' id='word_1_176' title='bbox 759 1328 887 1365; x_wconf 89' lang='lat' dir='ltr'>quam</span> <span class='ocrx_word' id='word_1_177' title='bbox 928 1316 986 1353; x_wconf 87' lang='lat' dir='ltr'>sic</span> <span class='ocrx_word' id='word_1_178' title='bbox 1025 1315 1273 1360; x_wconf 86' lang='lat' dir='ltr'>adamabas,</span> <span class='ocrx_word' id='word_1_179' title='bbox 1301 1316 1358 1353; x_wconf 89' lang='lat' dir='ltr'>sic</span> <span class='ocrx_word' id='word_1_180' title='bbox 1392 1315 1434 1352; x_wconf 90' lang='lat' dir='ltr'>in</span> <span class='ocrx_word' id='word_1_181' title='bbox 1456 1314 1617 1352; x_wconf 90' lang='lat' dir='ltr'>deliciis</span> <span class='ocrx_word' id='word_1_182' title='bbox 1643 1315 1844 1354; x_wconf 86' lang='lat' dir='ltr'>habebas.</span> 
     </span>
     <span class='ocr_line' id='line_1_22' title="bbox 277 1369 1845 1420; baseline -0.001 -12"><span class='ocrx_word' id='word_1_183' title='bbox 277 1369 359 1408; x_wconf 84' lang='lat' dir='ltr'>Sed</span> <span class='ocrx_word' id='word_1_184' title='bbox 380 1371 509 1409; x_wconf 91' lang='lat' dir='ltr'>homo</span> <span class='ocrx_word' id='word_1_185' title='bbox 531 1370 860 1416; x_wconf 86' lang='lat' dir='ltr'>iureconsultus,</span> <span class='ocrx_word' id='word_1_186' title='bbox 883 1371 955 1420; x_wconf 89' lang='lat' dir='ltr'>qui</span> <span class='ocrx_word' id='word_1_187' title='bbox 976 1370 1081 1408; x_wconf 86' lang='lat' dir='ltr'>alios</span> <span class='ocrx_word' id='word_1_188' title='bbox 1103 1370 1228 1408; x_wconf 85' lang='lat' dir='ltr'>doces</span> <span class='ocrx_word' id='word_1_189' title='bbox 1250 1369 1477 1408; x_wconf 86' lang='lat' dir='ltr'>Caesarum</span> <span class='ocrx_word' id='word_1_190' title='bbox 1500 1382 1648 1420; x_wconf 84' lang='lat' dir='ltr'>parere</span> <span class='ocrx_word' id='word_1_191' title='bbox 1669 1370 1845 1419; x_wconf 89' lang='lat' dir='ltr'>legibus,</span> 
     </span>
     <span class='ocr_line' id='line_1_23' title="bbox 277 1424 1844 1475; baseline -0.001 -12"><span class='ocrx_word' id='word_1_192' title='bbox 277 1438 414 1475; x_wconf 88' lang='lat' dir='ltr'>aequo</span> <span class='ocrx_word' id='word_1_193' title='bbox 431 1426 575 1464; x_wconf 88' lang='lat' dir='ltr'>animo</span> <span class='ocrx_word' id='word_1_194' title='bbox 591 1438 739 1475; x_wconf 91' lang='lat' dir='ltr'>parere</span> <span class='ocrx_word' id='word_1_195' title='bbox 753 1425 882 1463; x_wconf 92' lang='lat' dir='ltr'>debes</span> <span class='ocrx_word' id='word_1_196' title='bbox 899 1430 1080 1463; x_wconf 90' lang='lat' dir='ltr'>naturae</span> <span class='ocrx_word' id='word_1_197' title='bbox 1097 1424 1272 1474; x_wconf 87' lang='lat' dir='ltr'>legibus,</span> <span class='ocrx_word' id='word_1_198' title='bbox 1287 1437 1396 1474; x_wconf 85' lang='lat' dir='ltr'>quae</span> <span class='ocrx_word' id='word_1_199' title='bbox 1413 1425 1598 1462; x_wconf 85' lang='lat' dir='ltr'>‘ducunt</span> <span class='ocrx_word' id='word_1_200' title='bbox 1616 1424 1844 1470; x_wconf 80' lang='lat' dir='ltr'>volentem,</span> 
     </span>
     <span class='ocr_line' id='line_1_24' title="bbox 278 1479 1844 1529; baseline 0 -11"><span class='ocrx_word' id='word_1_201' title='bbox 278 1480 497 1518; x_wconf 90' lang='lat' dir='ltr'>nolentem</span> <span class='ocrx_word' id='word_1_202' title='bbox 520 1480 702 1518; x_wconf 86' lang='lat' dir='ltr'>trahunt</span> <span class='ocrx_word' id='word_1_203' title='bbox 718 1481 738 1518; x_wconf 94' lang='lat'>&#39;.</span> <span class='ocrx_word' id='word_1_204' title='bbox 791 1479 1080 1527; x_wconf 82' lang='lat' dir='ltr'>Quantumuis</span> <span class='ocrx_word' id='word_1_205' title='bbox 1101 1484 1247 1517; x_wconf 90' lang='lat' dir='ltr'>autem</span> <span class='ocrx_word' id='word_1_206' title='bbox 1269 1492 1496 1529; x_wconf 82' lang='lat' dir='ltr'>exaggeres</span> <span class='ocrx_word' id='word_1_207' title='bbox 1519 1479 1596 1517; x_wconf 89' lang='lat' dir='ltr'>hoc</span> <span class='ocrx_word' id='word_1_208' title='bbox 1625 1479 1844 1526; x_wconf 89' lang='lat' dir='ltr'>damnum,</span> 
     </span>
     <span class='ocr_line' id='line_1_25' title="bbox 278 1534 1845 1586; baseline 0.001 -14"><span class='ocrx_word' id='word_1_209' title='bbox 278 1539 424 1574; x_wconf 87' lang='lat' dir='ltr'>tamen</span> <span class='ocrx_word' id='word_1_210' title='bbox 453 1548 606 1586; x_wconf 87' lang='lat' dir='ltr'>negare</span> <span class='ocrx_word' id='word_1_211' title='bbox 634 1547 719 1573; x_wconf 91' lang='lat' dir='ltr'>non</span> <span class='ocrx_word' id='word_1_212' title='bbox 747 1539 883 1585; x_wconf 88' lang='lat' dir='ltr'>potes,</span> <span class='ocrx_word' id='word_1_213' title='bbox 902 1548 991 1573; x_wconf 90' lang='lat' dir='ltr'>esse</span> <span class='ocrx_word' id='word_1_214' title='bbox 1022 1534 1273 1584; x_wconf 87' lang='lat' dir='ltr'>reparabile,</span> <span class='ocrx_word' id='word_1_215' title='bbox 1297 1534 1424 1572; x_wconf 90' lang='lat' dir='ltr'>modo</span> <span class='ocrx_word' id='word_1_216' title='bbox 1447 1538 1493 1571; x_wconf 84' lang='lat' dir='ltr'>tu</span> <span class='ocrx_word' id='word_1_217' title='bbox 1517 1547 1614 1571; x_wconf 90' lang='lat' dir='ltr'>cum</span> <span class='ocrx_word' id='word_1_218' title='bbox 1636 1547 1768 1572; x_wconf 84' lang='lat' dir='ltr'>vxore</span> <span class='ocrx_word' id='word_1_219' title='bbox 1790 1535 1845 1573; x_wconf 89' lang='lat' dir='ltr'>sis</span> 
     </span>
    </p>

    <p class='ocr_par' dir='ltr' id='par_1_11' title="bbox 221 1588 1845 1860">
     <span class='ocr_line' id='line_1_26' title="bbox 221 1588 1845 1640; baseline -0.001 -12"><span class='ocrx_word' id='word_1_220' title='bbox 221 1607 259 1629; x_wconf 91' lang='lat'>10</span> <span class='ocrx_word' id='word_1_221' title='bbox 278 1589 514 1628; x_wconf 74' lang='lat' dir='ltr'>incolumis</span> <span class='ocrx_word' id='word_1_222' title='bbox 574 1589 685 1636; x_wconf 81' lang='lat' dir='ltr'>Quid</span> <span class='ocrx_word' id='word_1_223' title='bbox 707 1591 741 1627; x_wconf 89' lang='lat' dir='ltr'>si</span> <span class='ocrx_word' id='word_1_224' title='bbox 762 1589 843 1628; x_wconf 89' lang='lat' dir='ltr'>tibi</span> <span class='ocrx_word' id='word_1_225' title='bbox 868 1602 945 1640; x_wconf 88' lang='lat' dir='ltr'>pro</span> <span class='ocrx_word' id='word_1_226' title='bbox 970 1589 1101 1627; x_wconf 88' lang='lat' dir='ltr'>filiola</span> <span class='ocrx_word' id='word_1_227' title='bbox 1114 1589 1230 1627; x_wconf 90' lang='lat' dir='ltr'>Deus</span> <span class='ocrx_word' id='word_1_228' title='bbox 1246 1589 1397 1627; x_wconf 87' lang='lat' dir='ltr'>reddat</span> <span class='ocrx_word' id='word_1_229' title='bbox 1419 1588 1598 1627; x_wconf 88' lang='lat' dir='ltr'>filiolum</span> <span class='ocrx_word' id='word_1_230' title='bbox 1620 1589 1845 1627; x_wconf 85' lang='lat' dir='ltr'>haeredem</span> 
     </span>
     <span class='ocr_line' id='line_1_27' title="bbox 278 1644 1844 1690; baseline -0.001 -8"><span class='ocrx_word' id='word_1_231' title='bbox 278 1657 364 1682; x_wconf 91' lang='lat' dir='ltr'>non</span> <span class='ocrx_word' id='word_1_232' title='bbox 392 1648 565 1683; x_wconf 87' lang='lat' dir='ltr'>tantum</span> <span class='ocrx_word' id='word_1_233' title='bbox 590 1644 864 1690; x_wconf 86' lang='lat' dir='ltr'>facultatum,</span> <span class='ocrx_word' id='word_1_234' title='bbox 888 1657 1036 1682; x_wconf 81' lang='lat' dir='ltr'>verum</span> <span class='ocrx_word' id='word_1_235' title='bbox 1061 1645 1191 1682; x_wconf 90' lang='lat' dir='ltr'>etiam</span> <span class='ocrx_word' id='word_1_236' title='bbox 1222 1644 1346 1682; x_wconf 85' lang='lat' dir='ltr'>istius</span> <span class='ocrx_word' id='word_1_237' title='bbox 1371 1644 1623 1682; x_wconf 87' lang='lat' dir='ltr'>eruditionis</span> <span class='ocrx_word' id='word_1_238' title='bbox 1652 1645 1844 1690; x_wconf 79' lang='lat' dir='ltr'>eximiae,</span> 
     </span>
     <span class='ocr_line' id='line_1_28' title="bbox 277 1698 1844 1750; baseline -0.001 -13"><span class='ocrx_word' id='word_1_239' title='bbox 277 1712 373 1737; x_wconf 90' lang='lat' dir='ltr'>cum</span> <span class='ocrx_word' id='word_1_240' title='bbox 391 1700 507 1737; x_wconf 91' lang='lat' dir='ltr'>omni</span> <span class='ocrx_word' id='word_1_241' title='bbox 524 1700 737 1737; x_wconf 86' lang='lat' dir='ltr'>virtutum</span> <span class='ocrx_word' id='word_1_242' title='bbox 759 1712 909 1750; x_wconf 86' lang='lat' dir='ltr'>genere</span> <span class='ocrx_word' id='word_1_243' title='bbox 931 1699 1215 1737; x_wconf 87' lang='lat' dir='ltr'>coniunctae?</span> <span class='ocrx_word' id='word_1_244' title='bbox 1274 1698 1421 1748; x_wconf 88' lang='lat' dir='ltr'>Neque</span> <span class='ocrx_word' id='word_1_245' title='bbox 1442 1699 1555 1736; x_wconf 89' lang='lat' dir='ltr'>enim</span> <span class='ocrx_word' id='word_1_246' title='bbox 1576 1711 1745 1736; x_wconf 85' lang='lat' dir='ltr'>necesse</span> <span class='ocrx_word' id='word_1_247' title='bbox 1766 1703 1844 1745; x_wconf 90' lang='lat' dir='ltr'>est,</span> 
     </span>
     <span class='ocr_line' id='line_1_29' title="bbox 278 1753 1844 1804; baseline -0.001 -12"><span class='ocrx_word' id='word_1_248' title='bbox 278 1755 440 1804; x_wconf 90' lang='lat' dir='ltr'>opinor,</span> <span class='ocrx_word' id='word_1_249' title='bbox 462 1758 513 1792; x_wconf 86' lang='lat' dir='ltr'>vt</span> <span class='ocrx_word' id='word_1_250' title='bbox 534 1767 601 1792; x_wconf 89' lang='lat' dir='ltr'>me</span> <span class='ocrx_word' id='word_1_251' title='bbox 621 1754 890 1792; x_wconf 88' lang='lat' dir='ltr'>admonitore</span> <span class='ocrx_word' id='word_1_252' title='bbox 912 1754 1062 1799; x_wconf 88' lang='lat' dir='ltr'>discas,</span> <span class='ocrx_word' id='word_1_253' title='bbox 1085 1753 1190 1791; x_wconf 91' lang='lat' dir='ltr'>nihil</span> <span class='ocrx_word' id='word_1_254' title='bbox 1212 1766 1301 1791; x_wconf 90' lang='lat' dir='ltr'>esse</span> <span class='ocrx_word' id='word_1_255' title='bbox 1322 1753 1584 1803; x_wconf 84' lang='lat' dir='ltr'>diligendum</span> <span class='ocrx_word' id='word_1_256' title='bbox 1606 1753 1844 1799; x_wconf 89' lang='lat' dir='ltr'>immodice,</span> 
     </span>
     <span class='ocr_line' id='line_1_30' title="bbox 278 1807 1845 1860; baseline -0.001 -13"><span class='ocrx_word' id='word_1_257' title='bbox 278 1822 331 1847; x_wconf 92' lang='lat' dir='ltr'>ne</span> <span class='ocrx_word' id='word_1_258' title='bbox 352 1809 473 1847; x_wconf 91' lang='lat' dir='ltr'>dolor</span> <span class='ocrx_word' id='word_1_259' title='bbox 493 1810 629 1860; x_wconf 89' lang='lat' dir='ltr'>erepti</span> <span class='ocrx_word' id='word_1_260' title='bbox 650 1809 852 1847; x_wconf 83' lang='lat' dir='ltr'>succedat</span> <span class='ocrx_word' id='word_1_261' title='bbox 872 1809 1138 1846; x_wconf 90' lang='lat' dir='ltr'>immodicus.</span> <span class='ocrx_word' id='word_1_262' title='bbox 1188 1807 1288 1854; x_wconf 50' lang='lat' dir='ltr'>Scis</span> <span class='ocrx_word' id='word_1_263' title='bbox 1310 1808 1414 1857; x_wconf 89' lang='lat' dir='ltr'>quid</span> <span class='ocrx_word' id='word_1_264' title='bbox 1428 1809 1592 1858; x_wconf 86' lang='lat' dir='ltr'>optimo</span> <span class='ocrx_word' id='word_1_265' title='bbox 1605 1809 1699 1846; x_wconf 78' lang='lat' dir='ltr'>viro</span> <span class='ocrx_word' id='word_1_266' title='bbox 1720 1807 1845 1846; x_wconf 88' lang='lat' dir='ltr'>fratri</span> 
     </span>
    </p>

    <p class='ocr_par' dir='ltr' id='par_1_12' title="bbox 220 1863 1844 2078">
     <span class='ocr_line' id='line_1_31' title="bbox 220 1863 1844 1913; baseline -0.001 -11"><span class='ocrx_word' id='word_1_267' title='bbox 220 1880 258 1911; x_wconf 85' lang='lat'>15</span> <span class='ocrx_word' id='word_1_268' title='bbox 278 1868 355 1902; x_wconf 88' lang='lat' dir='ltr'>tuo</span> <span class='ocrx_word' id='word_1_269' title='bbox 376 1863 569 1902; x_wconf 90' lang='lat' dir='ltr'>Brunoni</span> <span class='ocrx_word' id='word_1_270' title='bbox 589 1864 806 1902; x_wconf 84' lang='lat' dir='ltr'>acciderit.</span> <span class='ocrx_word' id='word_1_271' title='bbox 867 1863 978 1909; x_wconf 80' lang='lat' dir='ltr'>Quid</span> <span class='ocrx_word' id='word_1_272' title='bbox 1003 1863 1118 1913; x_wconf 90' lang='lat' dir='ltr'>quod</span> <span class='ocrx_word' id='word_1_273' title='bbox 1139 1863 1254 1901; x_wconf 89' lang='lat' dir='ltr'>Deus</span> <span class='ocrx_word' id='word_1_274' title='bbox 1282 1863 1499 1901; x_wconf 89' lang='lat' dir='ltr'>interdum</span> <span class='ocrx_word' id='word_1_275' title='bbox 1522 1863 1575 1901; x_wconf 89' lang='lat' dir='ltr'>ob</span> <span class='ocrx_word' id='word_1_276' title='bbox 1597 1863 1676 1901; x_wconf 88' lang='lat' dir='ltr'>hoc</span> <span class='ocrx_word' id='word_1_277' title='bbox 1704 1864 1844 1913; x_wconf 89' lang='lat' dir='ltr'>ipsum</span> 
     </span>
     <span class='ocr_line' id='line_1_32' title="bbox 278 1917 1843 1969; baseline -0.001 -13"><span class='ocrx_word' id='word_1_278' title='bbox 278 1919 405 1969; x_wconf 89' lang='lat' dir='ltr'>eripit</span> <span class='ocrx_word' id='word_1_279' title='bbox 435 1919 558 1957; x_wconf 90' lang='lat' dir='ltr'>nobis</span> <span class='ocrx_word' id='word_1_280' title='bbox 579 1919 695 1968; x_wconf 89' lang='lat' dir='ltr'>quod</span> <span class='ocrx_word' id='word_1_281' title='bbox 721 1918 941 1964; x_wconf 90' lang='lat' dir='ltr'>habemus,</span> <span class='ocrx_word' id='word_1_282' title='bbox 968 1918 1082 1968; x_wconf 91' lang='lat' dir='ltr'>quod</span> <span class='ocrx_word' id='word_1_283' title='bbox 1104 1922 1246 1968; x_wconf 88' lang='lat' dir='ltr'>preter</span> <span class='ocrx_word' id='word_1_284' title='bbox 1266 1917 1441 1956; x_wconf 89' lang='lat' dir='ltr'>modum</span> <span class='ocrx_word' id='word_1_285' title='bbox 1467 1930 1675 1964; x_wconf 87' lang='lat' dir='ltr'>amamus,</span> <span class='ocrx_word' id='word_1_286' title='bbox 1699 1922 1742 1955; x_wconf 86' lang='lat' dir='ltr'>et</span> <span class='ocrx_word' id='word_1_287' title='bbox 1769 1917 1843 1955; x_wconf 92' lang='lat' dir='ltr'>fin-</span> 
     </span>
     <span class='ocr_line' id='line_1_33' title="bbox 277 1973 1842 2024; baseline -0.001 -13"><span class='ocrx_word' id='word_1_288' title='bbox 277 1974 414 2023; x_wconf 89' lang='lat' dir='ltr'>gimus</span> <span class='ocrx_word' id='word_1_289' title='bbox 424 1986 515 2011; x_wconf 92' lang='lat' dir='ltr'>esse</span> <span class='ocrx_word' id='word_1_290' title='bbox 529 1974 748 2024; x_wconf 86' lang='lat' dir='ltr'>proprium</span> <span class='ocrx_word' id='word_1_291' title='bbox 760 1986 808 2011; x_wconf 87' lang='lat' dir='ltr'>ac</span> <span class='ocrx_word' id='word_1_292' title='bbox 819 1977 1075 2024; x_wconf 88' lang='lat' dir='ltr'>perpetuum</span> <span class='ocrx_word' id='word_1_293' title='bbox 1087 1973 1201 2023; x_wconf 92' lang='lat' dir='ltr'>quod</span> <span class='ocrx_word' id='word_1_294' title='bbox 1216 1976 1281 2010; x_wconf 90' lang='lat' dir='ltr'>est</span> <span class='ocrx_word' id='word_1_295' title='bbox 1293 1973 1666 2010; x_wconf 88' lang='lat' dir='ltr'>commodatitium</span> <span class='ocrx_word' id='word_1_296' title='bbox 1678 1985 1726 2010; x_wconf 90' lang='lat' dir='ltr'>ac</span> <span class='ocrx_word' id='word_1_297' title='bbox 1738 1976 1842 2010; x_wconf 89' lang='lat' dir='ltr'>tem-</span> 
     </span>
     <span class='ocr_line' id='line_1_34' title="bbox 278 2027 1842 2078; baseline -0.001 -12"><span class='ocrx_word' id='word_1_298' title='bbox 278 2029 507 2078; x_wconf 84' lang='lat' dir='ltr'>porarium.</span> <span class='ocrx_word' id='word_1_299' title='bbox 548 2028 675 2066; x_wconf 91' lang='lat' dir='ltr'>Dicas</span> <span class='ocrx_word' id='word_1_300' title='bbox 690 2029 732 2066; x_wconf 89' lang='lat' dir='ltr'>in</span> <span class='ocrx_word' id='word_1_301' title='bbox 746 2028 873 2066; x_wconf 91' lang='lat' dir='ltr'>rebus</span> <span class='ocrx_word' id='word_1_302' title='bbox 889 2028 1087 2066; x_wconf 88' lang='lat' dir='ltr'>humanis</span> <span class='ocrx_word' id='word_1_303' title='bbox 1103 2032 1146 2066; x_wconf 87' lang='lat' dir='ltr'>et</span> <span class='ocrx_word' id='word_1_304' title='bbox 1168 2027 1234 2065; x_wconf 90' lang='lat' dir='ltr'>hic</span> <span class='ocrx_word' id='word_1_305' title='bbox 1254 2040 1343 2065; x_wconf 84' lang='lat' dir='ltr'>esse</span> <span class='ocrx_word' id='word_1_306' title='bbox 1365 2027 1580 2065; x_wconf 83' lang='lat' dir='ltr'>Nemesim</span> <span class='ocrx_word' id='word_1_307' title='bbox 1598 2027 1842 2077; x_wconf 88' lang='lat' dir='ltr'>quamdam.</span> 
     </span>
    </p>

    <p class='ocr_par' dir='ltr' id='par_1_13' title="bbox 333 2082 1840 2133">
     <span class='ocr_line' id='line_1_35' title="bbox 333 2082 1840 2133; baseline -0.001 -12"><span class='ocrx_word' id='word_1_308' title='bbox 333 2083 450 2121; x_wconf 91' lang='lat' dir='ltr'>Tuus</span> <span class='ocrx_word' id='word_1_309' title='bbox 470 2083 647 2121; x_wconf 90' lang='lat' dir='ltr'>morbus</span> <span class='ocrx_word' id='word_1_310' title='bbox 668 2083 720 2121; x_wconf 92' lang='lat' dir='ltr'>de</span> <span class='ocrx_word' id='word_1_311' title='bbox 741 2095 826 2133; x_wconf 91' lang='lat' dir='ltr'>quo</span> <span class='ocrx_word' id='word_1_312' title='bbox 847 2095 940 2120; x_wconf 90' lang='lat' dir='ltr'>sero</span> <span class='ocrx_word' id='word_1_313' title='bbox 961 2096 1055 2121; x_wconf 91' lang='lat' dir='ltr'>sum</span> <span class='ocrx_word' id='word_1_314' title='bbox 1076 2082 1335 2127; x_wconf 81' lang='lat' dir='ltr'>admonitus,</span> <span class='ocrx_word' id='word_1_315' title='bbox 1358 2095 1425 2119; x_wconf 89' lang='lat' dir='ltr'>me</span> <span class='ocrx_word' id='word_1_316' title='bbox 1446 2095 1703 2132; x_wconf 88' lang='lat' dir='ltr'>magnopere</span> <span class='ocrx_word' id='word_1_317' title='bbox 1730 2082 1840 2120; x_wconf 91' lang='lat' dir='ltr'>solli-</span> 
     </span>
    </p>

    <p class='ocr_par' dir='ltr' id='par_1_14' title="bbox 218 2137 1843 2238">
     <span class='ocr_line' id='line_1_36' title="bbox 218 2137 1843 2187; baseline -0.001 -12"><span class='ocrx_word' id='word_1_318' title='bbox 218 2153 259 2174; x_wconf 85' lang='lat'>20</span> <span class='ocrx_word' id='word_1_319' title='bbox 278 2138 410 2175; x_wconf 82' lang='lat' dir='ltr'>citum</span> <span class='ocrx_word' id='word_1_320' title='bbox 442 2137 607 2184; x_wconf 88' lang='lat' dir='ltr'>habuit,</span> <span class='ocrx_word' id='word_1_321' title='bbox 639 2150 715 2176; x_wconf 91' lang='lat' dir='ltr'>nec</span> <span class='ocrx_word' id='word_1_322' title='bbox 745 2150 838 2175; x_wconf 91' lang='lat' dir='ltr'>eam</span> <span class='ocrx_word' id='word_1_323' title='bbox 872 2137 1203 2176; x_wconf 87' lang='lat' dir='ltr'>sollicitudinem</span> <span class='ocrx_word' id='word_1_324' title='bbox 1236 2137 1375 2175; x_wconf 88' lang='lat' dir='ltr'>adhuc</span> <span class='ocrx_word' id='word_1_325' title='bbox 1410 2150 1461 2174; x_wconf 84' lang='lat' dir='ltr'>ex</span> <span class='ocrx_word' id='word_1_326' title='bbox 1495 2137 1638 2175; x_wconf 85' lang='lat' dir='ltr'>animo</span> <span class='ocrx_word' id='word_1_327' title='bbox 1670 2149 1843 2187; x_wconf 89' lang='lat' dir='ltr'>possum</span> 
     </span>
     <span class='ocr_line' id='line_1_37' title="bbox 277 2192 1411 2238; baseline -0.001 -8"><span class='ocrx_word' id='word_1_328' title='bbox 277 2193 527 2238; x_wconf 85' lang='lat' dir='ltr'>extundere,</span> <span class='ocrx_word' id='word_1_329' title='bbox 550 2193 632 2230; x_wconf 90' lang='lat' dir='ltr'>nisi</span> <span class='ocrx_word' id='word_1_330' title='bbox 652 2193 739 2231; x_wconf 87' lang='lat' dir='ltr'>tuis</span> <span class='ocrx_word' id='word_1_331' title='bbox 760 2192 917 2230; x_wconf 88' lang='lat' dir='ltr'>litteris</span> <span class='ocrx_word' id='word_1_332' title='bbox 937 2192 1078 2230; x_wconf 85' lang='lat' dir='ltr'>factus</span> <span class='ocrx_word' id='word_1_333' title='bbox 1099 2192 1221 2230; x_wconf 79' lang='lat' dir='ltr'>fuero</span> <span class='ocrx_word' id='word_1_334' title='bbox 1242 2192 1411 2229; x_wconf 85' lang='lat' dir='ltr'>certior.</span> 
     </span>
    </p>

    <p class='ocr_par' dir='ltr' id='par_1_15' title="bbox 278 2246 1844 2406">
     <span class='ocr_line' id='line_1_38' title="bbox 333 2246 1843 2297; baseline -0.001 -12"><span class='ocrx_word' id='word_1_335' title='bbox 333 2247 437 2285; x_wconf 87' lang='lat' dir='ltr'>Post</span> <span class='ocrx_word' id='word_1_336' title='bbox 471 2247 664 2285; x_wconf 86' lang='lat' dir='ltr'>triduum</span> <span class='ocrx_word' id='word_1_337' title='bbox 703 2248 877 2285; x_wconf 85' lang='lat' dir='ltr'>mittam</span> <span class='ocrx_word' id='word_1_338' title='bbox 913 2246 1053 2285; x_wconf 90' lang='lat' dir='ltr'>isthuc</span> <span class='ocrx_word' id='word_1_339' title='bbox 1089 2247 1310 2297; x_wconf 87' lang='lat' dir='ltr'>proprium</span> <span class='ocrx_word' id='word_1_340' title='bbox 1349 2246 1571 2291; x_wconf 86' lang='lat' dir='ltr'>famulum,</span> <span class='ocrx_word' id='word_1_341' title='bbox 1609 2259 1682 2296; x_wconf 89' lang='lat' dir='ltr'>per</span> <span class='ocrx_word' id='word_1_342' title='bbox 1717 2259 1843 2296; x_wconf 89' lang='lat' dir='ltr'>quem</span> 
     </span>
     <span class='ocr_line' id='line_1_39' title="bbox 278 2301 1844 2351; baseline -0.001 -12"><span class='ocrx_word' id='word_1_343' title='bbox 278 2302 438 2351; x_wconf 89' lang='lat' dir='ltr'>poteris</span> <span class='ocrx_word' id='word_1_344' title='bbox 469 2306 545 2340; x_wconf 91' lang='lat' dir='ltr'>tuo</span> <span class='ocrx_word' id='word_1_345' title='bbox 575 2302 799 2340; x_wconf 92' lang='lat' dir='ltr'>commodo</span> <span class='ocrx_word' id='word_1_346' title='bbox 829 2314 937 2351; x_wconf 88' lang='lat' dir='ltr'>quae</span> <span class='ocrx_word' id='word_1_347' title='bbox 967 2301 1085 2339; x_wconf 89' lang='lat' dir='ltr'>voles</span> <span class='ocrx_word' id='word_1_348' title='bbox 1118 2301 1312 2339; x_wconf 88' lang='lat' dir='ltr'>scribere.</span> <span class='ocrx_word' id='word_1_349' title='bbox 1371 2301 1518 2351; x_wconf 81' lang='lat' dir='ltr'>Nuper</span> <span class='ocrx_word' id='word_1_350' title='bbox 1549 2302 1643 2339; x_wconf 88' lang='lat' dir='ltr'>misi</span> <span class='ocrx_word' id='word_1_351' title='bbox 1676 2301 1844 2339; x_wconf 87' lang='lat' dir='ltr'>litteras</span> 
     </span>
     <span class='ocr_line' id='line_1_40' title="bbox 278 2355 1842 2406; baseline -0.001 -12"><span class='ocrx_word' id='word_1_352' title='bbox 278 2355 480 2401; x_wconf 81' lang='lat' dir='ltr'>Sadoleti,</span> <span class='ocrx_word' id='word_1_353' title='bbox 498 2369 612 2394; x_wconf 91' lang='lat' dir='ltr'>nunc</span> <span class='ocrx_word' id='word_1_354' title='bbox 629 2358 758 2394; x_wconf 90' lang='lat' dir='ltr'>mitto</span> <span class='ocrx_word' id='word_1_355' title='bbox 772 2361 859 2394; x_wconf 88' lang='lat' dir='ltr'>tres</span> <span class='ocrx_word' id='word_1_356' title='bbox 880 2356 1104 2394; x_wconf 79' lang='lat' dir='ltr'>fasciculos</span> <span class='ocrx_word' id='word_1_357' title='bbox 1121 2355 1399 2406; x_wconf 89' lang='lat' dir='ltr'>epistolarum</span> <span class='ocrx_word' id='word_1_358' title='bbox 1417 2369 1468 2393; x_wconf 84' lang='lat' dir='ltr'>ex</span> <span class='ocrx_word' id='word_1_359' title='bbox 1486 2355 1627 2402; x_wconf 88' lang='lat' dir='ltr'>Italia,</span> <span class='ocrx_word' id='word_1_360' title='bbox 1645 2357 1687 2393; x_wconf 91' lang='lat' dir='ltr'>ni</span> <span class='ocrx_word' id='word_1_361' title='bbox 1706 2355 1842 2401; x_wconf 86' lang='lat' dir='ltr'>fallor,</span> 
     </span>
    </p>

    <p class='ocr_par' dir='ltr' id='par_1_16' title="bbox 218 2410 1843 2515">
     <span class='ocr_line' id='line_1_41' title="bbox 218 2410 1843 2461; baseline 0.001 -14"><span class='ocrx_word' id='word_1_362' title='bbox 218 2425 258 2456; x_wconf 86' lang='lat'>25</span> <span class='ocrx_word' id='word_1_363' title='bbox 278 2410 415 2449; x_wconf 89' lang='lat' dir='ltr'>datos.</span> <span class='ocrx_word' id='word_1_364' title='bbox 469 2411 537 2449; x_wconf 91' lang='lat' dir='ltr'>Ad</span> <span class='ocrx_word' id='word_1_365' title='bbox 564 2424 631 2449; x_wconf 91' lang='lat' dir='ltr'>me</span> <span class='ocrx_word' id='word_1_366' title='bbox 661 2415 949 2461; x_wconf 88' lang='lat' dir='ltr'>peruenerunt</span> <span class='ocrx_word' id='word_1_367' title='bbox 979 2424 1030 2448; x_wconf 85' lang='lat' dir='ltr'>ex</span> <span class='ocrx_word' id='word_1_368' title='bbox 1059 2410 1254 2460; x_wconf 88' lang='lat' dir='ltr'>Augusta</span> <span class='ocrx_word' id='word_1_369' title='bbox 1287 2410 1616 2448; x_wconf 90' lang='lat' dir='ltr'>Vindelicorum.</span> <span class='ocrx_word' id='word_1_370' title='bbox 1673 2410 1843 2456; x_wconf 89' lang='lat' dir='ltr'>Basilio,</span> 
     </span>
     <span class='ocr_line' id='line_1_42' title="bbox 278 2464 1538 2515; baseline -0.001 -12"><span class='ocrx_word' id='word_1_371' title='bbox 278 2466 401 2503; x_wconf 86' lang='lat' dir='ltr'>vxori</span> <span class='ocrx_word' id='word_1_372' title='bbox 422 2467 685 2515; x_wconf 89' lang='lat' dir='ltr'>caeterisque</span> <span class='ocrx_word' id='word_1_373' title='bbox 708 2466 787 2503; x_wconf 85' lang='lat' dir='ltr'>tibi</span> <span class='ocrx_word' id='word_1_374' title='bbox 809 2466 1066 2503; x_wconf 88' lang='lat' dir='ltr'>charissimis</span> <span class='ocrx_word' id='word_1_375' title='bbox 1087 2465 1271 2503; x_wconf 87' lang='lat' dir='ltr'>salutem</span> <span class='ocrx_word' id='word_1_376' title='bbox 1295 2464 1538 2515; x_wconf 88' lang='lat' dir='ltr'>plurimam.</span> 
     </span>
    </p>

    <p class='ocr_par' dir='ltr' id='par_1_17' title="bbox 333 2519 1292 2571">
     <span class='ocr_line' id='line_1_43' title="bbox 333 2519 1292 2571; baseline 0.001 -15"><span class='ocrx_word' id='word_1_377' title='bbox 333 2519 447 2557; x_wconf 91' lang='lat' dir='ltr'>Bene</span> <span class='ocrx_word' id='word_1_378' title='bbox 468 2520 576 2559; x_wconf 77' lang='lat' dir='ltr'>vale.</span> <span class='ocrx_word' id='word_1_379' title='bbox 638 2520 846 2571; x_wconf 86' lang='lat' dir='ltr'>Friburgi.</span> <span class='ocrx_word' id='word_1_380' title='bbox 907 2532 932 2570; x_wconf 87' lang='lat'><strong>4</strong></span> <span class='ocrx_word' id='word_1_381' title='bbox 953 2520 1019 2558; x_wconf 90' lang='lat' dir='ltr'>die</span> <span class='ocrx_word' id='word_1_382' title='bbox 1041 2520 1151 2558; x_wconf 89' lang='lat' dir='ltr'>Iulii.</span> <span class='ocrx_word' id='word_1_383' title='bbox 1178 2529 1292 2568; x_wconf 82' lang='lat'>1532.</span> 
     </span>
    </p>

    <p class='ocr_par' dir='ltr' id='par_1_18' title="bbox 1322 2573 1784 2612">
     <span class='ocr_line' id='line_1_44' title="bbox 1322 2573 1784 2612; baseline 0 -1"><span class='ocrx_word' id='word_1_384' title='bbox 1322 2574 1524 2612; x_wconf 90' lang='lat' dir='ltr'>Erasmus</span> <span class='ocrx_word' id='word_1_385' title='bbox 1548 2573 1647 2612; x_wconf 76' lang='lat' dir='ltr'>Rot.</span> <span class='ocrx_word' id='word_1_386' title='bbox 1672 2578 1784 2611; x_wconf 87' lang='lat' dir='ltr'>tuus.</span> 
     </span>
    </p>
   </div>
   <div class='ocr_carea' id='block_1_5' title="bbox 333 2638 1535 2753">
    <p class='ocr_par' dir='ltr' id='par_1_19' title="bbox 333 2638 1535 2753">
     <span class='ocr_line' id='line_1_45' title="bbox 333 2638 1512 2678; baseline 0.001 -2"><span class='ocrx_word' id='word_1_387' title='bbox 333 2638 497 2677; x_wconf 89' lang='lat' dir='ltr'>Clariss.</span> <span class='ocrx_word' id='word_1_388' title='bbox 521 2640 614 2677; x_wconf 83' lang='lat' dir='ltr'>viro</span> <span class='ocrx_word' id='word_1_389' title='bbox 635 2640 685 2678; x_wconf 94' lang='lat' dir='ltr'>D.</span> <span class='ocrx_word' id='word_1_390' title='bbox 710 2640 931 2678; x_wconf 80' lang='lat' dir='ltr'>Bonifacio</span> <span class='ocrx_word' id='word_1_391' title='bbox 952 2640 1245 2678; x_wconf 87' lang='lat' dir='ltr'>Amerbachio.</span> <span class='ocrx_word' id='word_1_392' title='bbox 1306 2639 1512 2677; x_wconf 87' lang='lat' dir='ltr'>Basileae.</span> 
     </span>
     <span class='ocr_line' id='line_1_46' title="bbox 585 2710 1535 2753; baseline -0.001 -11"><span class='ocrx_word' id='word_1_393' title='bbox 585 2711 680 2742; x_wconf 83' lang='lat'>2678.</span> <span class='ocrx_word' id='word_1_394' title='bbox 708 2721 738 2742; x_wconf 85' lang='lat'>2.</span> <span class='ocrx_word' id='word_1_395' title='bbox 764 2712 853 2753; x_wconf 86' lang='lat' dir='ltr'>quid</span> <span class='ocrx_word' id='word_1_396' title='bbox 871 2711 918 2749; x_wconf 76' lang='lat' dir='ltr'>Q:</span> <span class='ocrx_word' id='word_1_397' title='bbox 944 2712 1027 2753; x_wconf 71' lang='lat' dir='ltr'>quis</span> <span class='ocrx_word' id='word_1_398' title='bbox 1044 2711 1127 2742; x_wconf 86' lang='lat' dir='ltr'>MS.</span> <span class='ocrx_word' id='word_1_399' title='bbox 1241 2714 1272 2742; x_wconf 81' lang='lat'>6.</span> <span class='ocrx_word' id='word_1_400' title='bbox 1298 2710 1437 2742; x_wconf 76' lang='lat' dir='ltr'>doliciis</span> <span class='ocrx_word' id='word_1_401' title='bbox 1453 2710 1535 2742; x_wconf 82' lang='lat' dir='ltr'>MS.</span> 
     </span>
    </p>
   </div>
   <div class='ocr_carea' id='block_1_6' title="bbox 278 2798 1840 3013">
    <p class='ocr_par' dir='ltr' id='par_1_20' title="bbox 278 2798 1840 2926">
     <span class='ocr_line' id='line_1_47' title="bbox 322 2798 1673 2840; baseline 0 -12"><span class='ocrx_word' id='word_1_402' title='bbox 322 2798 417 2828; x_wconf 83' lang='lat'>2678.</span> <span class='ocrx_word' id='word_1_403' title='bbox 444 2807 474 2837; x_wconf 80' lang='grc'>5.</span> <span class='ocrx_word' id='word_1_404' title='bbox 500 2798 646 2836; x_wconf 83' lang='lat' dir='ltr'>filiolae]</span> <span class='ocrx_word' id='word_1_405' title='bbox 685 2799 893 2829; x_wconf 80' lang='lat' dir='ltr'>Boniface’s</span> <span class='ocrx_word' id='word_1_406' title='bbox 930 2799 1029 2830; x_wconf 91' lang='lat' dir='ltr'>elder</span> <span class='ocrx_word' id='word_1_407' title='bbox 1096 2798 1244 2840; x_wconf 84' lang='lat' dir='ltr'>plained</span> <span class='ocrx_word' id='word_1_408' title='bbox 1262 2799 1311 2838; x_wconf 92' lang='lat' dir='ltr'>by</span> <span class='ocrx_word' id='word_1_409' title='bbox 1328 2798 1397 2838; x_wconf 84' lang='lat' dir='ltr'>Ep.</span> <span class='ocrx_word' id='word_1_410' title='bbox 1416 2799 1514 2838; x_wconf 81' lang='lat'>2684.</span> <span class='ocrx_word' id='word_1_411' title='bbox 1535 2799 1673 2829; x_wconf 80' lang='lat'>116-18.</span> 
     </span>
     <span class='ocr_line' id='line_1_48' title="bbox 278 2841 1840 2883; baseline 0 -11"><span class='ocrx_word' id='word_1_412' title='bbox 278 2842 472 2882; x_wconf 85' lang='lat' dir='ltr'>daughter,</span> <span class='ocrx_word' id='word_1_413' title='bbox 490 2842 636 2878; x_wconf 74' lang='lat' dir='ltr'>Ursule,</span> <span class='ocrx_word' id='word_1_414' title='bbox 654 2842 739 2872; x_wconf 88' lang='lat' dir='ltr'>died</span> <span class='ocrx_word' id='word_1_415' title='bbox 755 2851 797 2873; x_wconf 85' lang='lat'>20</span> <span class='ocrx_word' id='word_1_416' title='bbox 815 2843 913 2874; x_wconf 85' lang='lat' dir='ltr'>June</span> <span class='ocrx_word' id='word_1_417' title='bbox 933 2851 1027 2882; x_wconf 84' lang='lat'>1532,</span> <span class='ocrx_word' id='word_1_418' title='bbox 1140 2852 1193 2881; x_wconf 87' lang='lat'>23.</span> <span class='ocrx_word' id='word_1_419' title='bbox 1220 2842 1377 2880; x_wconf 80' lang='lat' dir='ltr'>litteras]</span> <span class='ocrx_word' id='word_1_420' title='bbox 1396 2842 1460 2873; x_wconf 89' lang='lat' dir='ltr'>See</span> <span class='ocrx_word' id='word_1_421' title='bbox 1478 2842 1575 2883; x_wconf 88' lang='lat' dir='ltr'>Epp.</span> <span class='ocrx_word' id='word_1_422' title='bbox 1592 2843 1676 2882; x_wconf 80' lang='lat'><strong>2648</strong></span> <span class='ocrx_word' id='word_1_423' title='bbox 1690 2841 1840 2878; x_wconf 85' lang='lat' dir='ltr'>introd.,</span> 
     </span>
     <span class='ocr_line' id='line_1_49' title="bbox 278 2884 1289 2926; baseline 0.001 -11"><span class='ocrx_word' id='word_1_424' title='bbox 278 2886 371 2926; x_wconf 85' lang='lat' dir='ltr'>aged</span> <span class='ocrx_word' id='word_1_425' title='bbox 389 2884 450 2923; x_wconf 47' lang='lat'>3&amp;</span> <span class='ocrx_word' id='word_1_426' title='bbox 475 2895 534 2915; x_wconf 89' lang='lat' dir='ltr'>see</span> <span class='ocrx_word' id='word_1_427' title='bbox 552 2886 633 2916; x_wconf 88' lang='lat' dir='ltr'>Am.</span> <span class='ocrx_word' id='word_1_428' title='bbox 652 2886 694 2916; x_wconf 91' lang='lat' dir='ltr'>E.</span> <span class='ocrx_word' id='word_1_429' title='bbox 713 2896 749 2926; x_wconf 90' lang='lat' dir='ltr'>p.</span> <span class='ocrx_word' id='word_1_430' title='bbox 767 2895 821 2923; x_wconf 85' lang='lat'>99.</span> <span class='ocrx_word' id='word_1_431' title='bbox 1096 2887 1194 2926; x_wconf 81' lang='lat'>2684.</span> <span class='ocrx_word' id='word_1_432' title='bbox 1216 2895 1289 2925; x_wconf 87' lang='lat'>130.</span> 
     </span>
    </p>

    <p class='ocr_par' dir='ltr' id='par_1_21' title="bbox 323 2928 1838 2970">
     <span class='ocr_line' id='line_1_50' title="bbox 323 2928 1838 2970; baseline -0.001 -11"><span class='ocrx_word' id='word_1_433' title='bbox 323 2939 353 2968; x_wconf 92' lang='lat'>7.</span> <span class='ocrx_word' id='word_1_434' title='bbox 378 2929 535 2966; x_wconf 87' lang='lat' dir='ltr'>ducunt]</span> <span class='ocrx_word' id='word_1_435' title='bbox 553 2929 617 2959; x_wconf 87' lang='lat' dir='ltr'>See</span> <span class='ocrx_word' id='word_1_436' title='bbox 636 2929 749 2969; x_wconf 74' lang='lat' dir='ltr'>Aday.</span> <span class='ocrx_word' id='word_1_437' title='bbox 767 2939 865 2969; x_wconf 84' lang='lat'>4090.</span> <span class='ocrx_word' id='word_1_438' title='bbox 1135 2939 1186 2968; x_wconf 88' lang='lat'>24.</span> <span class='ocrx_word' id='word_1_439' title='bbox 1213 2928 1419 2966; x_wconf 79' lang='lat' dir='ltr'>fasciculos]</span> <span class='ocrx_word' id='word_1_440' title='bbox 1443 2929 1507 2960; x_wconf 86' lang='lat' dir='ltr'>See</span> <span class='ocrx_word' id='word_1_441' title='bbox 1524 2929 1622 2970; x_wconf 85' lang='lat' dir='ltr'>Epp.</span> <span class='ocrx_word' id='word_1_442' title='bbox 1642 2930 1742 2968; x_wconf 80' lang='lat'>2684.</span> <span class='ocrx_word' id='word_1_443' title='bbox 1766 2938 1838 2968; x_wconf 86' lang='lat'>131,</span> 
     </span>
    </p>

    <p class='ocr_par' dir='ltr' id='par_1_22' title="bbox 325 2972 1433 3013">
     <span class='ocr_line' id='line_1_51' title="bbox 325 2972 1433 3013; baseline 0.001 -11"><span class='ocrx_word' id='word_1_444' title='bbox 325 2981 439 3013; x_wconf 85' lang='lat'>14—15.</span> <span class='ocrx_word' id='word_1_445' title='bbox 480 2972 569 3013; x_wconf 90' lang='lat' dir='ltr'>quid</span> <span class='ocrx_word' id='word_1_446' title='bbox 600 2996 606 3003; x_wconf 91' lang='lat'>.</span> <span class='ocrx_word' id='word_1_447' title='bbox 638 2997 644 3002; x_wconf 93' lang='lat'>.</span> <span class='ocrx_word' id='word_1_448' title='bbox 674 2997 680 3003; x_wconf 93' lang='lat'>.</span> <span class='ocrx_word' id='word_1_449' title='bbox 699 2973 887 3012; x_wconf 82' lang='lat' dir='ltr'>acciderit]</span> <span class='ocrx_word' id='word_1_450' title='bbox 947 2973 1022 3004; x_wconf 83' lang='lat' dir='ltr'>Ex·</span> <span class='ocrx_word' id='word_1_451' title='bbox 1091 2974 1191 3004; x_wconf 77' lang='lat'>2686.</span> <span class='ocrx_word' id='word_1_452' title='bbox 1214 2982 1241 3009; x_wconf 92' lang='lat'>1,</span> <span class='ocrx_word' id='word_1_453' title='bbox 1262 2973 1360 3003; x_wconf 80' lang='lat'>2688.</span> <span class='ocrx_word' id='word_1_454' title='bbox 1379 2981 1433 3012; x_wconf 85' lang='lat'>25.</span> 
     </span>
    </p>
   </div>
  </div>
 </body>
</html>
