1966 3379
275 114 348 149 lsi)
700 114 958 151 LETTERS
989 114 1060 151 OF
1090 115 1357 154 ERASMUS

1719 119 1842 167 [1533

213 232 247 260 15
270 217 606 264 benignitatem),
636 222 678 254 et
705 230 879 266 queram
909 218 1038 256 alium
1070 224 1319 269 emptorem.
1367 221 1603 271 Episcopus
1634 221 1841 260 Viennen-

267 272 322 307 sis
362 273 447 319 egit
488 285 651 309 mecum
693 272 742 309 de
784 273 860 310 hoc
902 278 1105 319 mercatu,
1144 274 1215 311 sed
1252 275 1447 324 respondi
1482 288 1567 313 non
1607 289 1696 313 esse
1737 277 1841 314 mihi

269 327 492 375 integrum.

323 381 460 418 Turca
477 381 656 418 feliciter
672 382 921 431 profligatus
937 384 1226 420 est—vtinam
1241 396 1461 433 nunquam
1478 384 1634 422 redeat.
1676 385 1840 423 Rumor

266 440 330 472 cst
360 437 535 472 tractari
561 436 612 473 ‹le
634 437 935 485 componendis
968 437 1093 474 rebus
1125 438 1234 474 inter
1268 439 1423 487 Regem
1456 439 1769 477 Ferdinandum
1796 445 1839 478 et

208 505 247 524 ,ιω
270 490 752 527 Υειίίννοάᾶωᾈ1111111111
776 491 816 528 1(1
840 491 915 529 fiat
932 496 1008 528 tuo
1026 505 1194 540 quoque
1212 493 1447 530 commodo.
1491 493 1677 531 Thomas
1696 494 1839 532 Morus

266 545 464 594 deposuit
478 545 752 582 cancellarias
766 545 946 583 clitellas
960 559 1055 583 cum
1075 547 1186 584 bona
1201 548 1401 597 principis
1418 549 1567 595 gratia.
1611 548 1702 586 Rex
1725 550 1836 586 enim

268 600 399 645 inagis
430 599 664 637 ‹lcclarauit
699 600 901 637 affectum
930 614 1053 638 suum
1090 602 1131 638 in
1166 602 1330 639 Morum
1364 602 1591 640 adimendo
1627 604 1835 641 sarcinam

267 667 393 702 quam
423 654 691 715 imponendo.
736 655 827 692 Illic
849 655 1086 704 φιλόπατρις
1103 660 1206 700 erat,
1226 657 1385 705 regium
1409 670 1563 694 munus
1585 658 1622 694 ei
1644 659 1835 695 commit-

267 709 396 745 tendo
418 710 489 757 qui
511 709 656 746 solus
649 722 688 746 111
712 722 761 746 ea
782 710 921 747 insula
943 724 1019 760 par
1039 715 1172 756 esset;
1203 710 1269 748 hic
1290 710 1531 759 φιλόμωρος,
1553 713 1672 749 cuius
1694 713 1837 750 animo

207 783 244 809 25
269 763 455 800 indulsit
504 764 659 801 Diuino
684 777 790 813 quas
821 765 874 801 ob
903 778 1052 802 causas
1081 765 1224 802 Morus
1250 767 1550 813 magistratum
1577 766 1834 816 deposuerit.

266 818 343 854 Sul
373 818 450 854 hoc
479 831 632 855 munus
659 820 730 856 vix
759 821 983 868 quisquam
1015 833 1156 867 gerere
1181 824 1336 869 potest
1360 825 1407 857 vt
1437 833 1650 882 nusquam
1668 834 1693 858 a
1722 826 1837 859 recto

267 873 418 921 pioque
441 873 653 911 deflectat
714 874 746 910 E
753 874 928 911 xultant
948 874 1193 923 euangelici,
1218 876 1426 912 iactantes
1449 875 1614 912 Morum
1641 877 1729 913 iure
1755 877 1835 925 pri-

268 932 415 964 uatum
439 929 712 977 magistratu:
737 929 773 965 ei
795 930 1040 966 successisse
1058 930 1195 966 virum
1213 929 1411 974 nobilem,
1427 931 1498 978 qui
1521 931 1668 967 statim
1687 932 1837 980 viginti

264 995 428 1019 carcere
443 983 655 1028 liberauit,
671 996 777 1032 quos
793 983 935 1020 Morus
952 996 1001 1020 eo
1015 984 1255 1021 detruserat
1270 984 1324 1021 ob
1341 989 1491 1022 sectas.
1529 984 1609 1030 Qui
1623 986 1836 1031 successit,

205 1052 246 1081 30
266 1037 398 1073 frater
419 1041 479 1074 est
498 1037 687 1074 Eduardi
706 1038 790 1082 Lei,
806 1038 907 1075 mihi
931 1038 1029 1075 olim
1047 1039 1221 1083 amicus,
1239 1039 1345 1076 adeo
1363 1043 1411 1076 vt
1433 1040 1473 1075 in
1491 1039 1691 1077 conflictu
1710 1053 1835 1089 quem

267 1091 395 1128 habui
418 1105 512 1129 cum
532 1092 616 1129 Leo
637 1092 779 1141 palam
802 1106 825 1129 a
844 1105 909 1129 me
927 1094 1106 1130 steterit.
1150 1093 1236 1130 Nec
1256 1093 1385 1130 vllam
1404 1093 1533 1131 habet
1551 1094 1836 1137 nobilitatem,

266 1147 342 1182 nisi
365 1147 479 1195 quod
501 1154 565 1184 est
588 1147 911 1192 iureconsultus,
934 1147 1046 1184 vnde
1067 1147 1182 1196 apud
1204 1147 1361 1197 Anglos
1383 1149 1518 1185 omnis
1540 1148 1625 1186 fere
1648 1153 1751 1186 nata
1772 1153 1837 1187 est

266 1201 479 1238 nobilitas.
522 1201 662 1239 Natus
684 1206 745 1239 est
771 1203 811 1238 in
835 1202 940 1239 vico.
982 1202 1040 1239 At
1072 1202 1215 1239 Morus
1244 1202 1442 1239 Lunduni
1470 1208 1598 1240 natus
1629 1208 1705 1248 est,
1728 1216 1837 1252 quae

264 1256 377 1304 apud
412 1256 569 1304 Anglos
604 1269 703 1306 pars
735 1260 801 1293 est
836 1256 1086 1301 nobilitatis,
1122 1269 1173 1293 ex
1210 1261 1332 1306 patre
1372 1262 1622 1307 purpurato,
1664 1258 1837 1295 doctore

204 1321 243 1350 35
267 1310 501 1347 Britannici
523 1312 636 1350 iuris.
660 1312 748 1360 ipse
770 1312 811 1348 in
833 1324 882 1348 eo
898 1324 1047 1360 genere
1063 1312 1214 1360 viginti
1228 1311 1424 1349 doctores
1441 1325 1656 1362 superans.
1699 1311 1838 1350 Gessit

266 1366 305 1401 in
330 1378 405 1402 sua
420 1366 522 1402 vrbe
540 1378 693 1402 munus
710 1366 1001 1403 honorificum.
1044 1366 1151 1403 Dein
1166 1370 1409 1415 pertractus
1431 1367 1472 1403 in
1494 1367 1648 1404 Aulam
1671 1367 1837 1416 aliquot

265 1420 551 1469 legacionibus
572 1420 688 1457 dedit
712 1421 775 1457 sui
797 1421 1020 1470 specimen.
1063 1420 1175 1457 Ante
1200 1420 1424 1458 duodecim
1455 1434 1589 1458 annos
1610 1421 1751 1459 faetus
1771 1426 1838 1459 est

267 1475 379 1511 baro.
423 1474 513 1511 lam
540 1475 653 1523 quod
680 1475 733 1512 ad
762 1476 990 1524 ingenium,
1015 1475 1298 1512 eruditionem
1321 1482 1361 1513 et
1385 1476 1629 1513 facundiam
1658 1476 1837 1521 adtinet,

265 1529 381 1566 nulla
409 1535 473 1566 est
502 1531 779 1579 comparat-io.
830 1529 1066 1567 Cardinalis
1099 1530 1379 1567 Eboraeensis
1414 1531 1637 1568 metuebat
1671 1531 1836 1568 Morum

203 1602 244 1630 40
266 1585 408 1633 pocius
426 1597 553 1632 quam
569 1585 757 1621 amabat.
792 1584 849 1622 Et
866 1588 1024 1629 tamen,
1040 1597 1171 1633 quum
1189 1586 1367 1622 sentiret
1378 1585 1504 1634 Regis
1518 1586 1622 1622 iram
1639 1585 1836 1634 implaca-

267 1638 403 1681 bilem,
427 1638 705 1676 denunciauit
726 1652 811 1676 non
832 1652 921 1676 esse
938 1640 1016 1676 nisi
1034 1652 1165 1676 vnum
1182 1640 1222 1676 in
1239 1639 1393 1688 Anglia
1410 1652 1553 1689 parem
1576 1639 1635 1676 illi
1658 1641 1835 1677 muneri.

265 1693 495 1730 Montioius
545 1706 662 1730 meus
704 1694 864 1738 scribit,
910 1693 1029 1731 illum
1072 1695 1129 1730 sie
1173 1695 1349 1743 gessisse
1398 1707 1554 1731 munus
1598 1699 1647 1731 vt
1692 1707 1838 1731 omnes

262 1747 484 1784 fateantur
516 1749 727 1785 neminem
758 1749 933 1798 gessisse
966 1761 1154 1797 vnquam
1188 1748 1407 1785 dexterius
1439 1753 1517 1786 aut
1548 1750 1706 1786 maiore
1742 1762 1838 1786 cum

263 1803 468 1851 equitate.

203 1873 243 1904 45
321 1857 564 1906 Euangelici
605 1857 734 1894 semel
774 1862 905 1906 atque
946 1858 1101 1895 iterum
1144 1857 1281 1894 moliti
1318 1862 1419 1895 sunt
1458 1857 1837 1908 periculosissimos

265 1911 478 1948 tumultus
507 1913 548 1948 in
575 1912 738 1961 Anglia.
799 1912 909 1958 Quid
942 1912 1026 1949 illic
1057 1912 1218 1949 faceret
1239 1913 1356 1961 regni
1385 1912 1541 1949 iudex?
1600 1912 1665 1949 An
1688 1918 1838 1950 contra

264 1971 450 2003 mentem
475 1967 677 2016 principis
698 1971 741 2005 et
763 1968 1059 2016 episcoporum
1073 1966 1308 2004 addidisset
1330 1966 1468 2004 oleum
1492 1967 1685 2004 camino?
1726 1966 1838 2005 Satis

264 2034 465 2069 magnum
493 2021 694 2058 indicium
727 2022 881 2058 Morice
911 2021 1100 2058 lenitatis
1124 2024 1201 2066 est,
1231 2021 1345 2070 quod
1372 2021 1514 2059 nullus
1542 2021 1625 2058 fuit
1646 2026 1836 2066 exustus,

264 2075 548 2122 deco<l>latus
565 2081 641 2113 aut
659 2089 888 2126 suspensus
907 2076 1036 2124 (quod
1054 2076 1095 2112 in
1113 2075 1206 2112 aliis
1223 2075 1464 2124 regionibus
1482 2076 1628 2113 multis
1649 2075 1833 2123 accidit).

204 2145 244 2173 50
264 2129 427 2167 Omitto
452 2143 563 2167 nunc
587 2130 732 2168 Luteri
753 2131 968 2180 dogmata.
1029 2130 1115 2167 Sub
1139 2130 1216 2166 hac
1240 2129 1391 2168 vmbra
1411 2136 1675 2180 propagatur
1695 2143 1743 2167 ac
1766 2143 1839 2180 per

264 2184 409 2221 orbem
432 2185 741 2232 di<fj>funditur
762 2185 1000 2222 maleficum
1024 2184 1240 2233 quoddam
1257 2197 1447 2222 errorum
1469 2197 1614 2234 genus
1633 2197 1836 2234 quorsum

263 2251 503 2281 euasurum,
527 2239 641 2276 Deus
664 2241 797 2277 nouit.

318 2292 428 2338 Quid
451 2293 557 2331 tales
586 2295 760 2343 possint,
790 2293 943 2331 seruile
972 2293 1130 2331 bellum
1158 2297 1202 2330 et
1230 2293 1568 2343 Templariorum
1594 2293 1837 2343 exemplum

310 2396 358 2424 25.
388 2387 551 2417 indulsit.

263 2441 364 2461 mus:
391 2431 456 2461 Cui
474 2431 555 2461 MS.

601 2388 735 2418 Diuino
754 2388 970 2428 scripsimus
985 2399 992 2418 ε
1018 2388 1173 2420 indulsit
1190 2389 1317 2419 diuino
1334 2387 1416 2418 MS.
1525 2397 1576 2424 29.
1605 2387 1675 2424 Qui
1692 2387 1839 2427 scripsi-

311 2576 425 2611 15—16.
446 2573 806 2611 Viennensis]There
819 2575 847 2604 is
859 2578 1016 2604 notraee

262 2617 300 2648 of
317 2618 391 2647 this
410 2618 555 2657 inquiry
574 2618 622 2656 by
638 2618 755 2648 Faber
772 2619 808 2648 in
827 2618 1015 2648 Erasinus'

1085 2574 1264 2605 Rowland
1274 2574 1344 2604 Lee
1356 2583 1430 2604 was
1439 2573 1609 2613 chaplain
1619 2573 1692 2603 and
1701 2577 1839 2603 master

1086 2619 1121 2648 in
1155 2618 1336 2657 chancery
1362 2621 1402 2647 to
1430 2617 1559 2655 Henry
1585 2625 1668 2651 VIII,
1697 2617 1770 2646 and
1800 2617 1836 2646 in

263 2660 585 2700 correspondence,

310 2714 359 2741 29.
387 2704 456 2740 Qui
474 2705 662 2742 successit]
682 2705 780 2735 More
794 2715 868 2735 was
886 2706 921 2734 in
941 2705 1015 2735 fact

264 2748 463 2778 succeeded
496 2748 632 2787 bytSir
666 2748 825 2778 Thomas
858 2748 1014 2788 Audley.

264 2791 451 2821 Erasmus'
465 2801 564 2821 error
575 2802 659 2831 may
673 2792 767 2822 have
784 2793 903 2822 arisen
922 2792 1015 2822 from

264 2836 327 2865 the
353 2835 424 2865 last
449 2835 600 2874 syllable
626 2835 663 2865 of
686 2835 863 2875 Audley's
886 2846 1014 2869 name:

263 2889 303 2909 or
329 2879 372 2908 he
397 2889 482 2918 may
507 2879 551 2908 be
577 2879 749 2918 thinking
773 2879 810 2909 of
836 2879 1015 2909 Rowland

264 2923 345 2955 Lee,
363 2923 436 2952 and
453 2922 646 2962 confusing
663 2923 738 2952 hirn
756 2923 845 2952 with
863 2922 1015 2952 Wilfred

264 2967 345 2999 Lee,
387 2966 537 2996 brother
576 2970 615 2996 to
651 2966 714 2996 the
749 2966 1016 3006 archbishop—

1088 2672 1099 2692 1
1108 2671 1169 2700 534
1184 2662 1228 2692 he
1240 2671 1314 2691 was
1326 2661 1433 2691 made
1449 2660 1579 2700 bishop
1591 2660 1628 2690 of
1648 2664 1655 2673 ⁸
1665 2660 1817 2691 Chester
1828 2660 1835 2671 '

1085 2706 1137 2741 (111
1163 2704 1314 2739 reward,
1341 2714 1380 2734 so
1405 2705 1431 2734 it
1458 2714 1532 2734 was
1557 2703 1648 2737 said,
1675 2704 1731 2734 for
1755 2713 1834 2743 per—

1086 2749 1243 2788 forming
1254 2748 1317 2778 the
1331 2748 1508 2787 marriage
1520 2747 1656 2778 service
1669 2747 1835 2777 between

1086 2793 1214 2831 Henry
1231 2791 1304 2822 and
1323 2793 1430 2821 Anne
1447 2791 1614 2830 Boleyn).

1129 2845 1181 2874 39.
1208 2835 1464 2872 Eboraeensis]
1483 2834 1640 2873 Vt‘olsey.

1128 2888 1179 2918 53.
1206 2878 1498 2918 Templariorurn
1609 2877 1834 2917 exemplum]

1084 2923 1141 2952 He
1181 2923 1211 2952 is
1241 2921 1465 2962 apparently
1492 2921 1666 2960 thinking
1702 2921 1739 2951 of
1772 2921 1836 2951 the

1083 2966 1322 3006 suppression
1338 2965 1375 2996 of
1394 2965 1457 2996 the
1475 2965 1665 3005 Templars
1683 2965 1718 2994 in
1740 2973 1832 3003 1312.
