1966 3379
112 125 233 174 2746]
620 123 779 162 FROM
809 123 961 162 JOHN
992 123 1179 161 LASKY
1608 126 1682 163 133

167 227 206 266 S.
268 227 398 265 Plane
420 227 523 265 mihi
544 229 733 265 animum
760 228 985 265 reddidisti
1014 227 1170 265 litteris
1200 229 1298 273 tuis,
1323 229 1497 266 Erasme
1526 229 1681 266 charis-

113 284 228 327 sime,
251 283 324 332 qui
345 284 425 320 etsi
446 282 497 320 de
519 287 595 319 tua
618 283 659 319 in
682 295 747 319 me
770 282 1063 319 beniuolencia
1085 295 1305 331 nunquam
1329 283 1539 328 dubitaui,
1558 285 1681 321 mira-

114 337 191 374 bar
223 341 369 374 tamen
394 337 507 386 quod
541 349 637 374 cum
662 349 683 374 e
710 337 1040 384 Poznanicn<si>
1068 342 1285 374 conuentu
1318 342 1418 374 ante
1452 338 1682 383 biennium,

113 391 265 429 deinde
295 404 396 429 vero
426 392 558 428 eciam
592 391 687 428 hinc
718 404 830 429 anno
861 392 1073 441 superiore
1105 391 1159 429 ad
1196 396 1237 428 te
1271 393 1545 440 scripsissem,
1579 393 1683 429 nihil

113 446 216 483 mihi
238 450 362 483 tanto
383 450 574 495 tempore
596 446 885 495 responderis:
919 447 998 482 nisi
1027 446 1137 483 forte
1164 447 1221 482 sic
1252 447 1390 482 visum
1420 451 1485 483 est
1515 447 1593 483 tibi
1623 447 1682 484 vl-

114 501 210 538 cisci
231 502 414 549 priorem
437 500 554 537 illam
578 501 858 537 cessacionem
881 513 1032 545 meam,
1056 505 1105 537 Vt
1130 513 1195 537 me
1225 505 1314 538 tam
1344 500 1469 550 longa
1498 502 1683 538 vicissim

114 559 288 592 tuarum
310 567 544 592 macerares
565 555 806 592 litterarum
824 556 1137 604 expectacione,
1155 560 1229 592 aut
1248 555 1442 592 fortassis
1459 556 1683 593 vitandam

114 609 253 647 adhuc
276 611 496 659 putaueris
519 611 654 646 nostri
676 610 859 647 nominis
884 609 1104 655 inuidiam,
1126 622 1212 658 qua
1241 623 1352 646 nunc
1377 611 1567 659 grauiter
1595 612 1683 659 qui-

115 664 222 709 dem,
258 668 305 701 vt
338 664 478 709 audio,
513 664 586 701 sed
620 668 762 713 preter
797 677 922 701 omne
958 668 1071 701 certe
1111 665 1312 701 meritum
1354 669 1549 701 nostrum
1592 666 1685 702 istic

115 718 371 756 laboramus.
432 718 639 767 Quodque
667 719 721 756 ad
750 731 816 756 me
844 720 1015 764 attinet,
1042 723 1213 756 tantum
1243 719 1377 763 abest,
1407 720 1465 756 mi
1497 720 1685 763 Erasme,

114 777 163 810 vt
184 773 344 822 aliquid
367 773 418 824 de
441 786 534 810 meo
555 786 653 822 erga
673 778 715 810 te
737 786 881 811 amore
903 777 1131 822 vetereque
1157 773 1228 811 illa
1256 773 1535 811 obseruancia
1565 776 1685 811 remi-

115 829 252 873 serim,
285 832 333 865 vt
365 828 673 877 propemodum
705 829 887 865 emoriar
916 828 1126 865 desiderio
1162 829 1238 873 tui,
1270 841 1343 865 nec
1380 842 1560 877 vsquam
1596 842 1687 866 esse

116 883 284 932 cupiam
306 882 557 930 <libe>ncius
578 895 707 932 quam
730 883 843 932 apud
867 887 932 920 te:
966 883 1008 920 id
1029 883 1144 932 quod
1165 882 1361 932 equidem
1386 884 1467 920 iarn
1491 883 1687 920 futurum

115 941 220 982 erat,
244 938 277 973 si
294 949 368 986 per
389 938 701 974 serenissimum
726 937 1041 975 Ferdinandum
1062 938 1219 986 Regem
1243 938 1444 979 licuisset,
1460 939 1548 975 sine
1567 939 1686 975 cuius

117 991 271 1028 litteris
294 996 525 1037 comeatus,
544 996 593 1029 vt
614 996 785 1037 vocant,
808 992 1143 1041 haudquaquam
1166 992 1268 1029 mihi
1292 998 1435 1030 tutum
1460 993 1688 1030 videbatur

117 1050 194 1083 tua
214 1059 320 1095 eque
342 1059 389 1083 ac
412 1059 505 1084 mea
526 1059 653 1084 causa
676 1059 740 1083 me
763 1048 871 1084 istuc
898 1047 1098 1084 conferre.
1160 1047 1274 1092 Quas
1299 1060 1394 1084 cum
1423 1047 1578 1084 habere
1604 1059 1687 1084 non

117 1102 251 1151 potui,
274 1105 448 1138 coactus
470 1114 562 1138 sum
585 1101 701 1138 aliud
724 1101 775 1138 de
797 1101 921 1138 rebus
943 1102 1046 1139 meis
1067 1102 1288 1139 consilium
1312 1115 1473 1151 capere.

173 1155 422 1193 Inuoluerat
440 1169 505 1193 me
519 1156 653 1193 frater
667 1157 758 1193 istis
776 1156 1048 1201 tumultibus,
1067 1157 1140 1194 sed
1158 1158 1216 1194 sic
1235 1161 1280 1193 vt
1301 1157 1405 1194 nihil
1422 1158 1575 1206 egerim
1595 1162 1687 1194 tum

118 1211 233 1259 quod
248 1223 334 1248 non
348 1210 402 1248 ad
420 1211 753 1260 promouendam
769 1211 1039 1248 concordiam
1055 1212 1227 1248 omnino
1242 1212 1529 1260 pertinuisset.
1564 1212 1688 1249 Nunc

119 1265 187 1302 ille
210 1266 346 1315 pergit
363 1277 447 1314 qua
464 1266 587 1314 cepit.
632 1266 720 1315 Ego
742 1279 837 1303 cum
857 1279 944 1303 rem
962 1267 1095 1315 magis
1116 1266 1249 1304 indies
1267 1267 1557 1304 incrudescere
1576 1267 1688 1304 vide-

119 1332 219 1365 rem,
238 1333 312 1357 nec
331 1320 417 1357 vlla
438 1321 554 1370 pacis
577 1333 671 1369 spes
694 1325 933 1370 appareret,
952 1334 1002 1358 ne
1020 1320 1227 1370 Principis
1251 1321 1376 1358 huius
1397 1323 1477 1358 mei
1499 1322 1690 1358 fauorem

120 1374 285 1412 viderer
313 1375 630 1424 contempsisse,
658 1375 738 1412 huc
767 1388 832 1412 me
860 1375 914 1412 ad
943 1375 1087 1413 aulam
1116 1376 1294 1419 contuli,
1322 1376 1460 1422 homo,
1488 1382 1537 1413 vt
1565 1377 1690 1417 nosti,

120 1430 291 1466 minime
326 1429 489 1467 aulicus
522 1434 571 1467 vt
606 1431 677 1478 qui
708 1430 931 1479 vulpinam
964 1443 1132 1468 assuere
1163 1443 1298 1480 neque
1330 1432 1459 1468 sciam
1496 1431 1691 1480 profecto

120 1496 268 1533 neque,
291 1485 324 1521 si
346 1485 489 1529 sciam,
513 1484 745 1521 admodum
770 1485 907 1522 velim.
969 1485 1120 1523 Habeo
1149 1489 1293 1522 tamen
1323 1487 1482 1523 amicos
1510 1486 1690 1535 aliquot,

119 1551 299 1588 quorum
321 1539 626 1576 consuetudine
649 1552 714 1576 me
735 1539 928 1577 oblecto:
956 1539 1236 1589 Leopolitam,
1260 1542 1398 1577 virum
1423 1545 1563 1590 preter
1586 1540 1690 1577 mul-
1719 1556 1728 1568 ν

120 1597 210 1631 tam
238 1593 524 1631 erudicionem
554 1595 640 1631 vite
671 1595 802 1631 eciam
835 1595 1083 1644 integritate
1115 1608 1162 1632 ac
1194 1595 1505 1644 propemodum
1537 1596 1691 1633 sancti-

120 1649 262 1686 monia
276 1649 481 1698 insignem
495 1663 501 1694 ;
521 1649 703 1693 Iustum,
715 1649 1068 1698 Antoninumque
1079 1654 1261 1695 nostros,
1274 1654 1465 1700 preterea
1479 1649 1691 1687 Strocium

120 1703 430 1749 Florentinum,
457 1704 652 1741 iuuenem
681 1703 812 1741 Grece
840 1708 883 1741 et
912 1704 1062 1741 Latine
1092 1704 1282 1749 doctum,
1308 1705 1440 1742 adhec
1471 1705 1690 1742 modestis-

120 1759 274 1795 simum
304 1759 451 1807 tuique
479 1759 884 1807 amantiss<imun1>
945 1758 1011 1796 Sic
1040 1760 1239 1804 viuimus,
1270 1761 1327 1796 mi
1359 1760 1546 1804 Erasme,
1577 1764 1691 1809 post-

119 1825 248 1862 quam
262 1817 311 1850 vt
326 1813 524 1850 volumus
540 1826 624 1850 non
642 1813 752 1850 licet.
798 1813 861 1850 Tu
880 1818 1024 1851 tamen
1042 1814 1108 1851 fac
1124 1815 1365 1852 memineris
1383 1816 1476 1859 mei,
1492 1820 1693 1863 certoque

120 1867 199 1905 tibi
225 1868 481 1917 persuadeas
511 1881 576 1905 me
601 1873 645 1905 et
670 1881 758 1905 esse
783 1872 839 1913 et,
870 1873 1088 1918 vtcunque
1115 1882 1178 1906 res
1210 1869 1455 1914 succedant,
1485 1869 1574 1907 fore
1603 1883 1691 1919 per-

121 1927 250 1972 petuo
272 1928 408 1960 tuum.
469 1923 648 1960 Interim
671 1923 778 1960 vale.

174 1977 374 2016 Cracouie
395 1978 600 2028 postridie
622 1977 787 2015 Nicolai
810 1978 932 2015 Anno
954 1989 1164 2016 MDXXXII.

167 2109 194 2130 1.
221 2099 368 2137 litteris]
408 2099 525 2130 There
563 2110 624 2129 are
660 2110 707 2129 no
742 2099 871 2130 letters

119 2144 309 2183 surviving
337 2144 503 2173 between
533 2143 710 2174 Erasmus
737 2144 809 2173 and
834 2144 868 2173 J.

121 2188 242 2228 Lasky
260 2188 356 2218 after
369 2187 439 2227 Ep.
454 2197 536 2226 2033
549 2187 600 2224 (of
612 2196 651 2226 27
664 2186 756 2227 A'ug.
774 2188 869 2225 1528)

120 2232 215 2262 until
233 2231 306 2262 this
324 2231 443 2262 letter.

167 2276 217 2306 18.
244 2275 372 2312 frater]
391 2275 597 2311 Hierolaus,
615 2275 732 2305 eldest
750 2275 787 2305 of
808 2275 871 2305 the

121 2319 224 2349 three
256 2319 378 2359 Lasky
406 2319 596 2352 brothers:
628 2319 672 2349 he
703 2319 793 2349 took
825 2329 871 2348 an

120 2363 240 2393 active
261 2367 347 2402 part
368 2363 403 2392 in
425 2363 548 2402 public
566 2363 690 2393 affairs
707 2362 780 2393 and
798 2373 873 2392 was

120 2409 160 2436 at
183 2407 257 2437 this
281 2407 370 2437 time
390 2406 553 2447 engaged
577 2408 612 2436 in
631 2407 694 2437 the
711 2406 874 2446 struggle

123 2451 286 2481 between
300 2450 460 2490 Zapolya
473 2450 546 2480 and
563 2450 781 2480 Ferdinand.
809 2451 874 2481 See

124 2494 191 2534 Ep.
214 2503 306 2533 1242.
328 2503 405 2532 25¹1·

167 2546 217 2575 25.
245 2538 490 2578 Leopolitam]
516 2538 684 2577 Possibly
707 2538 806 2568 John
835 2537 873 2568 of

123 2581 311 2621 Lcmberg.
345 2582 426 2611 who
458 2581 604 2612 studied
642 2586 683 2612 at
713 2582 872 2615 Cracow,

124 2625 242 2655 whom
263 2626 306 2655 hc
332 2626 480 2656 became
502 2626 562 2655 Dr.
587 2625 660 2655 and
687 2626 874 2656 Professor

123 2669 159 2698 of
198 2669 394 2709 Theology.
471 2669 525 2699 He
566 2669 770 2699 translated
811 2670 874 2699 tho

940 2100 1045 2130 Bible
1063 2100 1141 2130 into
1158 2100 1292 2131 Polish,

984 2154 1036 2183 27.
1064 2144 1227 2182 Iustum]
1252 2145 1286 2175 J.
1310 2144 1348 2174 L.
1375 2145 1519 2180 Decius,
1541 2155 1599 2174 see.
1627 2144 1695 2184 Ep.

943 2197 1025 2227 1393
1044 2187 1179 2218 introd.

1030 2232 1351 2272 Antoninumque]

941 2286 999 2306 see
1019 2275 1088 2315 Ep.
1110 2277 1191 2306 1602
1210 2276 1344 2306 introd.

971 2321 1082 2362 127-8.
1109 2319 1291 2350 Strocium
1317 2320 1587 2357 Florentinum]
1614 2320 1696 2349 Pos-

942 2363 1036 2403 sibly
1067 2363 1241 2403 Cyriacus
1275 2364 1413 2394 Strozzi
1446 2366 1628 2403 (1504-69)
1660 2365 1697 2393 of

943 2407 1127 2442 Florence,
1168 2418 1190 2437 a
1228 2407 1357 2437 skilled
1397 2408 1588 2441 archites-t.
1623 2408 1696 2437 aud

942 2451 1127 2491 professor
1148 2452 1186 2481 of
1208 2451 1339 2485 Greek,
1362 2451 1441 2481 first
1464 2455 1503 2482 at
1526 2451 1698 2481 19101111101ι

941 2495 1015 2525 and
1032 2495 1250 2525 afterwards
1267 2501 1306 2525 at
1328 2495 1491 2532 Bologna
1509 2495 1581 2524 and
1601 2495 1695 2524 Pisa.

942 2538 1000 2568 He
1021 2542 1147 2573 wrote,
1172 2539 1206 2568 in
1233 2539 1364 2573 Greek,
1388 2550 1409 2569 a
1429 2539 1639 2568 conclusion
1659 2544 1697 2568 to

942 2582 1152 2612 Aristotle's
1169 2583 1188 2612 8
1204 2583 1319 2612 books
1332 2582 1370 2612 of
1388 2583 1450 2613 the
1464 2583 1611 2613 I'olitics
1624 2582 1696 2612 and

942 2637 963 2656 a
980 2631 1234 2666 conuncntary
1251 2636 1297 2656 011
1316 2626 1380 2657 the
1398 2626 1532 2657 Ethics.

1392 2232 1426 2262 J.
1469 2233 1694 2267 Antoninus,

1710 735 1747 755 IO

1712 1282 1751 1303 ΖΟ

1715 1830 1755 1859 30
