1966 3379
115 100 235 149 2826]
568 95 726 136 FROM
756 95 982 135 DAMIAN
1015 96 1051 134 A
1081 92 1221 134 GOES
1599 93 1677 132 255

167 203 448 252 Quascunque
478 202 621 240 literas
651 202 705 239 ad
735 215 801 239 me
831 202 874 239 in
905 201 1169 238 Lusitaniam
1201 200 1302 237 dare
1336 199 1466 244 voles,
1502 212 1572 236 eas
1605 212 1679 249 per

113 259 336 296 Erasmum
354 256 555 295 Schetum
573 261 670 294 tuto
687 258 852 301 mittes;
877 268 970 293 sum
988 268 1083 292 cum
1100 254 1247 292 eodem
1265 254 1317 292 de
1333 267 1381 291 ea
1399 267 1442 291 re
1459 254 1675 302 loquutus.

166 312 302 358 Quam
332 325 431 350 mox
461 313 503 349 in
535 312 799 349 Lusitaniam
824 310 1042 360 appulero,
1070 310 1122 347 de
1146 322 1213 347 me
1241 313 1444 357 statuque
1472 321 1565 346 meo
1592 321 1676 346 cer-

110 368 260 405 tiorem
283 371 326 404 te
347 367 535 404 reddam.
589 366 701 411 Vale,
723 367 856 403 amice
877 365 1186 402 candidissime.
1697 371 1739 400 80

165 421 426 471 Antuerpiae
448 422 506 458 xii
526 421 688 458 calend.
713 421 856 458 Iulias.
883 429 999 467 1533.

165 492 398 542 Desyderio
418 492 596 529 Erasmo
618 491 910 529 Roterodamo
930 490 980 528 D.
1004 503 1092 528 suo.
1143 489 1347 539 ffriburgi.

468 684 597 721 2827.
664 680 730 720 To
764 680 1006 720 BONIFACE
1041 679 1324 719 AMERBACH.

159 767 278 800 Basle
296 766 419 800 Univ.
440 765 523 799 MS.
545 765 590 799 G.
612 766 667 799 II.
688 770 766 808 13³.
788 775 846 809 42.
1371 762 1577 806 Freiburg.

1326 822 1368 845 21
1390 812 1499 845 June
1521 821 1626 854 1533.

154 883 245 921 [The
267 883 497 922 manuscript
523 883 551 912 is
572 892 593 912 a
615 891 710 922 copy
732 882 769 911 in
795 881 858 912 the
883 880 983 911 hand
1008 880 1044 910 of
1067 881 1130 911 the
1153 889 1317 920 younger
1338 879 1439 910 Basil
1457 879 1676 914 Amerbach,

107 937 166 958 see
190 927 260 967 Ep.
288 936 372 966 2320
397 926 533 957 introd.
582 926 658 956 The
683 926 770 956 date
793 925 822 955 is
842 924 1042 955 confirmed
1065 925 1114 965 by
1135 925 1199 954 the
1219 924 1403 954 reference
1426 927 1465 953 to
1489 923 1676 953 Erasmus’

106 970 229 1001 illness
247 971 284 1001 in
301 971 365 1001 the
382 980 543 1000 summer
559 969 596 1000 of
616 970 726 1009 1533.]

231 1041 488 1067 CLARISSIMO
510 1041 613 1067 VIRO
635 1040 675 1066 D.
700 1039 937 1072 BONIFATIO
959 1038 1260 1066 AMERBACHIO.
1322 1037 1547 1065 BASILEAE.

161 1101 199 1139 S.
224 1101 268 1139 P.
320 1101 416 1139 Non
439 1114 553 1138 eram
578 1100 783 1150 epistolae
808 1104 909 1138 tuae
936 1111 1228 1150 responsurus,
1257 1098 1431 1148 quando
1460 1111 1527 1136 me
1558 1098 1677 1135 iubes

106 1157 147 1194 in
170 1157 403 1194 crastinum
426 1160 651 1205 expectare
674 1155 1054 1200 Truffelmannum,
1078 1155 1157 1191 nisi
1182 1154 1248 1191 hic
1277 1154 1413 1191 senior
1439 1153 1677 1203 flagitasset

106 1211 267 1260 aliquid
289 1211 344 1248 ad
369 1215 423 1248 te.
480 1209 613 1248 Simul
638 1214 768 1259 atque
794 1210 957 1247 coelum
987 1210 1127 1259 coepit
1155 1221 1243 1246 csse
1270 1208 1534 1253 clementius,
1557 1207 1678 1245 dolor

106 1278 274 1315 quoque
307 1267 447 1315 coepit
479 1278 567 1302 esse
599 1265 822 1310 remissior,
855 1266 927 1314 qui
958 1269 1104 1302 tamen
1135 1264 1275 1301 adhuc
1307 1267 1429 1313 vrget
1460 1263 1676 1300 sinistram

106 1321 269 1365 tibiam,
293 1321 335 1357 in
361 1320 466 1370 pede
494 1320 609 1365 leuis,
632 1320 674 1356 in
703 1319 931 1357 coxendice
960 1319 1104 1365 leuior,
1128 1319 1171 1356 in
1198 1331 1308 1368 genu
1333 1319 1489 1363 varius,
1513 1330 1677 1367 semper
1696 1330 1714 1359 5

105 1380 250 1413 tamen
272 1375 516 1413 tolerabilis.

161 1430 338 1467 Plurimi
359 1430 423 1467 hic
446 1429 664 1479 languent,
687 1431 729 1466 in
752 1429 815 1466 his
837 1434 880 1466 et
901 1429 1047 1466 Zasius
1067 1433 1111 1466 et
1136 1429 1338 1466 Emmeus
1366 1432 1410 1465 et
1438 1427 1677 1476 Theologus

106 1497 236 1522 meus
287 1484 380 1522 Iam
402 1484 563 1534 pridem
585 1484 871 1529 reualuissem,
894 1485 926 1521 si
948 1484 1117 1521 duobus
1138 1483 1217 1521 diis
1238 1483 1432 1533 propitiis
1454 1483 1517 1519 vti
1539 1482 1675 1519 licuis-

105 1544 180 1585 set,
204 1539 307 1577 Ioue
334 1543 378 1577 et
399 1539 578 1576 Baccho.
630 1538 672 1577 Si
697 1539 811 1576 feriis
839 1552 947 1588 quae
973 1539 1140 1576 instant
1168 1538 1248 1575 huc
1278 1542 1320 1575 te
1349 1542 1425 1575 tuo
1453 1537 1677 1574 commodo

104 1595 320 1644 reciperes,
346 1594 541 1631 futurum
568 1594 670 1631 mihi
695 1598 805 1631 esset
833 1606 1101 1643 summopere
1128 1597 1312 1642 gratum,
1335 1605 1382 1629 ac
1411 1604 1518 1642 pene
1546 1592 1675 1629 etiam
1699 1605 1738 1625 10

104 1649 397 1686 necessarium.
448 1648 582 1698 Cupio
612 1653 666 1694 te,
699 1650 764 1686 vir
794 1649 1045 1686 amicissime
1077 1661 1173 1686 cum
1204 1647 1402 1685 omnibus
1433 1647 1512 1684 tibi
1539 1647 1677 1684 charis

105 1717 234 1753 quam
257 1704 488 1741 rectissime
510 1703 660 1741 valere.

160 1758 353 1808 Friburgi
376 1769 422 1796 21
448 1758 514 1795 die
538 1758 646 1795 lunii
670 1767 786 1806 1533.

893 1813 1096 1851 Erasmus
1118 1813 1218 1850 Rot.
1243 1813 1358 1850 omni
1380 1813 1420 1849 in
1442 1825 1485 1850 re
1507 1816 1619 1849 tuus.

452 2028 656 2069 2⁷9252828.
723 2028 859 2069 FROM
894 2029 1139 2070 NICHOLAS
1172 2028 1320 2069 OLAH.

154 2107 377 2152 Esterhazy
397 2108 482 2154 MS.
502 2118 584 2151 352.
1378 2108 1571 2142 Brussels.

154 2157 236 2191 OE.
259 2158 341 2200 380.
1325 2168 1366 2191 21
1389 2158 1497 2191 June
1520 2167 1625 2200 1533.

152 2235 192 2261 N.
218 2234 354 2261 OLAVS
375 2235 707 2261 THESAVRARIVS
729 2236 887 2262 ALBEN.
930 2235 1227 2262 SECRETARIVS
1250 2235 1303 2261 ET
1325 2235 1630 2263 CONSILIARIVS

500 2290 697 2317 REGINAE
720 2291 902 2325 MARIAE,
927 2291 1101 2317 ERASMO
1124 2290 1219 2317 RoT.
1245 2290 1276 2317 S.

160 2348 274 2395 QVID
295 2363 440 2399 nuper,
464 2351 520 2387 mi
542 2350 728 2396 Erasme,
752 2352 794 2388 in
816 2351 941 2388 rebus
963 2352 1048 2388 tuis
1071 2352 1238 2400 egerim,
1257 2350 1383 2388 solita
1408 2363 1502 2388 mea
1528 2363 1612 2399 qua
1634 2350 1675 2386 in

105 2405 337 2442 amicorum
369 2406 541 2454 negocio
573 2406 634 2442 vti
663 2407 862 2443 consueui
890 2405 1121 2455 diligentia,
1154 2407 1356 2455 proximis
1387 2406 1490 2442 meis
1522 2405 1675 2442 litteris

105 2460 269 2508 copiose
292 2461 629 2509 perscripseram.
682 2460 902 2498 Pollicitus
927 2466 1071 2497 autem
1094 2461 1257 2497 fueram
1280 2473 1346 2497 me
1369 2461 1446 2497 tibi
1470 2459 1671 2509 significa-

106 2518 263 2558 turum,
287 2514 388 2563 quid
410 2527 434 2551 a
455 2514 605 2552 Cesare
627 2517 814 2564 responsi
835 2515 1021 2553 habituri
1045 2528 1245 2553 essemus.
1287 2514 1409 2560 Quod
1426 2527 1511 2551 non
1534 2514 1610 2551 abs
1633 2526 1674 2550 re,

104 2567 298 2606 feceram.
344 2568 454 2606 Nam
485 2569 601 2606 nolui
633 2570 673 2606 in
704 2570 789 2607 tuis
819 2570 1123 2619 precipitanter
1153 2571 1373 2620 quippiam
1405 2574 1481 2606 aut
1506 2568 1674 2617 aggrcdi
1695 2579 1712 2608 5

105 2627 181 2660 aut
202 2636 336 2671 agcre.
388 2623 557 2661 Intcrca
579 2624 755 2662 aduenit
776 2629 876 2661 tuus
902 2624 1101 2670 Quirinus
1129 2638 1225 2662 cum
1248 2625 1414 2669 litteris,
1444 2637 1495 2661 cx
1521 2623 1675 2672 quibus

104 2681 227 2715 tuum
249 2679 439 2715 animum
461 2678 583 2716 facilc
606 2679 810 2717 intellexi.

148 2777 243 2807 2827.
274 2787 300 2807 1.
321 2777 498 2817 epistolae
510 2778 852 2816 tuae]N0t‹=xtant.
924 2788 1019 2818 2321.
1038 2788 1117 2818 '27¹1-

149 2829 179 2850 2.
204 2820 537 2860 Truffclrnunnuni]
566 2823 631 2852 Sco
660 2823 728 2862 Ep.
756 2831 852 2862 2554.
1011 2823 1230 2862 Thcologus]
1249 2823 1358 2852 Leuis
1378 2822 1457 2852 Bcr.

108 2873 162 2894 In.
966 2867 1062 2897 2828.
1090 2877 1118 2896 2.
1146 2867 1338 2907 proximis]
1360 2866 1424 2904 Ep.
1446 2866 1541 2903 2785.

192 2909 324 2946 senior]
343 2909 539 2939 Unknown
558 2914 597 2940 to
615 2920 667 2939 us.
968 2914 998 2940 ί).
1025 2910 1192 2947 nducnit]
1210 2910 1262 2940 Cf.
1285 2910 1352 2949 Ep.
1374 2910 1468 2948 2s48.

149 2959 179 2990 7.
207 2952 400 2991 Emmcus]
418 2953 494 2983 The
523 2954 674 2992 printcr,
701 2965 758 2984 soc
784 2954 853 2994 Ep.
1013 2954 1161 2991 litteris]
1180 2955 1248 2994 Ep.
1270 2962 1363 2991 2702.
