1966 3379
113 119 232 166 2771]
532 114 603 152 To
633 113 785 152 JOHN
817 113 887 152 OF
918 111 1268 150 HEEMSTEDE
1604 113 1679 150 163

110 222 357 271 Episcopus,
390 219 497 256 mira
527 218 741 256 breuitate
770 218 960 266 miraque
992 216 1267 266 simplicitate
1296 229 1343 253 ac
1375 217 1678 266 perspicuitate

110 287 314 313 enarrans
342 273 533 311 Psalmos
566 273 807 310 Dauidicos
858 272 960 308 Fuit
993 271 1071 308 hoc
1107 271 1298 308 studium
1331 271 1481 308 seculis
1513 272 1679 320 aliquot

110 329 327 368 monachis
349 328 539 371 eruditis,
562 332 611 364 vt
633 339 741 376 quae
763 340 788 363 a
810 325 1027 363 veteribus
1050 325 1116 362 vel
1139 325 1339 361 subtilius
1361 330 1501 362 essent
1521 327 1680 375 scripta

110 385 257 427 doctis,
282 383 347 419 vel
371 382 506 419 fusius
527 382 642 418 dicta
665 381 778 430 apud
801 380 1020 430 populum,
1044 381 1086 416 in
1103 379 1402 428 compendium
1426 380 1677 428 redigerent,

109 439 214 485 adeo
236 438 459 487 perspicua
489 436 701 473 breuitate
724 439 772 472 vt
793 440 837 472 et
859 435 912 472 ab
936 435 1155 483 occupatis
1176 439 1219 470 et
1242 447 1266 470 a
1288 435 1475 471 tenuiter
1498 434 1679 471 literatis
1703 451 1740 471 10

109 493 230 530 facile
244 492 416 529 valeant
428 491 596 539 percipi.
625 490 764 526 Huius
776 489 935 527 ordinis
947 489 1171 538 praecipue
1186 492 1286 525 sunt
1298 488 1535 533 Anselmus,
1549 489 1677 531 Beda,

108 547 322 589 Claudius,
341 550 384 582 et
402 546 466 582 hic
484 546 555 593 qui
573 557 685 581 nunc
704 545 821 581 venit
838 545 880 581 in
898 548 996 580 tuos
1013 542 1261 591 complexus
1279 543 1472 591 Haymo:
1497 556 1678 591 quorum

109 601 319 638 industria
342 612 425 637 non
457 599 711 636 mediocrem
737 598 971 636 vtilitatem
1000 597 1151 634 attulit
1180 597 1404 638 Ecclesiae,
1428 599 1677 646 praesertim

109 657 141 693 si
164 656 257 704 quis
279 659 444 704 spectet-
467 658 558 691 tum
581 657 787 703 tempora,
811 657 903 690 tum
927 653 1117 701 regiones
1140 653 1181 688 in
1204 652 1358 701 quibus
1381 651 1440 688 illi
1463 653 1675 689 vixerunt.

108 711 240 747 Decet
265 713 409 746 autem
436 712 483 745 vt
509 709 580 757 qui
606 709 771 745 reiectis
797 707 993 744 omnibus
1018 707 1194 744 remoris
1219 710 1454 755 properant
1479 706 1533 743 ad
1562 706 1676 743 illam
1701 723 1738 752 15

108 765 332 802 coelestem
370 764 505 800 vitam
545 775 674 811 quam
715 763 898 799 maxime
932 762 1018 798 sint
1052 760 1254 810 expediti,
1293 773 1368 798 nec
1404 760 1502 797 vllis
1538 762 1677 797 minus

107 819 351 856 necessariis
384 818 560 855 sarcinis
593 821 838 863 grauentur.
880 816 972 861 Quo
1005 817 1137 865 magis
1173 815 1415 852 mirandum
1451 819 1526 859 est,
1563 816 1677 863 quod

106 873 293 922 quidam,
312 873 384 922 qui
406 873 522 909 victu
545 872 748 920 cultuque
769 871 1088 920 simplicitatem
1111 869 1390 919 apostolicam
1408 869 1676 919 profitentur,

106 928 346 965 doctrinam
369 926 688 976 amplectantur
709 927 899 962 omnium
931 926 1103 962 minime
1129 924 1376 973 simplicem,
1406 924 1477 961 sed
1500 925 1677 973 argutiis

106 982 446 1032 superuacaneis‚
464 985 507 1018 et
528 980 769 1018 Auerroicis
792 979 1078 1029 dogmatibus,
1096 992 1144 1016 ac
1166 980 1290 1017 nouis
1312 980 1484 1028 insuper
1505 980 1678 1017 somniis
1699 996 1738 1017 20

107 1037 453 1086 spinosissimam.

122 1137 126 1140 ἢ
160 1091 300 1137 Quum
323 1091 451 1140 igitur
473 1089 582 1127 tales
603 1093 743 1126 essent
762 1088 970 1133 monachi,
994 1101 1148 1126 nomen
1165 1092 1258 1126 erat
1279 1088 1394 1137 apud
1419 1100 1564 1125 omnes
1586 1101 1675 1137 gra-

105 1147 274 1190 tiosum,
287 1149 330 1183 et
345 1144 622 1182 honorificum
637 1149 729 1181 erat
743 1143 949 1193 appellari
964 1143 1234 1180 monachum.
1266 1142 1391 1179 Nunc
1406 1143 1677 1191 quorundam

106 1200 205 1238 mali
242 1213 380 1237 mores
415 1200 458 1237 in
494 1212 623 1236 causa
658 1203 759 1236 sunt
796 1202 844 1236 vt
880 1198 980 1236 boni
1013 1210 1181 1247 quoque
1216 1198 1456 1235 communis
1493 1197 1678 1235 inuidiae

105 1255 344 1293 molestiam
359 1254 511 1291 ferant.
544 1253 801 1303 Aristippus,
818 1265 949 1302 quum
966 1256 1183 1301 vnguento
1201 1252 1386 1301 quodam
1403 1251 1678 1289 vehementer
1699 1268 1737 1298 25

104 1314 215 1347 esset
230 1309 483 1355 delectatus,
499 1308 610 1345 Male
627 1309 694 1351 sit,
713 1308 865 1356 inquit,
885 1308 977 1344 istis
995 1307 1193 1350 cinaedis,
1218 1308 1291 1355 qui
1308 1319 1395 1344 rem
1415 1310 1504 1343 tam
1521 1306 1677 1344 bellam

104 1364 382 1401 infamarunt.
426 1362 641 1401 Similibus
664 1363 804 1399 verbis
819 1374 902 1399 non
920 1362 1103 1399 absurde
1119 1363 1213 1410 quis
1229 1361 1521 1398 stomachetur
1543 1362 1585 1398 in
1607 1374 1678 1399 eos

103 1420 176 1468 qui
198 1432 274 1456 suo
296 1419 402 1455 vitio
424 1417 621 1455 monachi
651 1429 804 1454 nomen
830 1418 872 1453 in
901 1416 1106 1453 inuidiam
1135 1417 1345 1461 vocarint,
1374 1429 1507 1465 quum
1530 1429 1677 1453 reuera

105 1486 189 1511 non
215 1474 444 1511 conueniat
472 1471 605 1509 vllum
635 1485 725 1509 esse
753 1471 1034 1521 plausibilius.
1086 1470 1187 1516 Quis
1213 1472 1324 1508 enim
1354 1483 1439 1507 non
1466 1475 1581 1508 amet
1607 1484 1677 1508 eos

104 1528 295 1566 homines
330 1528 414 1576 qui,
448 1539 546 1564 vere
580 1526 740 1563 mundo
773 1527 943 1570 mortui,
978 1538 1067 1562 sese
1107 1530 1223 1563 totos
1263 1525 1354 1563 Deo
1393 1525 1677 1563 dedicarunt?
1698 1542 1738 1572 30

103 1582 291 1629 Quorum
315 1582 413 1619 talis
433 1585 497 1619 est
519 1582 622 1625 vita,
646 1581 745 1618 talis
767 1581 919 1625 oratio,
943 1585 991 1617 vt
1013 1593 1137 1617 nemo
1160 1580 1214 1617 ab
1237 1580 1407 1617 illorum
1431 1584 1675 1630 conspectu,

102 1650 227 1675 nemo
249 1650 273 1674 a
295 1637 507 1686 colloquio
528 1649 613 1673 non
636 1636 785 1673 melior
808 1635 1013 1673 discedat.
1056 1634 1092 1672 A
1114 1635 1269 1684 quibus
1295 1647 1418 1672 nemo
1446 1635 1676 1684 quicquam

103 1696 271 1730 metuat
292 1691 574 1736 incommodi;
598 1703 682 1727 non
705 1689 912 1735 fraudem,
935 1689 989 1727 ab
1013 1689 1076 1727 his
1098 1690 1169 1738 qui
1191 1690 1393 1739 pecunias
1416 1689 1577 1727 habent
1599 1702 1677 1739 pro

102 1746 339 1791 ruderibus,
357 1751 401 1783 et
422 1746 499 1783 hoc
515 1745 629 1794 quod
644 1745 806 1782 habent
819 1745 1107 1794 dilargiuntur
1129 1745 1290 1794 egenis:
1315 1757 1400 1781 non
1423 1744 1674 1789 vindictam,

102 1802 186 1850 qui,
224 1802 345 1838 iuxta
386 1800 626 1838 doctrinam
664 1799 980 1849 Euangelicam,
1022 1803 1150 1836 orant
1189 1811 1266 1848 pro
1306 1799 1674 1848 persequentibus,
1695 1813 1735 1842 35

100 1868 244 1893 amore
266 1859 584 1905 prosequuntur
598 1867 668 1892 eos
685 1855 839 1903 quibus
854 1858 952 1891 sunt
972 1854 1108 1895 inuisi,
1130 1853 1355 1891 benefacta
1369 1860 1581 1903 reponunt
1598 1866 1675 1903 pro

101 1910 362 1948 malefactis:
387 1923 461 1947 nec
482 1914 547 1947 est
569 1909 695 1946 vllius
719 1909 948 1958 pudicitiae
970 1908 1204 1958 periculum
1227 1909 1281 1945 ab
1305 1908 1368 1945 his
1390 1909 1461 1957 qui
1484 1913 1527 1945 et
1548 1909 1674 1946 corde

98 1969 142 2003 et
157 1978 331 2015 corpore
345 1968 447 2002 sunt
461 1965 695 2013 incorrupti
709 1978 715 2003 2
731 1964 802 2012 qui
818 1967 992 2013 propter
1005 1963 1262 2012 singularem
1278 1964 1407 2000 animi
1419 1963 1673 2000 modestiam

102 2019 206 2057 nulli
241 2033 282 2057 se
307 2023 591 2068 praeponunt,
624 2018 729 2055 nulli
763 2018 969 2061 inuident,
1006 2018 1170 2055 nullum
1205 2018 1448 2061 fastidiunt,
1483 2017 1555 2055 sed
1589 2025 1673 2067 q'uo

102 2075 235 2124 magis
266 2074 319 2111 ad
345 2074 616 2123 perfectionis
649 2073 815 2110 culmen
848 2072 1069 2117 accedunt,
1106 2072 1184 2110 hoc
1218 2073 1351 2122 magis
1387 2072 1552 2110 ducunt
1585 2085 1673 2110 sese
1693 2087 1734 2117 40

101 2130 289 2166 omnium
313 2128 478 2166 infimos
505 2133 560 2171 et,
587 2141 719 2177 quum
749 2140 898 2164 reuera
918 2140 1109 2175 gemmae
1133 2128 1218 2164 sint
1242 2132 1283 2164 et
1317 2127 1439 2164 flores
1459 2127 1671 2171 ecclesiae,

101 2188 244 2220 tamen
260 2184 338 2233 ipsi
353 2196 440 2220 sese
454 2183 585 2220 fecem
597 2182 830 2232 appellant,
843 2182 1023 2219 aliorum
1038 2181 1181 2231 lapsus
1193 2186 1269 2219 aut
1283 2181 1454 2219 eleuant
1470 2186 1547 2218 aut
1561 2195 1670 2219 com-

100 2238 222 2275 mode
245 2239 597 2287 interpretantur,
620 2238 662 2274 in
685 2238 876 2286 proprios
891 2237 1049 2273 austeri
1063 2249 1269 2281 censores,
1287 2237 1425 2273 aliena
1447 2236 1673 2273 benefacta

100 2293 277 2330 candide
312 2292 590 2341 amplificant,
621 2305 697 2329 sua
732 2292 923 2329 modeste
953 2295 1190 2328 extenuant
1221 2292 1392 2332 nemini,
1423 2291 1670 2332 adulantur,

101 2348 310 2384 neminem
344 2347 594 2396 procacibus
635 2346 775 2384 verbis
815 2346 1053 2395 percellunt
1087 2350 1370 2395 praesentem,
1409 2346 1566 2382 nemini
1599 2346 1669 2382 ob·
1691 2360 1731 2389 45

100 2405 289 2439 trectant
311 2402 490 2446 absenti,
514 2401 615 2438 nihil
631 2401 806 2438 auditur
821 2414 871 2437 ex
887 2414 956 2437 ore
972 2400 1140 2438 illorum
1156 2401 1234 2438 nisi
1252 2401 1365 2449 quod
1379 2405 1445 2437 est
1468 2401 1508 2437 in
1532 2400 1670 2443 corde,

100 2456 230 2493 verba
257 2456 493 2500 charitatis,
523 2456 654 2493 verba
679 2455 994 2499 consolationis,
1022 2455 1153 2492 verba
1178 2456 1338 2492 amicae
1366 2455 1670 2492 admonitionis

99 2515 143 2548 et
159 2512 392 2560 gratiarum
411 2511 603 2548 actionis.
635 2510 779 2555 ,Adest
798 2511 839 2547 in
855 2510 918 2547 his
933 2510 1113 2547 comitas
1128 2523 1213 2547 non
1228 2509 1387 2551 fucata,
1403 2510 1474 2546 sed
1490 2523 1540 2545 ex
1559 2510 1671 2546 bona

100 2566 358 2603 conscientia
384 2565 664 2614 proficiscens.
708 2565 757 2602 In
784 2577 963 2609 summa,
992 2565 1187 2601 coelestis
1214 2564 1325 2601 illius
1351 2564 1540 2601 ciuitatis
1568 2564 1668 2600 ima-

99 2620 235 2667 ginem
263 2620 478 2668 quandam
507 2620 628 2657 nobis
655 2619 855 2663 referunt,
877 2624 921 2656 et
946 2619 1155 2667 angelicos
1181 2619 1331 2656 choros
1353 2618 1670 2667 quodammodo
1691 2632 1731 2660 50

101 2679 433 2723 repraesentant,
468 2674 532 2711 vel
561 2674 673 2723 quod
706 2675 858 2719 iugiter
886 2674 1122 2711 decantant
1153 2674 1299 2710 laudes
1330 2674 1417 2713 Dei,
1454 2672 1519 2709 vel
1555 2672 1668 2720 quod

100 2728 395 2766 transformati
414 2730 453 2765 in
472 2730 647 2778 spiritus
664 2729 765 2765 nihil
784 2728 968 2765 babeant
985 2729 1225 2765 commercii
1243 2741 1337 2765 cum
1356 2728 1493 2763 carnis
1510 2727 1667 2763 affecti-

102 2783 192 2827 bus,
211 2783 277 2820 vel
295 2783 408 2832 quod
428 2784 467 2819 in
483 2796 649 2820 summa
667 2784 821 2820 viuunt
838 2783 1074 2825 concordia,
1094 2782 1158 2819 vel
1177 2782 1290 2831 quod
1314 2781 1559 2829 angelorum
1585 2782 1667 2817 ritu

101 2837 210 2873 inter
238 2837 426 2874 homines
452 2851 499 2874 ac
528 2838 661 2875 Deum
692 2837 811 2875 velut
843 2838 1098 2874 internuntii
1126 2842 1169 2874 et
1196 2836 1448 2886 populorum
1480 2840 1580 2872 vota
1612 2835 1668 2872 illi

151 2923 197 2943 ιε.
223 2914 410 2952 Claudius]
431 2924 477 2944 sc.
497 2914 742 2944 Tnurinensis.
785 2915 850 2944 seo
922 2914 1050 2947 Τιινῐη,
1069 2914 1141 2944 and
1164 2914 1305 2952 Herzog
1322 2924 1350 2952 4.
1377 2913 1490 2950 1303.

103 2957 340 2998 Bartlielciny
392 2958 584 2997 Ros-tuing.
631 2959 765 2988 Claude
810 2958 849 2988 dc
