1966 3379
152 164 273 214 2643]

565 272 693 310 2643.

200 343 324 382 Basil,
345 343 393 376 de
413 342 566 387 Spiritu
588 343 738 376 Sancto
758 342 802 376 f0.
824 342 889 375 A2'.

199 393 325 426 Lond.
347 392 453 426 xxix.
474 402 516 432 91
536 405 543 425 ε
574 392 655 425 LB.
677 392 759 425 viii.
781 393 864 435 480.

1675 164 1722 201 13

759 269 826 310 To
859 269 992 310 JOHN
1026 269 1312 310 DANTISCUS.

1417 343 1621 387 Freiburg.

1363 402 1410 434 30
1429 392 1542 436 April
1566 402 1670 435 1532.

192 459 284 497 [The
309 459 457 490 Preface
482 463 521 489 to
545 459 732 489 Erasmus'
757 459 866 489 Latin
890 459 1111 489 translation
1136 459 1173 489 of
1200 459 1311 494 Basil,
1331 459 1382 489 De
1406 459 1551 498 Spiritu
1568 459 1719 495 Sanam

148 513 216 534 one
233 503 270 533 of
288 504 351 533 the
369 503 615 543 by-products
633 503 670 533 of
688 503 751 534 the
769 503 913 533 Froben
932 502 1051 533 Greek
1070 503 1167 533 Basil
1188 503 1261 539 (see
1280 503 1348 543 Ep.
1374 506 1453 533 2611
1478 504 1608 541 intr.).]

200 579 473 605 REVERENDO
496 579 542 605 IN
565 579 749 606 CHRISTO
772 579 807 605 P.
833 579 886 605 AC
907 579 947 604 D.
972 579 1012 604 D.
1036 578 1195 605 IOANNI
1219 579 1433 605 DANTISCO
1458 579 1665 606 EPISCOPO

189 634 422 669 CVLMENSI,
445 633 666 660 SERENISS.
690 633 911 660 POLONIAE
933 633 1062 660 REGIS
1083 633 1199 659 APVD
1221 634 1453 660 CAESAREM
1476 634 1680 669 ORATORI,

586 688 679 715 DES.
704 688 903 714 ERASMVS
923 687 1142 715 ROTEROD.
1167 688 1198 715 S.
1224 689 1263 714 D.

200 748 298 786 NAE
330 752 377 786 tu
409 749 512 785 mihi
543 749 606 786 tui
637 749 968 798 cupientissimo,
1004 752 1046 785 te
1078 752 1219 786 totum
1253 747 1436 796 ἀφθόνως
1471 749 1718 793 exhibuisti,

145 803 318 841 Praesul
340 804 619 841 ornatissime.
663 803 773 840 Nam
795 804 949 841 mentis
971 803 1210 852 ingeniique
1237 804 1299 840 tui
1328 803 1617 849 simulacrum,
1641 804 1718 842 hoc

143 863 208 896 est
238 859 544 908 integritatem,
576 858 815 902 candorem,
853 859 1072 908 pietatem,
1108 857 1480 907 eruditionemque
1510 871 1595 896 non
1627 859 1717 896 vul-

142 926 284 962 garem
306 914 349 950 in
370 912 630 950 carminibus
651 913 926 962 epistolisque
948 913 1046 957 tuis,
1066 912 1181 950 haud
1198 926 1317 950 secus
1334 917 1464 962 atque
1483 914 1523 950 in
1546 913 1718 963 speculo

142 967 424 1018 contemplari
446 967 568 1009 licet;
601 969 682 1005 oris
711 972 856 1005 autem
885 967 1093 1012 habitum,
1115 971 1159 1004 et
1188 968 1231 1004 in
1261 967 1338 1005 hoc
1367 980 1536 1017 quoque
1565 981 1717 1017 magna

140 1035 192 1060 ex
214 1027 335 1072 parte
356 1023 616 1060 relucentem
638 1023 840 1067 animum,
864 1023 966 1059 mire
988 1026 1283 1072 repraesentat
1308 1023 1447 1072 imago
1474 1036 1609 1073 gypso
1636 1025 1716 1061 sin-

140 1077 277 1126 gulari
299 1077 479 1115 artificio
499 1090 721 1127 expressa:
754 1090 839 1126 quo
860 1082 972 1115 certe
995 1090 1088 1115 sum
1111 1078 1284 1126 aequior
1300 1078 1448 1115 aulicis
1465 1079 1656 1128 negotiis,
1674 1083 1718 1116 et

140 1133 210 1169 isti
240 1132 411 1170 fabulae
442 1145 589 1170 reuera
618 1133 837 1176 motoriae,
867 1145 994 1181 quam
1026 1136 1093 1170 tot
1123 1133 1207 1170 iam
1238 1133 1361 1169 annis
1391 1145 1513 1182 agere
1545 1133 1715 1182 cogeris,

140 1199 248 1236 quae
277 1187 483 1224 hactenus
511 1187 694 1232 obstitit,
717 1200 802 1236 quo
830 1188 969 1224 minus
996 1187 1162 1224 licuerit
1190 1188 1363 1237 propius
1390 1188 1717 1238 exoptatissima

140 1246 216 1279 tua
238 1242 545 1280 consuetudine
567 1242 662 1287 frui,
686 1255 913 1291 coramque
936 1243 1057 1279 viuas

645 1307 792 1345 audire
814 1312 857 1345 et
878 1307 1051 1345 reddere
1073 1320 1209 1345 voces

139 1373 340 1411 Nondum
363 1373 534 1423 quidem
551 1373 770 1424 expletum
787 1378 865 1416 est,
881 1373 955 1411 sed
973 1378 1118 1410 tamen
1136 1373 1246 1411 bona
1262 1386 1313 1410 ex
1332 1378 1453 1424 parte
1470 1375 1715 1424 mitigatum

138 1432 203 1465 est
225 1441 366 1466 meum
388 1429 451 1466 tui
473 1428 740 1466 desiderium.
802 1429 957 1466 Verum
984 1441 1035 1466 ne
1061 1428 1179 1465 nulla
1207 1430 1456 1478 pensatione
1486 1429 1716 1467 videantur

138 1482 402 1532 παλίνδρομοι
416 1483 458 1520 αἱ
471 1482 646 1532 χάριτες,
661 1483 1022 1532 quemadmodum
1041 1487 1088 1520 tu
1105 1483 1207 1520 mihi
1225 1488 1374 1533 pectus
1389 1497 1563 1521 aureum
1581 1497 1715 1535 gypso

137 1551 384 1588 expressum
405 1538 653 1583 exhibuisti,
675 1539 737 1576 ita
759 1539 839 1576 tibi
860 1539 1043 1575 vicissim
1067 1539 1316 1588 scriptorem
1339 1540 1468 1576 mitto
1490 1539 1714 1578 chartacea

138 1606 385 1643 expressum
420 1594 614 1638 materia,
648 1606 745 1631 vere
777 1606 1030 1643 gemmeum,
1066 1594 1146 1631 nisi
1182 1594 1215 1630 si
1251 1594 1354 1643 quid
1389 1594 1554 1644 plastae
1589 1595 1715 1645 culpa

137 1648 278 1685 factus
308 1648 526 1686 videbitur
554 1648 752 1686 deterior.
814 1649 969 1686 Misisti
999 1647 1067 1685 τὸν
1098 1647 1200 1685 πάνυ
1228 1648 1411 1696 βασιλέα,
1442 1649 1553 1686 inter
1589 1649 1714 1687 huius

137 1703 230 1740 aeui
253 1703 504 1741 Monarchas
526 1704 614 1741 sine
630 1704 921 1741 controuersia
937 1704 1123 1753 primum
1140 1718 1147 1747 3
1179 1716 1255 1753 ego
1272 1705 1446 1741 remitto
1466 1703 1535 1741 τὸν
1556 1703 1715 1754 άληθῶς

137 1757 263 1807 μέγαν
283 1757 509 1803 Βασίλειον,
532 1759 721 1795 omnium
745 1758 955 1807 suffragiis
978 1759 1088 1795 inter
1109 1757 1291 1796 Graecos
1314 1759 1540 1809 scriptores
1562 1760 1712 1809 princi-

138 1826 246 1862 pem,
263 1826 357 1857 meo
371 1813 541 1862 quidem
559 1813 768 1863 penicillo,
784 1826 867 1850 non
883 1814 924 1850 in
939 1826 1085 1863 gypso,
1099 1813 1169 1850 sed
1186 1814 1228 1850 in
1242 1813 1393 1851 charta
1408 1814 1712 1859 deformatum,

136 1881 265 1917 quam
307 1868 498 1913 feliciter,
534 1872 658 1906 tuum
698 1869 779 1906 erit
819 1868 1034 1913 iudicium,
1077 1869 1148 1917 qui
1189 1868 1459 1906 literaturam
1500 1873 1713 1919 vtranque

135 1922 311 1973 pulchre
331 1923 471 1961 calles.

192 1978 502 2027 Argumentum
516 1982 580 2015 est
595 1978 656 2016 De
670 1976 832 2028 Spiritu
849 1982 1009 2021 sancto,
1025 1991 1150 2027 quem
1168 1977 1257 2015 Arii
1275 1979 1466 2028 viperina
1483 1980 1712 2029 posteritas

136 2033 255 2077 Filio,
279 2045 363 2070 non
384 2033 486 2077 Deo,
509 2033 872 2083 quemadmodum
896 2033 964 2070 ille
986 2033 1144 2078 docuit,
1163 2033 1236 2070 sed
1257 2038 1425 2071 creatae
1443 2034 1712 2072 substantiae

135 2088 378 2125 ministrum
395 2088 623 2137 adiungere
639 2092 794 2126 conata
810 2093 889 2133 est,
905 2092 953 2125 vt
970 2089 1012 2126 in
1028 2101 1227 2126 consessu
1243 2101 1519 2137 personarum
1534 2090 1711 2127 tertium
1736 2105 1748 2117 τ

135 2143 354 2192 imumque
369 2143 617 2181 subsellium
635 2143 800 2181 cederet
817 2142 1007 2193 Spiritui.
1051 2143 1114 2180 Ea
1130 2144 1325 2192 quaestio
1342 2156 1415 2193 per
1430 2144 1503 2181 illa
1519 2149 1712 2194 tempora

134 2198 331 2235 feruebat
348 2202 396 2236 vt
413 2211 545 2247 quum
564 2199 747 2236 maxime
765 2213 771 2243 ;
803 2204 847 2236 et
864 2202 913 2235 vt
930 2198 991 2242 fit,
1006 2211 1058 2236 ex
1074 2211 1157 2235 vna
1173 2202 1345 2235 excetra
1363 2199 1511 2236 multis
1533 2199 1712 2236 subinde

135 2253 348 2302 capitibus
369 2253 682 2299 enascentibus,
705 2266 753 2290 ac
775 2253 952 2290 diuersis
974 2254 1223 2303 opinionum
1246 2254 1386 2291 ventis
1407 2254 1523 2291 facto
1541 2255 1711 2291 turbine

136 2308 245 2345 inter
285 2321 326 2345 se
367 2307 702 2354 decertantibus,
745 2308 956 2345 Ecclesiae
995 2309 1118 2346 nauis
1157 2321 1240 2346 non
1285 2310 1426 2346 minus
1466 2309 1712 2346 iactabatur

135 2366 346 2399 sectarum
384 2363 521 2407 vndis,
559 2376 687 2413 quam
726 2363 849 2401 hodie
882 2376 1050 2400 summo
1082 2376 1179 2401 cum
1215 2364 1345 2400 animi
1378 2363 1523 2401 dolore
1560 2365 1710 2401 iactari

135 2417 352 2455 videmus:
387 2418 585 2455 nimirum
608 2418 746 2455 altum
768 2418 1006 2455 dormiente
1027 2418 1197 2456 Christo
1223 2419 1265 2455 in
1292 2420 1445 2456 animis
1474 2419 1709 2461 hominum,

135 2484 266 2521 quum
289 2473 491 2518 omnium,
514 2477 607 2510 tum
629 2486 775 2510 eorum
802 2474 1027 2523 praecipue
1056 2474 1097 2510 in
1127 2473 1282 2522 quibus
1310 2475 1495 2511 maxime
1524 2473 1709 2511 debebat

135 2527 321 2577 vigilare.
384 2527 475 2565 Hoc
506 2528 797 2577 probatissimi
832 2528 1019 2565 doctoris
1055 2541 1175 2577 opus,
1213 2529 1415 2577 quoniam
1451 2528 1648 2566 videbam
1686 2541 1709 2565 a

134 2581 335 2631 Gregorio
350 2582 620 2620 Nazianzeno
634 2596 888 2633 magnopere
902 2583 1126 2621 laudatum
1138 2584 1178 2620 in
1192 2583 1404 2628 monodia,
1417 2596 1491 2620 nee
1503 2583 1709 2620 hactenus

955 2669 1024 2708 (τὸν
1042 2669 1122 2701 πάνυ
1132 2670 1296 2710 βασιλέα).
1338 2672 1486 2702 Severin
1500 2672 1621 2701 Boner
1636 2671 1705 2701 had

178 2681 208 2709 4.
235 2671 804 2711 carminibusepistolisquetuis]
817 2672 886 2701 For

954 2716 1165 2755 previously
1193 2721 1272 2746 sent
1305 2720 1343 2746 to
1374 2716 1548 2746 Erasmus
1576 2726 1595 2745 u
1625 2715 1705 2753 gold

135 2714 197 2743 the
233 2714 407 2745 Carmina
441 2726 500 2745 see
538 2716 607 2755 Ep.
648 2720 744 2754 2103.
787 2717 883 2754 13811.

135 2758 342 2789 Dantiscus‘
377 2759 504 2789 letters
537 2770 583 2789 no
611 2760 730 2790 doubt
764 2760 834 2790 had
864 2770 885 2789 a

134 2802 450 2833 wideeirculation
465 2803 498 2832 in
515 2812 573 2833 MS.
611 2803 721 2843 Many
733 2804 770 2833 of
783 2804 884 2833 thern

134 2845 226 2875 have
254 2846 343 2876 been
370 2847 531 2887 recently
558 2848 718 2887 printed,
747 2848 813 2877 but
839 2857 885 2877 no

134 2889 243 2919 letter
261 2894 299 2920 to
317 2890 493 2920 Erasinus
512 2892 539 2920 is
557 2895 702 2922 extant.

177 2942 207 2971 5.
234 2934 306 2963 oris
340 2958 346 2964 .
383 2958 388 2964 .
425 2959 431 2964 .
466 2935 650 2973 habitum]
686 2935 884 2965 Dantiseus

132 2986 249 3006 seems
261 2974 299 3007 to
312 2978 404 3008 have
414 2982 528 3008 senta
540 2979 678 3018 plaster
689 2979 882 3009 nwdallion

132 3020 168 3050 of
202 3021 346 3052 himself
377 3022 449 3052 and
479 3023 516 3052 os
551 3023 648 3062 King
676 3023 884 3063 Sigismund

954 2760 1148 2790 inedallion
1175 2760 1212 2789 of
1234 2760 1457 2799 Sigisrnund,
1480 2759 1705 2799 reprodueed

954 2804 1081 2842 Major.
1101 2803 1149 2843 pl.
1171 2813 1221 2843 24.

1002 2857 1051 2878 11.
1077 2847 1203 2878 audire
1224 2872 1230 2877 .
1252 2872 1257 2877 .
1280 2872 1285 2878 .

952 2901 1028 2931 409.

998 2945 1050 2974 34.
1082 2935 1267 2972 monodia]
1316 2933 1373 2966 Εἷς
1420 2934 1590 2963 Βασίλειον
1637 2933 1704 2963 ἐπ(-

953 2977 1078 3017 τάφιος,
1105 2980 1201 3009 Orat.
1232 2988 1272 3018 43
1298 2980 1380 3015 (ξω).
1408 2989 1514 3018 capp.
1542 2978 1703 3010 lxvii—ix.

954 3023 1067 3057 Paris.
1091 3025 1182 3062 1778.

1306 2848 1426 2885 voees]
1440 2847 1545 2886 Verg.
1567 2847 1654 2877 Aen.
1679 2856 1704 2876 1.

1738 979 1755 1009 5

1740 1254 1778 1274 10

1738 1555 1775 1584 15

1734 1830 1774 1850 20

1731 2379 1772 2408 30
