1966 3379
271 149 320 185 82
699 145 956 184 LETTERS
987 145 1057 184 oF
1088 145 1353 184 ERASMUS
1714 150 1835 197 [1532

272 253 448 290 minimo
484 252 675 288 contenti
704 252 802 295 sint,
828 251 1026 288 nimirum
1063 250 1366 300 Apostolorum
1403 251 1570 288 aemuli.
1631 250 1836 297 Quantuli

273 311 471 356 sumptus
501 311 565 343 cst
596 306 852 343 charissimis
883 305 1088 343 fratribus
1119 305 1264 342 cibarii
1300 306 1422 354 panis
1462 305 1752 355 fragmentum
1787 320 1835 345 ac

274 361 495 411 paululum
519 361 778 410 leguminum
797 373 890 397 cum
911 360 1038 397 calice
1060 372 1195 408 aquae
1212 359 1390 409 frigidae
1408 361 1648 410 impartiri?
1680 361 1834 399 Verum

195 432 253 451 120
274 421 489 465 vtcunque
516 416 617 452 haec
641 415 814 459 habent,
837 419 951 452 certe
980 415 1299 452 mendicitatem
1330 414 1527 464 professis
1555 416 1837 454 conueniebat

273 484 418 519 rogare
440 470 685 520 hospitium,
707 474 751 507 et
772 470 826 507 ab
849 470 926 507 hoc
950 474 1151 519 negatum
1174 469 1227 506 ab
1250 469 1384 506 altero
1406 474 1561 519 petere.
1611 470 1835 508 Caeterum

273 525 325 562 ad
361 525 573 563 volentem
608 525 820 562 nolentem
858 526 1102 573 irrumpere.
1135 536 1217 561 non
1253 528 1318 561 est
1352 524 1562 574 hospitem
1598 538 1733 575 agere,
1765 526 1836 563 sed

272 580 439 617 aedium
463 580 694 617 dominum.

328 635 439 672 Noui
457 638 556 672 ante
573 647 706 672 annos
724 647 828 684 pene
852 634 905 671 xl.
924 634 1100 672 fratrem
1120 633 1428 671 Theodoricum
1447 634 1835 672 Monasteriensem.

195 705 253 733 125
275 690 316 726 Is
334 702 543 738 nusquam
562 690 666 734 ibat,
684 690 761 726 nisi
777 690 1105 726 concionaturus
1123 703 1129 731 ;
1162 701 1236 725 nec
1256 701 1434 737 vsquam
1452 689 1564 739 cepit
1584 689 1726 726 cibum
1750 702 1837 727 cor-

274 745 399 794 poris,
422 745 499 781 nisi
522 745 594 781 vbi
617 744 859 781 seminabat
887 744 1016 780 animi
1044 743 1198 781 cibum.
1259 743 1481 780 Interdum
1505 744 1771 781 inuitabatur
1796 745 1837 781 in

274 799 398 837 aedes
425 799 624 843 diuitum,
647 799 719 836 sed
748 800 790 835 in
820 798 965 835 iisdem
996 798 1246 835 morabatur
1273 798 1415 835 decem
1444 802 1521 835 aut
1552 803 1648 836 octo
1678 799 1778 843 (1103,
1805 800 1838 836 31

274 867 358 903 qua
380 866 534 903 magna
555 866 648 903 spes
669 853 834 891 fructus
855 852 1096 890 affulsisset.
1147 852 1241 889 Alio
1263 857 1441 890 vocatus
1463 853 1709 898 excusabat,
1732 854 1838 891 adeo

275 912 322 946 vt
336 921 467 957 quum
483 908 639 955 Bergas
653 908 823 951 adisset,
839 907 1003 956 aliquot
1017 908 1105 945 dies
1120 907 1176 944 ibi
1190 908 1532 951 concionaturus,
1547 913 1588 945 et
1604 909 1645 945 in
1663 908 1839 946 aedibus

195 978 255 1007 130
275 963 447 1001 Ioannis
461 976 485 1000 a
500 963 627 1005 Mera,
643 963 830 1012 primarii
847 963 962 1007 ciuis,
974 961 1112 999 locum
1129 961 1316 1006 haberet,
1331 963 1419 999 eius
1434 963 1623 1000 ciuitatis
1638 963 1839 1013 Princeps

273 1018 519 1055 admonitus
530 1018 580 1055 de
593 1018 774 1055 hominis
785 1017 987 1065 singulari
998 1017 1292 1061 sanctimonia,
1306 1018 1523 1054 vocauerit
1533 1017 1586 1054 ad
1600 1017 1837 1066 prandium.

275 1073 351 1110 Ille
382 1074 559 1122 ingenue
590 1072 807 1121 respondit
835 1073 868 1108 si
897 1071 975 1108 sibi
1004 1072 1324 1121 permitteretur
1348 1072 1462 1121 apud
1491 1085 1533 1109 sc
1561 1073 1716 1117 viuere,
1742 1085 1837 1110 con-

274 1128 543 1165 cionaturum
568 1127 651 1164 illic
673 1131 771 1164 octo
792 1126 903 1168 dies:
935 1128 1000 1163 sin
1022 1127 1172 1168 minus,
1195 1127 1400 1164 continuo
1421 1126 1651 1165 abiturum.
1703 1126 1838 1172 Quam

274 1195 375 1219 vero
400 1195 484 1220 11011
513 1183 653 1230 grauis
682 1182 832 1231 hospes
859 1185 951 1218 erat
980 1182 1044 1218 vir
1074 1181 1142 1218 ille
1173 1182 1289 1230 pius!
1352 1181 1401 1218 In
1431 1182 1634 1219 extremis
1664 1182 1839 1219 aedibus

194 1251 254 1281 135
274 1237 396 1274 iuxta
422 1237 632 1286 posticum
658 1236 842 1285 elegerat
867 1236 946 1273 sibi
971 1235 1176 1279 sellulam,
1203 1248 1276 1272 nec
1302 1235 1417 1273 aliud
1442 1237 1496 1273 ab
1522 1236 1723 1285 opulento
1749 1238 1840 1274 viro

274 1292 353 1329 sibi
374 1291 466 1329 dari
487 1304 637 1341 passus
657 1295 722 1328 est
743 1303 870 1339 quam
897 1303 1048 1340 panem
1075 1291 1280 1327 cibarium
1307 1303 1354 1328 30
1380 1291 1603 1328 001111313111
1628 1291 1837 1341 frigidam.

275 1346 420 1395 Ignem
444 1346 681 1384 recusabat.
715 1345 807 1383 Illic
829 1358 925 1383 cum
952 1358 1027 1382 suo
1053 1346 1166 1382 socio
1191 1344 1371 1394 legebat,
1394 1346 1558 1390 orabat,
1580 1346 1837 1395 contempla-

274 1401 415 1438 batur.
466 1401 688 1450 Nusquam
711 1400 914 1450 prodibat
934 1400 1013 1437 nisi
1034 1400 1089 1437 ad
1111 1399 1332 1449 templum,
1356 1400 1482 1449 idque
1504 1413 1578 1449 per
1604 1401 1838 1450 posticum;

275 1468 349 1493 1100
372 1468 560 1505 vnquam
583 1456 625 1492 in
646 1455 904 1505 primoribus
924 1454 1100 1492 aedibus
1122 1455 1238 1492 visus
1263 1459 1341 1500 est,
1364 1455 1437 1492 vbi
1459 1455 1711 1493 versabatur
1733 1468 1840 1493 vxor

195 1525 256 1555 140
275 1523 369 1548 cum
402 1510 544 1548 liberis
576 1523 624 1548 30
664 1510 920 1547 famulabus.
981 1509 1157 1547 Talibus
1190 1510 1292 1546 viris
1325 1509 1496 1558 quando
1528 1510 1671 1547 deesse
1705 1511 1840 1560 possit

274 1565 538 1615 hospitium?
596 1565 686 1602 Aut
707 1565 800 1614 quis
820 1568 885 1602 est
907 1568 997 1601 tam
1020 1564 1137 1602 tenui
1159 1577 1214 1609 re,
1238 1568 1285 1601 vt
1308 1564 1385 1601 tali
1410 1569 1614 1614 grauetur
1643 1564 1838 1615 hospite?

275 1619 522 1666 Queruntur
551 1619 681 1669 vulgo
711 1619 924 1657 refrixisse
955 1619 1220 1656 charitatem.
1281 1619 1494 1656 Fortassis
1526 1620 1567 1656 in
1602 1632 1727 1657 causa
1760 1625 1838 1665 est,

275 1675 389 1724 quod
411 1676 454 1712 in
475 1676 576 1725 ipsis
598 1674 763 1712 refrixit
783 1675 930 1724 pietas.
972 1673 1185 1711 Accusent
1203 1674 1411 1711 mundum
1435 1675 1468 1711 si
1491 1675 1629 1711 minus
1647 1679 1839 1724 praestat

276 1730 377 1779 ipsis
413 1729 527 1779 quod
562 1729 754 1774 debetur,
790 1729 916 1767 modo
952 1729 1030 1778 ipsi
1064 1733 1285 1778 praestent
1321 1729 1482 1766 mundo
1517 1729 1631 1777 quod
1666 1729 1836 1767 debent.

196 1798 255 1829 145
275 1784 399 1822 Nunc
421 1785 575 1821 mirum
597 1797 680 1822 non
702 1788 779 1828 est,
797 1784 831 1821 si
852 1783 1037 1821 mundus
1059 1783 1267 1820 mundum
1291 1783 1476 1833 negligit.
1527 1782 1569 1821 Si
1590 1784 1841 1821 seminarint

270 1835 352 1876 'sua
381 1839 635 1889 spiritualia,
665 1851 847 1888 aequum
876 1842 942 1876 est
975 1842 1023 1875 vt
1051 1842 1218 1876 metant
1246 1837 1426 1875 aliorum
1456 1838 1654 1875 carnalia.
1715 1837 1837 1884 Quod

276 1895 311 1931 si
346 1891 574 1931 inciderint
609 1894 652 1930 in
687 1897 778 1931 tam
813 1892 1082 1938 inhumanos,
1117 1897 1166 1930 vt
1201 1905 1277 1930 suo
1311 1893 1470 1940 functis
1506 1893 1641 1930 officio
1676 1894 1838 1930 victum

275 1949 472 1998 quamuis
498 1948 731 1998 simplicem
753 1952 921 1997 negent,
944 1952 1136 1997 superest
1163 1947 1406 1997 exemplum
1436 1947 1569 1992 Pauli,
1592 1948 1703 1985 inter
1728 1947 1838 1997 Apo-

276 2003 408 2041 stolos
436 2004 620 2040 maxime
648 2002 874 2052 Seraphici.
934 2001 975 2040 Si
1003 2003 1098 2051 quis
1126 2002 1228 2040 haec
1256 2002 1350 2039 illos
1377 2002 1619 2048 admoneat,
1645 2002 1839 2040 fortassis

196 2072 256 2101 150
275 2071 351 2108 pro
374 2059 543 2095 inimico
564 2058 804 2102 duceretur,
827 2070 959 2106 quum
981 2058 1165 2094 maxime
1187 2057 1243 2094 sit
1264 2058 1306 2094 in
1328 2069 1414 2094 rem
1436 2057 1608 2095 ordinis.

330 2112 410 2150 Sed
432 2113 483 2150 de
505 2112 568 2149 his
590 2113 673 2150 iam
695 2113 820 2149 nimis
842 2112 991 2150 multa.
1051 2111 1173 2157 Quod
1195 2112 1362 2149 venaris
1385 2124 1571 2156 onrem,
1594 2113 1650 2149 mi
1679 2111 1838 2156 Carole,

275 2167 427 2205 laudo:
460 2167 609 2204 melius
631 2168 742 2204 enim
764 2171 829 2204 est
850 2167 1007 2204 nubere
1030 2179 1157 2215 quam
1180 2167 1268 2203 vri:
1301 2166 1375 2204 sed
1396 2167 1525 2203 etiam
1551 2171 1680 2216 atque
1708 2168 1838 2204 etiam

276 2222 372 2259 vide
390 2226 438 2260 vt
460 2235 545 2259 non
567 2222 699 2259 oculis
717 2226 902 2266 tantum,
923 2221 995 2259 sed
1011 2226 1053 2258 et
1071 2221 1245 2258 auribus
1262 2233 1437 2258 vxorem
1458 2220 1602 2266 ducas,
1621 2221 1842 2270 multaque

276 2277 655 2326 circumspectione
685 2276 828 2321 facias,
858 2276 972 2325 quod
1001 2275 1129 2313 semel
1161 2275 1324 2313 factum
1356 2275 1538 2313 rescindi
1569 2289 1653 2313 non
1684 2281 1838 2325 potest.

197 2345 257 2374 155
277 2331 296 2368 Ι
320 2344 432 2368 1111110
457 2336 500 2369 et
529 2331 706 2381 obiurga
734 2344 812 2376 me,
836 2331 951 2379 quod
978 2330 1084 2368 nihil
1112 2331 1295 2380 accipias
1324 2330 1556 2368 literarum.
1617 2330 1773 2377 Habes,
1797 2332 1839 2367 ni

276 2385 413 2431 fallor,
437 2386 661 2435 epistolam
691 2386 976 2423 verbosiorem
1005 2397 1133 2434 quam
1162 2384 1304 2423 velles.
1364 2385 1511 2434 Nuper
1539 2385 1726 2434 relegens
1753 2387 1836 2435 epi-

277 2440 410 2477 stolas
451 2453 565 2478 meas
602 2440 732 2478 titulo
767 2440 952 2484 floridas,
990 2452 1032 2477 re
1068 2439 1292 2485 marcidas,
1329 2452 1458 2476 vnam
1494 2444 1624 2488 atque
1659 2439 1838 2477 alteram

277 2496 441 2545 repperi
474 2495 528 2533 ad
562 2499 615 2532 te.
677 2495 796 2532 Vnde
830 2495 1020 2544 suspicor
1052 2493 1193 2531 isthuc
1227 2507 1311 2532 non
1348 2506 1493 2532 omnes
1525 2494 1702 2543 perferri
1734 2507 1839 2543 quas

366 2591 438 2621 125.
465 2583 520 2613 N:
543 2583 641 2623 cepit-
656 2583 702 2613 K.
842 2592 913 2621 131.
939 2582 994 2613 N:
1020 2582 1167 2613 vocauit
1182 2582 1228 2612 K.
1369 2583 1441 2622 148.
1468 2582 1522 2612 N:
1549 2586 1685 2622 negant
1703 2583 1750 2613 K.

325 2746 396 2776 124.
422 2736 703 2774 Theodoricurn]
722 2736 874 2766 Neither
887 2736 943 2771 110,
959 2746 1025 2766 nor
1093 2735 1192 2775 Opus
1209 2736 1458 2775 Epistolarum
1475 2736 1512 2765 of
1533 2735 1710 2775 1529(Ep.
1728 2737 1840 2771 2188).

279 2781 334 2810 his
348 2780 445 2812 host.
455 2780 556 2810 John
570 2791 591 2810 a
604 2780 716 2814 Mera,
728 2781 757 2810 is
771 2780 905 2810 known
919 2784 957 2810 40
968 2789 1022 2810 us.
1092 2779 1135 2809 In
1156 2779 1336 2813 addition,
1357 2779 1532 2809 Erasmus
1551 2779 1623 2809 had
1643 2779 1840 2810 addressed

326 2832 396 2862 157.
422 2823 583 2861 floridas]
607 2823 781 2854 Erasmus
802 2824 831 2854 is
847 2823 1025 2863 speaking
1092 2826 1131 2853 to
1148 2823 1223 2853 him
1241 2833 1262 2853 a
1279 2823 1491 2862 dedicatory
1503 2823 1645 2863 epistle,
1659 2823 1727 2862 Ep.
1744 2832 1838 2862 2093,

278 2867 481 2906 carelessly.
531 2867 577 2897 Of
594 2867 657 2897 the
670 2871 803 2897 extant
819 2867 947 2897 letters
963 2867 1024 2897 ad·
1093 2867 1166 2897 and
1185 2867 1254 2906 Ep.
1275 2876 1370 2903 2209.
1406 2866 1443 2896 It
1463 2867 1492 2896 is
1515 2866 1719 2896 noticeable
1742 2867 1839 2901 that.

278 2911 426 2940 dressed
453 2914 493 2940 to
521 2910 716 2941 Utenhove
743 2910 829 2950 only
857 2921 925 2940 one
953 2910 1026 2940 had
1094 2914 1226 2950 except
1251 2910 1306 2940 for
1331 2910 1426 2949 Epp.
1453 2910 1548 2945 2288,
1577 2919 1671 2948 2799,
1701 2909 1747 2940 all
1776 2910 1839 2940 the

278 2955 369 2984 been
382 2954 529 2993 printed
542 2954 653 2984 inthe
667 2954 847 2993 Epistolae
861 2954 1026 2984 Floridae
1093 2953 1220 2984 letters
1243 2958 1281 2984 to
1302 2953 1497 2983 Utenhove
1520 2963 1580 2983 310
1600 2953 1636 2984 of
1657 2953 1837 2983 consider-

279 2998 363 3038 (Ep.
383 2998 493 3033 2288).
543 2997 620 3028 One
633 2997 704 3028 had
716 2997 901 3038 appeared
913 2998 948 3027 in
961 2997 1024 3028 the
1092 2997 1173 3027 able
1190 2997 1328 3037 length.
