1966 3379
122 187 244 238 2679]
1643 186 1691 223 51

148 282 149 285 ’
468 279 598 317 2679.
664 275 803 316 FROM
834 275 1031 316 JEROME
1065 274 1348 315 ALEANDER.

171 367 347 402 Vatican
366 366 449 401 MS.
470 367 561 400 Lat.
583 367 692 409 8075,
713 365 740 399 f.
763 373 807 409 72
828 371 885 399 v0.
1402 365 1619 399 Ratisbon.

1376 426 1397 458 4
1416 414 1516 458 July
1539 425 1645 457 1532.

123 544 128 549 ι
164 500 340 582 [Τὶὲθ]Μ3.
360 499 389 531 is
406 509 428 530 a
445 509 552 540 copy,
571 498 768 539 preserved
792 499 828 529 in
851 497 1066 529 Aleander's
1087 506 1148 528 Ms.
1167 497 1415 528 letter-book:
1442 507 1501 528 see
1519 498 1589 538 Ep.
1609 499 1694 537 2638

120 548 219 575 lntro
251 569 256 574 .

814 612 1002 639 ERASMO.

174 673 214 713 S.
238 673 281 712 P.
305 673 356 712 D.
418 673 708 723 Polyphemus
736 676 849 718 tuus,
872 673 958 710 imo
985 685 1088 710 vero
1115 673 1200 710 iam
1230 675 1385 717 noster,
1410 671 1566 710 referet
1586 677 1694 722 quot

120 730 377 779 quantisque
404 732 577 766 tantum
606 741 692 766 non
719 728 934 777 discerpor
961 728 1156 777 negociis,
1186 740 1320 776 Vsque
1348 727 1455 764 adeo
1485 731 1536 765 vt
1563 740 1693 777 quam

119 785 362 834 saepissime
384 796 459 821 nec
480 796 569 821 esse
589 796 665 820 nec
688 783 843 828 bibere,
861 782 935 820 sed
957 795 1010 820 ne
1027 782 1211 820 dormire
1233 782 1404 831 quidem
1427 782 1531 819 mihi
1552 782 1692 829 liceat,

118 843 366 888 tum'quum
388 839 574 876 maxime
602 838 666 875 his
693 841 874 875 naturae
901 837 1100 875 subsidiis
1128 837 1306 886 indigeo.
1362 837 1420 874 Et
1448 849 1560 874 nunc
1588 837 1692 875 dum

118 894 330 931 calamum
354 894 396 930 in
423 905 576 930 manus
605 905 726 930 sumo
754 896 804 929 vt
832 893 918 930 tuis
947 892 1080 930 literis
1109 892 1404 942 respondeam,
1428 891 1538 929 vidit
1567 892 1690 942 Poly·
1712 911 1730 940 5

118 949 296 998 phemus
318 948 476 986 adferri
496 947 551 985 ad
577 960 643 984 me
664 960 715 984 ex
739 947 851 984 Vrbe
879 947 1018 985 Roma
1039 951 1083 985 et
1105 947 1295 984 Venetiis
1316 948 1486 984 vicenas
1508 946 1692 996 amplius

117 1003 263 1041 literas
284 1007 330 1041 et
348 1015 420 1041 eas
441 1002 708 1051 longissimas
730 1006 773 1040 et
795 1002 1091 1040 molestiarum
1113 1001 1393 1052 plenissimas⁷
1417 1006 1549 1051 atque
1575 1002 1691 1040 haud

118 1059 179 1096 ita
200 1058 339 1096 multo
359 1061 458 1108 post
485 1057 708 1095 aduenisse
736 1070 869 1094 vnum
898 1056 1068 1095 Caesari
1095 1070 1120 1094 a
1149 1058 1321 1094 secretis
1346 1058 1419 1106 qui
1445 1069 1610 1094 mecum
1640 1057 1692 1095 de

117 1113 166 1150 iis
193 1125 303 1162 quae
330 1113 373 1150 in
403 1118 617 1150 conuentu
649 1113 889 1162 principum
920 1112 1151 1150 tractanda
1182 1116 1285 1149 sunt
1315 1111 1520 1149 conferat.
1581 1111 1690 1158 Qua-

117 1172 292 1218 propter
326 1180 379 1205 ne
414 1171 613 1217 expectes
649 1171 821 1217 oportet
855 1180 880 1204 a
911 1179 979 1204 me
1014 1167 1226 1217 longiores
1261 1167 1408 1204 literas
1442 1167 1691 1216 priusquam

118 1222 292 1260 Italiam
320 1222 517 1272 attigero,
546 1222 627 1259 nisi
657 1221 768 1259 forte
797 1222 900 1271 quid
928 1222 1101 1259 interim
1130 1221 1343 1261 accideret
1370 1221 1485 1271 quod
1514 1226 1556 1259 te
1587 1223 1692 1259 scire

118 1281 195 1315 tua
226 1277 498 1327 potissimum
530 1277 734 1314 interesse
767 1289 1078 1326 cognoscerem.
1140 1277 1259 1314 Tunc
1291 1277 1403 1314 enim
1434 1289 1520 1314 non
1553 1276 1691 1314 solum

117 1332 342 1370 scriberem
373 1331 487 1381 quod
519 1344 625 1381 opus
656 1336 779 1377 esset,
810 1332 884 1369 sed
915 1333 1045 1369 etiam
1078 1331 1353 1369 tabellarium
1386 1331 1533 1369 dedita
1563 1345 1691 1381 opera

116 1387 226 1424 istuc
243 1387 459 1424 mitterem
474 1401 480 1432 ;
504 1391 655 1424 contra
676 1399 777 1424 vero
793 1399 870 1436 ego
886 1387 962 1424 abs
980 1391 1022 1424 te
1038 1391 1082 1424 et
1098 1400 1192 1424 eam
1210 1399 1339 1436 quam
1357 1386 1460 1424 mihi
1478 1386 1692 1436 pollicitus

116 1454 159 1479 es
181 1442 282 1479 iusti
304 1441 534 1479 voluminis
562 1442 699 1481 instar
726 1441 1015 1491 longissimam
1044 1441 1271 1492 epistolam
1297 1446 1490 1491 expecto,
1513 1446 1556 1479 et
1584 1442 1691 1479 alias

117 1496 458 1546 quandocunque
480 1509 558 1534 vsu
579 1497 751 1534 eueniat
773 1501 821 1534 vt
843 1497 895 1534 de
917 1501 972 1542 te,
997 1497 1048 1534 de
1071 1498 1156 1534 tuis
1177 1496 1304 1534 rebus
1325 1501 1456 1545 atque
1487 1497 1617 1534 etiam
1640 1496 1692 1534 de

116 1551 334 1601 republica
355 1551 526 1596 scribas,
544 1555 593 1588 vt
610 1552 721 1589 inter
742 1555 810 1589 tot
831 1564 954 1589 curas
972 1556 1015 1589 et
1033 1551 1221 1601 pericula
1236 1564 1321 1589 non
1338 1551 1442 1588 nihil
1460 1552 1691 1601 percipiam

115 1606 257 1644 solatii
277 1619 299 1644 e
320 1606 502 1644 lectione
528 1610 701 1644 tuarum
731 1606 965 1652 literarum,
988 1606 1144 1656 quibus
1171 1606 1276 1644 mihi
1300 1606 1405 1644 nihil
1432 1610 1577 1656 potest
1601 1619 1691 1644 esse

116 1661 356 1699 iucundius.

171 1715 296 1754 Nunc
317 1717 515 1765 quamuis
536 1717 598 1753 ita
620 1720 855 1766 occupatus
878 1729 962 1754 non
985 1729 1159 1766 possum
1183 1720 1329 1754 tamen
1352 1729 1437 1754 non
1455 1716 1691 1766 significare

116 1770 463 1808 molestissimum
512 1770 617 1808 mihi
665 1771 793 1808 fuisse
834 1771 949 1820 quod
992 1785 1014 1809 e
1057 1771 1322 1821 Polyphemo
1364 1771 1523 1817 audiui,
1563 1771 1692 1810 fuisse

116 1825 195 1863 tibi
228 1839 252 1863 a
286 1826 427 1863 nescio
467 1825 621 1875 quibus
662 1826 773 1864 male
812 1827 1034 1876 auguratis
1069 1839 1333 1876 persuasum,
1369 1827 1587 1876 repetiisse
1624 1840 1691 1864 me

116 1885 217 1918 ante
251 1880 417 1930 aliquot
452 1893 587 1918 annos
622 1880 854 1926 Lutetiam,
889 1886 982 1919 tum
1015 1885 1064 1919 vt
1097 1894 1168 1919 eos
1202 1882 1436 1919 animarem
1469 1883 1542 1931 qui
1574 1883 1616 1919 in
1650 1886 1692 1919 te

118 1936 393 1985 scripserunt,
420 1939 513 1973 tum
542 1940 591 1972 vt
618 1935 843 1973 Albertum
871 1949 956 1974 non
982 1936 1087 1974 nihil
1113 1937 1305 1974 iuuarem
1333 1949 1474 1974 rerum
1501 1937 1622 1986 copia
1647 1941 1691 1974 et

116 1990 227 2028 stilo.
289 1989 321 2027 ὦ
346 1989 495 2039 Χριστὲ
517 1989 581 2028 θεὲ
606 1989 673 2028 καὶ
699 1995 831 2040 σῶτερ
859 1990 984 2041 ἡμῶν,
1008 2004 1116 2041 quae
1139 1996 1341 2042 portenta
1367 1991 1525 2029 audio?
1586 1991 1690 2029 Post

116 2045 261 2082 decem
290 2048 333 2082 et
362 2049 458 2083 octo
486 2058 621 2083 annos
649 2045 867 2083 Lutetiam
896 2059 979 2084 non
1009 2046 1109 2092 vidi,
1133 2051 1177 2084 et
1203 2047 1368 2084 interea
1396 2046 1449 2084 ad
1479 2048 1689 2084 neminem

115 2101 187 2149 qui
219 2100 302 2137 illic
331 2104 475 2150 ageret
505 2101 653 2151 scripsi
683 2105 854 2151 praeter
883 2100 1147 2151 Cyprianum
1179 2105 1389 2143 nostrum,
1416 2101 1606 2150 nihilque
1636 2102 1690 2139 ad

115 2167 212 2192 cum
241 2155 321 2192 nisi
349 2155 401 2193 de
426 2155 675 2193 sacerdotiis
703 2155 872 2193 duobus
900 2157 1004 2194 meis
1030 2169 1139 2206 quae
1165 2156 1280 2194 haud
1308 2157 1431 2206 longe
1460 2170 1484 2194 a
1514 2156 1689 2194 Lutetia

116 2208 265 2255 habeo,
283 2223 367 2247 non
382 2210 522 2247 minus
544 2211 675 2260 ipsius
692 2223 821 2259 quam
839 2215 1083 2261 temporum
1097 2211 1224 2261 culpa
1239 2211 1349 2249 male
1363 2211 1688 2249 administratis.

115 2263 235 2301 Alius
271 2264 446 2313 quidam
479 2266 552 2314 qui
583 2278 626 2303 sc
660 2266 746 2303 tibi'
775 2266 1080 2304 amicissimum
1116 2267 1300 2311 iactitat,
1335 2271 1432 2316 post
1467 2270 1689 2316 acceptam

115 2322 235 2356 tuam
256 2332 281 2356 a
303 2332 368 2357 me
389 2320 628 2369 epistolam,
646 2321 836 2358 ostendit
858 2321 960 2358 mihi
983 2322 1024 2358 in
1047 2322 1132 2359 tuis
1153 2322 1322 2371 scriptis
1344 2334 1416 2359 sex
1436 2324 1574 2371 (puto)
1598 2321 1689 2358 loca

116 2373 187 2411 vbi
209 2387 274 2411 me
295 2374 406 2412 male
428 2378 602 2419 tractas,
626 2375 724 2413 licet
746 2376 963 2413 interdum
992 2389 1218 2426 suppresso
1248 2377 1429 2421 nomine,
1454 2378 1513 2413 ita
1543 2381 1688 2414 tamen

115 2432 164 2465 vt
195 2428 338 2466 nullus
366 2441 449 2467 non
478 2430 692 2479 intelligat
723 2431 764 2467 in
796 2443 922 2480 quern
954 2432 1201 2480 intorqueas
1229 2431 1464 2481 spiculum:
1498 2431 1552 2468 ad
1580 2444 1690 2480 quac

115 2482 218 2520 nihil
240 2483 357 2521 aliud
378 2485 577 2534 respondi
600 2486 679 2522 nisi
701 2485 893 2535 improbe
914 2499 1009 2523 eum
1032 2486 1171 2523 facere
1193 2487 1266 2535 qui
1288 2487 1329 2523 in
1352 2486 1490 2523 alieno
1517 2486 1625 2523 libro
1648 2486 1689 2523 id

114 2537 166 2575 de
187 2538 280 2575 aliis
302 2539 611 2588 interpretetur
632 2540 746 2589 quod
768 2544 920 2578 auctor
941 2541 1029 2590 ipse
1052 2540 1148 2578 libri
1173 2554 1258 2578 non
1283 2541 1515 2590 explicauit
1535 2555 1541 2583 ;
1574 2540 1688 2589 quod

115 2593 148 2629 si
175 2592 332 2630 alicubi
359 2597 403 2631 et
430 2607 585 2631 nomen
614 2607 757 2632 meum
784 2608 1066 2645 expresseras‚
1096 2596 1397 2645 imputandum
1428 2596 1469 2632 id
1499 2608 1586 2632 csse
1615 2595 1687 2631 ali-

115 2659 296 2696 quorum
322 2648 583 2699 malignitati
612 2650 865 2698 (cuiusmodi
890 2650 1035 2688 forsan
1064 2650 1133 2688 ille
1162 2656 1255 2688 erat
1277 2652 1349 2700 qui
1376 2650 1477 2687 inihi
1500 2651 1574 2687 hcc
1597 2650 1687 2687 loca

159 2789 210 2810 22.
237 2781 441 2820 rcpctiissc]
463 2781 533 2811 For
555 2782 630 2812 this
646 2782 811 2813 delusion
830 2784 867 2813 of
936 2783 1128 2814 tibinolns
1138 2782 1689 2823 Cyprianus,l’ai-isiisdegens',

115 2823 302 2861 Erasmus,
320 2834 379 2855 sco
397 2825 466 2865 Ep.
486 2828 583 2863 2565.
603 2836 658 2865 4n.
936 2831 975 2858 to
1002 2827 1123 2857 whose
1150 2829 1157 2840 ⁸
1170 2826 1457 2866 correspondent
1474 2826 1480 2834 ¹
1509 2826 1690 2855 Alonndor

159 2870 212 2898 26.
238 2868 363 2898 decem
385 2873 423 2899 et
443 2872 526 2900 octo
548 2870 679 2908 annos]
701 2869 805 2901 Since
827 2880 867 2908 29
936 2881 1021 2911 may
1038 2871 1154 2910 safcly
1174 2871 1287 2900 direct
1313 2871 1452 2900 letters.
1495 2870 1562 2899 His
1584 2880 1689 2899 name

116 2910 209 2941 Nov.
231 2920 324 2951 1514.
935 2925 1061 2945 occurs
1080 2915 1183 2945 twice
1208 2915 1242 2944 in
1262 2914 1325 2944 tlw
1342 2913 1512 2948 Journal,
1537 2913 1688 2946 Omont,

159 2963 210 2993 27.
236 2954 477 2995 Cyprianuml
503 2957 534 2986 A
559 2956 669 2987 letter
693 2958 730 2987 os
754 2957 796 2988 G.
820 2957 865 2987 do
934 2969 997 2998 pp.
1020 2959 1070 2994 18,
1089 2968 1141 2988 20.

115 2997 328 3038 Blocquerio
360 3003 400 3030 to
432 3000 616 3030 Ale-ander
648 3001 718 3037 (ΑΙ.
753 3001 794 3031 Ε.
831 3002 864 3031 ii.
980 3011 1031 3040 30.
1060 3002 1177 3039 Alius]
1196 3002 1259 3031 Sm-
1278 3002 1347 3041 Ep.
1368 3003 1463 3038 2630.
1484 3010 1562 3038 51n.

116 3051 151 3081 p.
193 3043 266 3082 147)
302 3044 486 3074 mentions
520 3054 542 3074 a
575 3045 705 3075 ‘hoino
737 3045 866 3079 fidelis.
980 3055 1031 3085 31.
1059 3045 1322 3085 1002118001311.
1344 3047 1438 3083 2038.
1463 3054 1604 3083 13⁷714n.

1717 1186 1754 1206 10

1714 1460 1751 1490 15

1714 1735 1753 1755 20

1713 2008 1751 2038 25

1711 2283 1751 2312 30

1710 2557 1749 2586 35
