1966 3379
88 151 209 202 2694]
1603 152 1652 188 73

438 259 566 297 2694.
631 256 698 296 To
731 255 975 296 BONIFACE
1010 255 1294 296 AMERBACH.

140 346 257 380 Basle
276 346 358 380 MS.
379 346 466 380 AN.
488 346 565 380 III.
590 356 644 388 15.
666 357 726 391 41.
1323 346 1572 389 (Freiburg)

137 396 183 436 Q.
205 405 263 440 74.
1277 405 1296 427 2
1317 395 1477 438 August
1500 405 1605 437 1532.

118 463 191 501 [An
208 462 361 503 original
378 462 499 499 letter,
517 462 725 502 autograph
743 462 983 502 throughout.
1032 461 1109 492 The
1128 470 1187 491 ΜΞ.
1207 462 1236 491 is
1254 465 1337 492 torn
1357 462 1392 491 in
1411 472 1479 492 one
1497 461 1626 500 place]

145 521 183 559 S.
208 522 395 559 Rursum
418 523 559 571 <m>isi
580 521 789 559 famulum
816 534 970 565 meum,
994 525 1042 558 vt
1064 525 1181 558 certo
1205 521 1413 570 gaudeam
1437 525 1478 558 te
1500 534 1654 558 conua-

88 576 225 621 luisse,
257 577 396 614 adhuc
427 578 538 614 enim
570 577 721 613 anxius
752 580 795 613 et
826 588 980 626 anceps
1014 588 1107 613 sum
1143 576 1284 612 animi.
1342 575 1395 612 Τὸ
1432 575 1657 612 ἐπιστόλιον

90 631 227 668 ἐνθάδε
258 631 585 680 ἐγκεκλεισμένον
615 630 678 668 διὰ
703 635 774 667 τοῦ
800 630 957 668 οἰκέτου
983 634 1057 667 σοῦ
1083 630 1210 679 λάθρα
1238 629 1407 679 πέμψεις
1434 634 1491 678 τῷ
1525 629 1656 679 Ἱερω-

89 686 198 735 νύμῳ
220 686 437 735 Φροβενίῳ,
461 687 533 724 sed
554 685 677 735 χωρὶς
696 686 942 731 admoneto,
970 685 1025 725 ὡς
1051 685 1172 734 μόνος
1200 684 1494 734 ἀναγιγνώσκῃ,
1521 685 1581 721 ἵνα
1602 684 1657 734 μὴ

92 740 144 789 [0‘]
168 740 284 781 οὗτος
305 740 398 790 ἐμὸς
419 741 650 790 παμμίαρος
670 739 962 789 αἶσθά[ι]νοιτο.
1006 740 1120 778 Bene
1141 740 1248 777 vale.
1679 749 1696 778 5

146 796 327 834 Postrid.
351 795 437 833 Cal.
461 796 566 845 Aug.
594 805 710 843 1532.

146 867 322 905 Doctori
343 867 640 905 Amerbachio.

357 996 485 1046 2695.
551 1005 618 1045 ΤΟ
640 1005 771 1045 JOHN
795 1003 993 1045 GEORGE
1017 1004 1396 1045 PAUNGARTNER.

141 1095 426 1129 Demosthenis
445 1095 578 1140 Opera
601 1105 705 1138 1532.
727 1095 782 1129 εἰ).
1362 1093 1569 1137 Freiburg.

141 1145 268 1179 Lond.
290 1145 427 1179 xxviii.
452 1148 519 1178 26:
550 1146 631 1179 LB.
657 1146 761 1178 1228.
1285 1154 1304 1177 2
1326 1144 1484 1186 August
1507 1153 1612 1185 1532.

137 1212 229 1250 [The
256 1212 402 1253 preface
434 1215 473 1243 to
501 1212 739 1253 Herwagen's
772 1212 1032 1248 Demosthenes,
1063 1211 1183 1247 Basle,
1217 1210 1317 1251 Sept.
1354 1220 1446 1250 1532.
1497 1210 1568 1241 For
1599 1210 1663 1240 the

93 1256 300 1287 reluctance
317 1257 354 1287 of
372 1256 548 1287 Erasmus
565 1261 604 1287 to
621 1257 724 1287 write
742 1257 816 1287 this
833 1256 979 1297 preface
996 1266 1055 1287 see
1073 1256 1143 1296 Ep.
1162 1256 1276 1293 2686]

135 1327 229 1354 DES.
254 1327 453 1354 ERASMVS
474 1327 570 1354 ROT.
594 1327 888 1354 ORNATISSIMO
910 1326 1225 1361 ADOLESCENTI,
1248 1325 1407 1352 IOANNI
1429 1324 1624 1352 GEORGIO

642 1382 998 1409 PAVNGARTNERO
1021 1382 1052 1409 S.
1076 1382 1116 1409 D.

150 1443 213 1481 VT
240 1443 422 1481 antehac
450 1445 631 1494 pessime
659 1443 709 1481 de
737 1443 890 1481 studiis
922 1443 1198 1481 merebantur
1226 1442 1296 1479 isti
1328 1441 1400 1491 qui
1428 1441 1664 1491 praesentis

96 1498 235 1536 lucelli
259 1498 496 1548 eupiditate
518 1499 734 1536 maledicis
756 1511 804 1536 ac
826 1498 1022 1536 futilibus
1048 1497 1202 1535 libellis
1229 1496 1469 1546 implebant
1491 1496 1662 1533 orbem:

96 1555 158 1591 ita
179 1553 389 1590 bonorum
411 1555 602 1591 omnium
624 1553 771 1591 fauore
792 1553 908 1603 digni
930 1557 1044 1598 sunt,
1067 1554 1140 1602 qui
1163 1564 1309 1589 curam
1337 1564 1505 1589 omnem
1531 1555 1661 1600 atque

96 1608 352 1646 industriam
388 1608 470 1646 huc
503 1609 728 1646 conferunt
762 1613 810 1646 vt
846 1613 1044 1646 vetustos
1074 1607 1394 1655 multorumque
1428 1606 1664 1643 seculorum

98 1663 461 1702 consentientibus
483 1664 694 1713 suffragiis
716 1664 921 1714 probatos
947 1668 1117 1701 autores
1143 1663 1265 1699 nobis
1294 1665 1508 1706 reuocent,
1539 1661 1665 1710 idque
1686 1679 1703 1708 5

97 1731 193 1756 cum
222 1718 445 1767 dignitate.
506 1719 839 1756 Demosthenem
867 1722 1013 1756 autem
1040 1719 1152 1755 inter
1177 1717 1359 1754 Graecos
1388 1716 1577 1753 rhetores
1608 1717 1665 1753 sic

97 1785 186 1810 esse
208 1774 406 1822 primum,
429 1778 478 1811 vt
502 1775 574 1811 vix
602 1775 794 1811 inuenias
820 1787 945 1823 quem
972 1786 1067 1811 cum
1094 1773 1167 1810 illo
1192 1773 1327 1822 possis
1353 1771 1556 1815 conferre,
1579 1784 1665 1808 ma-

97 1840 204 1877 gnus
225 1828 490 1866 eruditorum
513 1830 702 1866 omnium
731 1841 960 1866 consensus
988 1832 1066 1865 est.
1127 1827 1276 1876 Neque
1304 1839 1389 1864 non
1412 1830 1525 1863 recte
1547 1839 1665 1876 prae-

98 1887 269 1933 ceptum
290 1887 356 1920 est
376 1883 495 1929 illud,
518 1884 584 1921 Ab
607 1885 780 1934 optimis
802 1883 1111 1934 auspicandum
1133 1895 1233 1920 esse.
1286 1882 1431 1930 quue
1449 1881 1666 1930 quondam

97 1937 212 1988 apud
235 1937 412 1975 Latinos
433 1951 454 1975 e
476 1939 786 1988 probatissimis
808 1943 1034 1989 poetarum
1056 1939 1177 1988 pueri
1199 1937 1419 1974 discebant
1447 1936 1667 1973 literarum
1691 1953 1730 1974 10

97 1992 321 2030 elementa.
381 1992 468 2030 Nec
500 1993 541 2031 id
573 1994 818 2031 dissimulat
849 1994 1069 2035 Horatius,
1102 1994 1164 2030 ita
1194 1993 1245 2030 de
1276 1992 1364 2028 suis
1398 1991 1668 2041 poematibus

99 2048 350 2091 vaticinans,

264 2102 356 2140 Hoc
378 2115 546 2152 quoque
569 2107 611 2141 te
633 2108 791 2149 manet,
814 2108 862 2141 vt
884 2115 1035 2153 pueros
1055 2102 1267 2140 elementa
1290 2101 1531 2142 docentem,

264 2157 454 2207 Occupet
475 2159 516 2195 in
538 2159 641 2196 vicis
664 2158 878 2196 Sosiorum
903 2158 1032 2195 balba
1053 2162 1261 2195 senectus,

101 2212 337 2249 Plurimum
358 2213 471 2250 enim
493 2213 635 2259 refert,
658 2215 730 2263 qui
753 2227 902 2251 succus
925 2213 1072 2251 rudem
1094 2213 1330 2250 etiamnum
1358 2211 1512 2261 ingenii
1536 2215 1667 2248 testu·
1694 2227 1729 2256 15

99 2266 183 2304 lam
207 2267 385 2305 imbuat.

157 2322 329 2360 Vtiliter
345 2323 516 2371 quidem
538 2324 719 2373 primam
742 2323 886 2361 Latini
903 2323 1108 2360 sermonis
1126 2322 1445 2359 institutionem
1462 2334 1486 2358 a
1504 2320 1670 2358 selectis

102 2378 237 2426 poetis
265 2377 612 2427 auspicabantur,
642 2379 755 2427 quod
786 2379 826 2415 hi
855 2382 1025 2428 praeter
1054 2378 1238 2414 virtutes
1271 2377 1480 2414 oratorias
1512 2375 1667 2412 habent

102 2431 261 2480 aliquid
292 2433 451 2482 proprii
482 2434 632 2470 nitoris
660 2447 708 2470 ac
738 2433 1030 2475 iucunditatis,
1060 2446 1157 2481 qua,
1188 2431 1308 2469 velut
1337 2444 1445 2470 esca.
1475 2430 1670 2467 dulcibus

104 2487 235 2536 magis
268 2500 397 2536 quam
434 2487 674 2525 salubribus
709 2488 897 2537 gaudens
937 2492 1056 2525 aetas
1091 2487 1304 2525 alliciatur
1339 2486 1393 2523 ad
1429 2485 1669 2522 studiorum
1693 2500 1732 2521 20

103 2553 303 2579 amorem.
363 2542 516 2591 Itaque
542 2544 733 2592 quisquis
756 2543 930 2580 Latinos
960 2548 1107 2592 poetas
1136 2541 1332 2590 intelligit
1366 2541 1520 2577 rectius
1549 2539 1667 2576 iutel-

103 2595 204 2645 liget
235 2601 436 2634 oratores.
496 2597 623 2647 Apud
654 2597 837 2635 Graecos
865 2598 1035 2635 diuersa
1062 2598 1172 2634 ratio
1202 2601 1279 2634 est.
1342 2596 1528 2632 Tantum
1561 2595 1669 2630 enini

104 2650 356 2689 discriminis
387 2656 451 2689 est
482 2653 592 2689 inter
620 2657 841 2702 poctarum
870 2657 913 2689 et
942 2657 1161 2689 oratorum
1190 2652 1419 2688 dictionem
1452 2654 1497 2686 vt
1526 2648 1672 2685 credas

106 2705 199 2742 illos
235 2706 401 2744 diuersa
434 2706 577 2755 lingua
611 2708 737 2756 loqui.
799 2707 944 2756 quue
981 2707 1042 2751 fit,
1074 2711 1121 2743 vt
1154 2707 1225 2755 qui
1257 2719 1281 2742 a
1312 2706 1448 2754 poetis
1482 2704 1669 2740 fecerunt

107 2760 389 2799 institutionis
411 2761 715 2807 rudimentum,
738 2775 869 2811 quum
891 2762 945 2799 ad
967 2766 1184 2799 oratorum
1216 2761 1438 2797 lectionem
1466 2772 1553 2795 sese
1576 2770 1670 2794 con-
1694 2772 1731 2801 25

442 2834 539 2863 2694.
565 2845 595 2874 4.
622 2834 813 2864 admonito
830 2834 911 2864 MS.
1004 2831 1234 2872 ἀναγιγνώσκη
1252 2832 1333 2862 MS.

151 2920 246 2950 2694.
276 2931 303 2950 1.
330 2921 524 2959 famulum]
544 2922 633 2952 ‘itho
651 2922 855 2952 Iacobusof
969 2921 1064 2951 2695.
1094 2930 1143 2950 11.
1172 2918 1364 2955 Horatius]
1391 2918 1457 2956 Ep.
1485 2926 1511 2947 1.
1538 2926 1587 2947 ιο,
1614 2925 1674 2954 17-

108 2964 177 3004 Ep.
219 2968 313 3002 2652.
341 2966 406 2999 8η;
444 2965 517 2996 and
561 2966 624 2996 the
671 2965 856 3004 παμμίαρος
928 2964 1211 3004 181nisquoted2
1238 2963 1283 2993 cf.
1306 2972 1332 2992 1.
1353 2972 1404 2992 zo.
1424 2971 1452 2991 2.

109 3007 266 3038 referred
284 3013 322 3038 to
340 3009 376 3038 in
394 3009 415 3038 l.
436 3019 466 3047 5.
