1966 3379
265 110 344 147 210
697 107 956 147 LETTERS
988 107 1059 147 oF
1089 107 1359 147 ERASMUS
1723 111 1846 159 [1533

322 214 500 263 Magnus
535 213 604 251 1110
637 226 685 251 00
719 213 920 251 mirificus
956 213 1160 251 Erasmus
1193 225 1319 262 quem
1352 216 1395 250 te
1431 213 1586 251 vidisse
1625 213 1847 264 praedicas

206 283 245 305 10
264 269 368 306 mihi
389 281 560 319 prorsus
582 269 752 318 ignotus
772 273 850 314 est,
873 281 948 306 nec
971 281 1152 318 vsquam
1175 269 1291 305 visus
1312 272 1389 306 aut
1410 268 1597 306 auditus.
1651 268 1847 307 Deterior

264 324 337 361 illa
365 337 463 373 pars
491 324 574 361 iam
603 323 727 373 plane
755 323 885 372 σῦφαρ
913 328 990 361 cst.
1052 323 1227 360 Vtinam
1254 323 1402 360 melior
1428 322 1501 360 illa
1528 323 1595 360 vel
1623 323 1768 373 aliqua
1794 336 1846 361 ex

265 384 388 429 parte
423 378 644 416 accederet
676 378 731 416 ad
764 379 891 416 istam
925 378 1188 428 praeclaram
1225 378 1450 428 imaginem
1484 390 1613 427 quam
1648 378 1771 416 nobis
1803 379 1845 416 in

263 433 445 483 epistola
468 438 543 471 tua
565 433 769 483 depingis.
831 432 911 471 Sed
936 434 1012 471 hac
1035 433 1086 470 de
1108 445 1151 470 re
1173 437 1315 470 tecum
1337 445 1422 470 non
1444 432 1696 483 disceptabo
1716 433 1845 483 pluri-

266 489 356 526 bus.
418 487 460 525 Si
482 488 584 537 quid
615 489 657 525 in
688 501 754 526 me
785 488 885 526 boni
916 492 994 533 est,
1027 488 1105 525 Dei
1137 488 1298 525 donum
1330 492 1418 525 est:
1457 500 1532 525 nec
1563 487 1641 525 tibi
1673 501 1845 538 possum

208 558 244 588 15
266 544 444 581 honeste
466 556 723 589 succensere,
741 544 808 581 cui
830 543 929 581 talis
952 544 1068 580 visus
1089 547 1154 580 est
1176 542 1379 580 Erasmus
1402 555 1476 592 per
1497 542 1698 580 nebulam
1716 555 1845 592 quam

264 612 384 636 amor
406 598 658 636 immodicus
683 602 728 635 et
755 598 981 648 singularis
1010 599 1164 647 ingenii
1190 599 1255 635 tui
1283 597 1442 635 candor
1467 597 1599 635 oculis
1625 598 1711 635 tuis
1740 598 1844 635 offu-

265 654 373 691 disse
405 653 618 703 videntur.
680 654 746 691 Ex
776 653 925 691 codem
957 653 1077 691 fonte
1112 657 1262 690 manat
1294 653 1377 690 ista
1408 652 1655 702 gratulatio,
1687 665 1772 702 qua
1804 654 1845 690 in

264 722 421 759 magna
447 708 668 746 felicitatis
697 713 819 759 parte
847 709 969 758 ponis
997 708 1111 757 quod
1141 708 1458 745 Erasmicorum
1486 708 1721 745 amicorum
1748 707 1847 745 albo

265 765 493 813 contigerit
514 763 702 801 asscribi.
763 763 821 801 At
842 776 919 813 ego
941 763 1080 801 multo
1108 762 1358 801 iustioribus
1384 763 1436 800 de
1463 763 1602 800 causis
1627 762 1730 800 mihi
1754 775 1844 812 gra-

204 834 245 855 20
265 819 391 865 tulor,
414 819 482 857 cui
504 823 594 856 tam
616 818 797 857 feliciter
821 819 993 856 cesserit
1020 818 1223 868 perfricta
1251 817 1369 855 frons
1392 822 1437 856 et
1464 817 1682 855 abstersus
1707 818 1846 868 pudor

264 879 314 912 vt
335 875 570 912 amicorum
593 874 837 923 catalogum
860 878 950 911 tam
972 873 1196 923 splendido
1218 873 1387 910 nomine
1408 873 1612 910 auxerim.

320 929 370 967 Id
392 942 442 967 eo
458 942 629 979 quoque
647 929 815 966 charius
833 934 909 974 est,
928 928 1043 978 quod
1062 928 1254 978 superior
1270 940 1406 965 annus
1423 928 1663 978 praecipuis
1680 927 1846 977 aliquot

263 985 409 1022 amicis
430 984 644 1034 ademptis
666 985 708 1021 in
730 984 993 1034 possessione
1010 983 1148 1021 multo
1164 983 1473 1033 preciosissima
1490 995 1575 1020 non
1592 982 1847 1021 mediocrem

263 1040 509 1090 pauperiem
535 1039 639 1077 mihi
666 1039 825 1076 fecerit.
878 1039 990 1076 Nam
1022 1042 1070 1076 vt
1101 1051 1289 1075 summos
1320 1042 1493 1075 tantum
1524 1050 1778 1083 recenseam,
1805 1039 1846 1075 in

204 1110 242 1139 25
264 1095 417 1145 Anglia
438 1095 563 1144 periit
580 1093 846 1132 Guilhelmus
864 1094 1105 1131 Vuaramus
1126 1093 1481 1142 Archiepiscopus
1501 1091 1821 1130 Cantuariensis
1838 1107 1845 1130 :

264 1150 453 1188 Viennae
474 1150 516 1187 in
539 1150 748 1187 comitatu
771 1148 961 1187 Caesaris
982 1148 1185 1186 Alfonsus
1203 1147 1438 1193 Valdesius,
1457 1148 1541 1185 iam
1563 1160 1756 1197 magnus,
1774 1147 1847 1185 sed

262 1205 436 1243 futurus
462 1205 495 1241 si
522 1205 699 1242 vixisset
725 1204 951 1241 maximus.
1013 1203 1063 1241 In
1089 1202 1266 1241 Polonia
1293 1201 1626 1253 Christophorus
1651 1215 1675 1240 a
1701 1201 1845 1240 Schid-

263 1260 442 1305 louuicz,
471 1260 561 1297 eius
592 1260 708 1309 regni
736 1271 960 1308 supremus
985 1257 1283 1303 Cancellarius,
1311 1258 1378 1296 cui
1407 1258 1551 1296 dicata
1576 1261 1643 1295 est
1668 1257 1844 1307 Lingua.

264 1315 399 1353 Recte
429 1315 594 1352 factum
626 1314 742 1363 quod
773 1313 1008 1352 Hollandia
1040 1318 1082 1351 te
1115 1314 1159 1350 in
1192 1312 1365 1351 sublimi
1397 1313 1570 1363 specula
1602 1312 1846 1358 collocauit,

202 1384 243 1414 30
263 1383 347 1420 quo
377 1370 511 1419 magis
540 1370 676 1419 possis
707 1368 889 1419 Reipub.
916 1369 1180 1418 prospicere3
1212 1380 1321 1417 quae
1351 1380 1476 1413 nunc,
1506 1372 1556 1406 vt
1585 1367 1725 1413 audio,
1752 1372 1847 1418 eget

263 1425 450 1463 cordatis
465 1429 509 1462 et
527 1424 806 1474 vigilantibus
823 1423 1159 1462 excubitoribus.
1202 1422 1304 1469 Quis
1321 1435 1512 1472 anuam
1529 1423 1644 1472 legit,
1663 1422 1844 1468 audiuit,

262 1484 339 1518 aut
362 1480 472 1517 vidit
493 1479 683 1517 seculum
707 1479 785 1517 hoc
807 1478 1102 1516 turbulentius
1123 1482 1165 1516 et
1187 1479 1403 1528 iniquius?

320 1534 400 1573 Sed
422 1535 565 1573 valeat
583 1535 849 1584 querimonia
870 1533 975 1571 nihil
995 1533 1235 1584 profutura.
1279 1532 1401 1579 Quod
1424 1537 1471 1571 vt
1494 1534 1685 1571 animum
1707 1533 1846 1570 curiae

262 1591 444 1640 negotiis
466 1590 766 1628 lassescentem
788 1588 952 1627 reficias
973 1594 1016 1627 te
1038 1588 1146 1627 soles
1167 1588 1222 1626 ad
1238 1601 1354 1626 meas
1376 1588 1707 1633 lucubrationes,
1727 1587 1845 1625 velut

202 1660 242 1690 35
263 1646 307 1682 in
325 1645 574 1682 viridarium
591 1644 823 1694 quoddam,
842 1645 1039 1694 recipere,
1057 1644 1223 1682 vtinam
1246 1644 1288 1681 in
1306 1643 1441 1681 hortis
1464 1643 1546 1680 illis
1562 1644 1666 1681 meis
1682 1642 1846 1692 aliquid

263 1704 375 1738 esset
408 1700 524 1749 quod
560 1700 627 1737 vel
669 1699 814 1737 oculos
854 1699 922 1736 vel
955 1712 1080 1736 nares
1115 1698 1180 1736 vel
1214 1698 1408 1748 palatum
1445 1702 1591 1748 posset
1631 1698 1846 1735 oblectare

262 1755 441 1793 Colsteri
464 1755 646 1793 hominis
668 1754 971 1792 delicatissimi.
1033 1753 1206 1792 Steriles
1231 1758 1344 1799 sunt,
1366 1757 1444 1791 aut
1470 1754 1503 1790 si
1529 1752 1632 1802 quid
1657 1754 1844 1803 pariunt,

263 1810 363 1848 beta
384 1814 462 1856 est,
485 1814 562 1848 aut
584 1809 740 1855 malua,
759 1814 837 1847 aut
858 1822 1045 1859 porrum,
1070 1813 1118 1846 vt
1140 1809 1224 1846 iam
1246 1808 1361 1846 absit
1382 1809 1522 1846 cicuta
1544 1812 1588 1845 et
1609 1809 1843 1853 aconitum,

262 1878 371 1915 quae
391 1878 478 1903 non
501 1865 646 1903 abesse
668 1865 860 1902 clamant
881 1865 952 1902 isti
974 1877 1081 1914 quos
1102 1868 1151 1901 tu
1173 1863 1311 1914 lepide
1328 1876 1456 1902 vocas
1478 1863 1614 1901 barba
1630 1862 1846 1913 pallioque

200 1935 242 1966 40
261 1920 481 1958 verendos.

317 1975 379 2013 De
402 1976 505 2021 viro,
529 1975 581 2013 de
603 1987 688 2025 quo
705 1974 808 2025 quid
830 1975 1010 2012 sentiam
1033 1987 1167 2024 rogas,
1186 1973 1527 2023 magnificentius
1550 1985 1698 2011 censeo
1715 1985 1845 2022 quam

262 2028 383 2068 vt'de
405 2031 494 2068 eius
522 2031 689 2080 ingenio
716 2042 941 2067 censuram
968 2029 1077 2067 ferre
1105 2029 1276 2079 possim.
1338 2028 1513 2066 Librum
1542 2041 1628 2066 non
1657 2028 1749 2078 legi,
1773 2028 1846 2065 sed

261 2089 415 2123 nactus
446 2098 542 2123 eum
575 2085 860 2131 commodato,
892 2097 1025 2134 quum
1056 2084 1099 2121 id
1130 2084 1336 2133 temporis
1366 2083 1420 2121 ob
1450 2083 1645 2121 assiduos
1680 2083 1846 2121 labores

262 2153 348 2178 non
369 2141 546 2178 daretur
566 2141 705 2178 ocium
727 2140 857 2185 aliud,
881 2139 984 2177 mihi
1006 2152 1029 2177 a
1055 2152 1187 2177 coena
1214 2138 1502 2176 inambulanti
1529 2137 1716 2176 famulus
1744 2139 1844 2175 reci-

201 2210 242 2240 45
262 2196 388 2241 tauit,
411 2195 540 2245 idque
561 2196 757 2246 carptim,
776 2194 942 2233 selectis
963 2194 1129 2244 aliquot
1151 2193 1377 2243 capitibus
1434 2192 1563 2231 Cuius
1584 2197 1677 2230 erat
1698 2193 1844 2239 codex,

262 2263 348 2288 non
369 2263 518 2300 passus
540 2254 605 2288 est
625 2263 723 2288 eum
745 2250 907 2288 diutius
928 2249 1045 2300 apud
1066 2262 1133 2286 me
1154 2261 1338 2286 manere.
1399 2248 1464 2286 Ex
1487 2261 1536 2286 eo
1558 2248 1845 2297 qualicunque

262 2309 392 2355 gustu
413 2305 673 2355 deprehendi
698 2305 915 2343 hominem
942 2317 1030 2342 esse
1058 2304 1249 2342 ardentis
1277 2304 1444 2353 ingenii,
1467 2304 1610 2340 variae
1638 2303 1844 2348 lectionis,

262 2365 306 2398 et
332 2360 497 2398 multae
524 2361 766 2405 memoriae,
797 2359 955 2397 alicubi
985 2363 1132 2397 tamen
1162 2360 1321 2397 maiore
1352 2358 1473 2408 copia
1501 2371 1631 2407 quam
1662 2357 1844 2403 delectu,

262 2427 311 2453 ac
333 2415 520 2453 dictione
548 2415 819 2453 tumultuosa
840 2415 981 2452 verius
1003 2427 1133 2464 quam
1161 2414 1411 2463 composita.
1472 2413 1523 2451 In
1551 2413 1668 2450 omni
1694 2425 1846 2462 genere

202 2484 244 2514 50
262 2483 404 2508 rerum
436 2470 657 2520 vituperat
691 2469 817 2515 mala,
852 2469 1003 2507 laudat
1036 2469 1160 2506 bona.
1220 2467 1301 2506 Sed
1341 2471 1443 2506 sunt
1478 2468 1551 2517 qui
1585 2467 1690 2505 nihil
1729 2466 1846 2505 aliud

263 2526 477 2562 sustinent
498 2537 628 2574 quam
656 2524 834 2562 laudari.
895 2524 1034 2562 Hodie
1058 2523 1258 2573 respondi
1284 2523 1398 2560 illius
1426 2523 1481 2560 ad
1509 2535 1575 2560 me
1602 2522 1749 2567 literis,
1772 2522 1844 2560 ad-

263 2593 441 2618 monens
472 2584 532 2625 vt,
570 2581 603 2617 si
639 2592 724 2629 qua
759 2580 906 2629 possit,
941 2579 994 2616 ab
1027 2578 1092 2616 his
1127 2578 1263 2616 turbis
1296 2590 1385 2615 sese
1416 2578 1846 2615 extricet—minatur

263 2635 376 2672 enim
398 2647 439 2672 se
462 2635 546 2672 iam
568 2635 682 2672 iusto
704 2635 842 2672 Marte
863 2633 973 2672 velle
994 2646 1091 2671 cum
1112 2633 1322 2683 theologis
1347 2632 1594 2682 confligere:
1628 2632 1670 2670 id
1698 2632 1732 2669 si
1758 2644 1844 2669 non

263 2691 411 2740 possit,
433 2694 475 2727 et
499 2690 671 2727 omnino
693 2690 897 2727 statuerit
924 2689 1059 2726 iacere
1085 2688 1235 2733 aleam,
1258 2688 1345 2725 duo
1369 2687 1625 2738 prospiciat:
1659 2686 1843 2724 alterum

201 2759 243 2789 55
264 2748 314 2782 vt
333 2750 495 2794 pugnet
517 2745 560 2781 in
581 2749 691 2790 tuto,
714 2757 766 2781 ne
789 2757 831 2781 se
853 2744 1051 2781 coniiciat
1072 2743 1116 2780 in
1137 2755 1290 2780 manus
1317 2742 1506 2780 hostium
1527 2743 1600 2791 qui
1627 2754 1704 2779 nec
1732 2742 1845 2779 vinci

263 2804 443 2850 possunt
464 2806 540 2837 nec
556 2799 737 2849 placari:
764 2798 948 2837 alterum
965 2811 1018 2836 ne
1034 2811 1101 2836 me
1119 2810 1196 2835 suo
1212 2797 1447 2835 admisceat
1463 2797 1647 2846 negotio.
1689 2795 1844 2834 Scribit

584 2897 636 2927 31.
662 2887 810 2918 audiuit
827 2887 931 2918 LN2:
956 2886 1063 2918 audit
1079 2886 1133 2917 Nl
1149 2886 1264 2916 Lond.
1280 2897 1286 2916 :
1312 2885 1431 2916 audiit
1449 2885 1523 2916 LB.

307 2986 360 3017 41.
386 2975 480 3014 viro]
497 2975 686 3006 Cornelius
704 2976 883 3017 Agrippa,
901 2985 942 3006 as
959 2984 1118 3016 appears
1136 2974 1230 3006 from
1248 2973 1480 3015 compa-rison
1498 2973 1589 3004 with
1606 2972 1676 3014 Ep.
1695 2974 1792 3012 2796.
