1966 3379
209 105 260 141 86
649 102 907 141 LETTERS
938 102 1009 141 OF
1039 102 1306 141 ERASMUS
1660 105 1782 152 [1532

209 208 450 251 honorario,
484 208 517 244 si
550 221 666 245 meae
698 207 930 245 facultates
961 207 1263 257 responderent
1296 207 1440 244 animo
1471 220 1577 253 meo,
1606 209 1783 257 aequius

150 277 189 297 10
208 267 301 299 erat
332 268 379 299 vt
411 263 498 312 ipse
529 263 608 299 tibi
639 276 714 312 pro
744 267 809 300 tot
839 263 986 300 officiis
1017 263 1057 299 in
1089 275 1154 299 me
1183 261 1402 299 collocatis
1432 262 1593 312 aliquid
1621 264 1784 311 gratiae

209 330 469 366 reponerem.
531 317 704 354 Vtinam
728 317 961 355 Lusitanus
987 322 1133 354 orator
1162 330 1237 366 pro
1266 329 1438 354 saccaro
1468 318 1650 354 misisset
1681 317 1782 355 Hol-

208 372 376 409 landica
398 371 552 409 lintea!

264 427 551 476 Hieronymus
574 427 808 464 Frobenius
825 428 989 476 optima
1012 427 1092 464 fide
1115 427 1360 463 numerauit
1382 426 1483 464 mihi
1506 439 1717 464 summam
1741 428 1783 464 in

208 481 376 519 florenis
398 481 556 531 probae
579 486 775 519 monetae
800 482 985 531 bonique
1009 482 1220 531 ponderis.
1274 481 1361 518 Nec
1379 487 1443 518 est
1461 482 1576 531 quod
1598 482 1782 528 dubites,

150 550 186 580 15
208 537 240 573 si
264 536 364 585 quid
389 536 499 573 illius
522 536 718 573 manibus
739 538 1009 574 commissum
1033 537 1126 574 erit.

263 591 390 628 Hunc
413 590 638 636 Quirinum
662 591 926 629 Hollandum
956 591 1165 628 famulum
1195 604 1355 629 nouum
1385 604 1433 628 ac
1464 591 1611 629 rudem
1640 605 1782 630 eman-

207 646 307 683 daui
331 647 371 683 in
394 646 605 693 Angliam,
630 650 679 683 vt
701 660 774 696 per
795 660 891 683 eum
915 647 1097 684 certiora
1120 646 1331 695 quaedam
1355 659 1621 695 cognoscam.
1672 647 1783 684 Nam

207 706 309 738 sunt
331 714 437 750 quos
464 701 644 738 habeam
676 706 911 751 suspectos,
941 702 1013 750 qui
1043 705 1208 738 veteres
1236 702 1395 738 amicos
1423 706 1634 739 conantur
1662 715 1687 740 a
1719 715 1784 739 me

207 756 403 794 alienare.

146 824 187 844 20
264 810 386 848 Hanc
418 810 592 848 (1011111111
626 812 683 848 sic
716 812 887 849 extruxi
921 816 968 848 vt
1002 811 1198 848 videatur
1231 811 1333 848 mihi
1365 811 1513 848 futura
1544 811 1782 849 commoda.

208 865 388 903 Animus
411 870 555 903 tamen
579 878 698 903 meus
723 871 788 903 est
811 867 851 903 in
876 866 1077 903 Flandria
1106 870 1149 903 et
1180 866 1428 903 Brabantia.
1490 866 1569 903 Sed
1597 866 1688 903 fata
1711 866 1783 903 ob-

207 924 340 958 stant.
401 919 514 970 Opto
538 925 579 958 te
601 934 697 958 cum
720 922 806 958 tuis
828 934 956 970 quam
982 922 1215 958 rectissime
1238 921 1391 958 valere.

262 975 458 1025 Friburgi
481 983 586 1013 sex0.
610 974 696 1013 Cal.
721 975 958 1026 Septembr.
1019 976 1097 1013 An.
1125 986 1240 1023 1532.

262 1030 360 1068 Noli
382 1032 611 1080 quicquam
636 1035 778 1080 petere
801 1044 825 1068 a
848 1031 1006 1068 Ioanne
1030 1031 1081 1068 dc
1109 1031 1267 1068 Hondt.
1330 1031 1406 1068 Ille
1433 1032 1648 1081 pensionis
1676 1044 1783 1069 onus

146 1097 186 1127 25
208 1085 435 1123 transtulit
457 1087 499 1122 in
523 1090 588 1123 ter
610 1085 856 1133 theologum
882 1086 1055 1123 Petrum
1082 1086 1336 1123 Barbirium.

263 1141 319 1177 Et
356 1140 596 1178 Lodouicus
632 1154 657 1177 a
692 1140 844 1178 Castro
880 1141 1052 1178 videtur
1092 1141 1253 1190 aliquid
1292 1143 1446 1190 petisse
1483 1141 1537 1179 ab
1574 1142 1785 1192 Episcopo

207 1194 411 1234 Roffensi.
473 1195 551 1233 Ille
573 1195 677 1233 nihil
700 1195 840 1233 debet.

262 1267 441 1317 Egregie
464 1268 555 1305 viro
576 1267 626 1305 D.
652 1267 831 1305 Erasmo
853 1266 1021 1306 Scheto.
1083 1267 1368 1318 Antwerpiae.

477 1454 606 1492 2705.
672 1451 810 1492 FROM
835 1451 974 1492 INIGo
998 1451 1153 1492 LOPEs
1178 1463 1239 1491 DE
1263 1451 1514 1492 MENDozA.

256 1541 418 1586 Leipzig
437 1541 519 1575 MS.
1497 1543 1637 1576 Rome.

256 1591 340 1625 EE.
365 1593 446 1634 176.
1386 1593 1428 1624 28
1449 1593 1607 1635 August
1631 1602 1736 1635 1532.

251 1658 323 1696 [An
349 1659 502 1698 original
527 1659 648 1695 letter,
670 1659 717 1690 all
743 1659 779 1689 in
800 1659 863 1690 the
886 1669 985 1689 same
1009 1659 1120 1695 hand,
1141 1659 1300 1699 perhaps
1323 1660 1544 1699 autograph.
1595 1659 1665 1689 For
1683 1659 1788 1699 Inigo

206 1703 251 1733 de
269 1702 446 1733 Mendoza
463 1713 522 1733 see
540 1703 609 1743 Ep.
629 1706 727 1742 2163.
746 1704 820 1742 5n.]

457 1773 649 1801 INACHVS
672 1774 939 1800 CARDINALIS
962 1774 1015 1800 ET
1039 1773 1272 1801 EPISCOPVS
1295 1773 1542 1800 BVRGENSIS

711 1829 805 1856 DES.
830 1829 1005 1855 ERASMO
1028 1828 1123 1855 ROT.
1148 1829 1179 1856 S.
1195 1829 1229 1855 P.
1248 1829 1287 1856 D.

982 1899 1014 1930 ,1,-

263 1944 422 1982 NVPER
443 1944 498 1981 ad
521 1948 563 1982 te
582 1944 733 1983 literas
755 1945 950 1982 dedimus
973 1957 1067 1981 cum
1091 1944 1349 1993 quibusdam
1376 1944 1576 1982 Stunicae
1604 1949 1786 1982 annota-

208 1998 412 2044 tionibus,
435 2011 542 2048 quas
560 1999 614 2037 ad
632 2004 674 2037 te
692 2000 842 2037 missas
857 2012 881 2036 a
898 1998 1090 2037 Caesaris
1108 2000 1225 2036 curia
1242 2012 1316 2049 per
1334 1999 1578 2037 Valdesium
1596 2000 1787 2037 eiusdem

209 2054 343 2091 literis
365 2054 488 2091 nobis
510 2059 576 2091 est
603 2054 902 2104 significatum.
964 2054 1028 2091 An
1059 2054 1153 2091 illas
1182 2059 1326 2091 tamen
1356 2055 1567 2103 acceperis
1596 2054 1787 2092 nondum

209 2113 477 2158 compertum
510 2109 729 2153 habemus
763 2109 889 2158 idque
921 2109 1154 2146 admodum
1190 2114 1403 2158 optamus,
1438 2122 1489 2146 ne
1523 2109 1686 2147 scilicet
1722 2109 1788 2146 hic

171 2179 188 2208 5
211 2176 389 2213 scrupus
420 2164 591 2201 easdem
624 2177 770 2201 rursus
802 2163 1005 2201 mittendi
1035 2165 1250 2213 suspensis
1279 2164 1402 2201 nobis
1431 2177 1577 2202 curam
1608 2165 1786 2214 ingerat.

210 2218 335 2255 Nunc
357 2218 543 2267 reliquas
566 2219 620 2256 ad
643 2223 684 2256 te
706 2219 932 2263 mittimus,
956 2220 1160 2267 quoniam
1179 2231 1326 2256 omnes
1348 2224 1450 2256 tunc
1468 2219 1705 2256 describere
1724 2222 1789 2266 (vt

211 2273 292 2310 tibi
313 2273 663 2323 significauimus)
686 2286 760 2323 per
782 2274 1002 2323 angustias
1025 2274 1230 2323 temporis
1253 2286 1337 2311 non
1364 2273 1559 2319 licuerat,
1586 2275 1788 2312 nimirum

210 2341 306 2365 cum
330 2327 459 2378 paulo
481 2332 582 2366 ante
604 2341 751 2366 earum
774 2330 896 2378 copia
917 2329 1168 2378 contigisset
1189 2341 1237 2366 ac
1261 2328 1513 2366 tabellarius
1534 2330 1661 2366 citius
1678 2333 1789 2366 esset

210 2383 473 2421 discessurus
495 2396 624 2432 quam
647 2396 794 2421 omnes
816 2383 1038 2421 absoluere
1061 2383 1218 2420 liceret.
1280 2383 1473 2421 Fuerunt
1495 2387 1640 2421 autem
1671 2384 1789 2433 prius

151 2453 192 2474 10
211 2439 363 2475 missae
404 2439 709 2476 annotationes
745 2439 915 2475 circiter
950 2438 1001 2475 80
1040 2439 1081 2475 111
1118 2438 1276 2475 scholia
1314 2442 1388 2475 tua
1422 2451 1548 2488 super
1583 2438 1789 2488 epistolas

212 2493 476 2541 Hieronymi.
537 2492 653 2539 Quae
676 2506 777 2530 vero
799 2506 912 2530 nunc
935 2494 1173 2530 mittuntur
1196 2498 1297 2530 sunt
1323 2503 1397 2541 135
1421 2494 1464 2530 111
1487 2494 1789 2531 annotationes

211 2560 337 2597 super
371 2548 544 2585 Nouum
583 2548 922 2585 Testamentum.
983 2546 1064 2585 Sed
1101 2549 1227 2585 nimis
1265 2561 1412 2585 vereor
1448 2560 1499 2585 ne
1536 2548 1615 2585 tibi
1651 2547 1789 2585 multo

211 2602 354 2652 plures
377 2615 555 2640 numero
583 2615 711 2652 quam
742 2616 785 2640 re
813 2603 985 2640 demum
1013 2602 1255 2640 ¹videantur.
1316 2601 1439 2640 Certe
1467 2602 1590 2640 nobis
1620 2602 1789 2640 illarum

255 2702 352 2732 2704.
383 2712 432 2732 11.
460 2702 625 2740 Vtinam]
671 2702 906 2742 Apparently
945 2712 966 2732 a
1035 2702 1120 2732 that
1149 2701 1283 2732 Valdes
1312 2701 1385 2732 had
1414 2703 1450 2732 in
1479 2702 1555 2732 fact
1584 2700 1789 2732 forwarded

211 2745 290 2775 hint
311 2750 349 2776 to
368 2745 508 2776 Schets.
1035 2746 1179 2776 neither
1191 2745 1399 2776 Mendoza's
1410 2746 1520 2776 letter
1531 2756 1597 2776 nor
1608 2746 1672 2776 the
1684 2750 1790 2775 notes

258 2798 307 2827 13.
335 2790 560 2828 numerauit]
579 2790 643 2820 See
661 2790 731 2830 Ep.
752 2792 847 2828 2625.
867 2798 964 2828 3-19.
1034 2789 1072 2819 of
1090 2789 1242 2819 Stunica
1259 2795 1342 2820 sent
1360 2790 1450 2820 with
1469 2790 1509 2820 it.
1558 2789 1692 2819 Valdes
1705 2788 1789 2818 died

255 2842 352 2872 2415.
379 2843 471 2864 onus
483 2834 692 2873 transtulit]
706 2834 770 2864 See
782 2834 853 2874 Ep.
867 2843 963 2873 2404.
1034 2833 1070 2863 in
1089 2833 1170 2864 Oct.
1193 2842 1273 2872 1532
1292 2833 1367 2863 and
1384 2834 1447 2864 the
1466 2833 1575 2864 letter
1592 2833 1666 2863 and
1683 2838 1790 2863 notes

211 2885 357 2915 29—31n.
1036 2887 1129 2907 were
1162 2877 1277 2907 found
1312 2887 1447 2917 among
1484 2877 1540 2907 his
1572 2887 1706 2917 papers
1742 2877 1790 2915 by

255 2920 353 2950 2705.
382 2930 410 2951 1.
437 2921 577 2959 literas]
618 2922 694 2952 Not
736 2925 881 2952 extant.
931 2920 967 2951 It
1036 2920 1226 2955 Mendoza,
1267 2921 1348 2951 who
1396 2922 1485 2951 then
1528 2920 1676 2951 himself
1718 2920 1788 2950 dis-

211 2964 332 2995 would
359 2975 500 3005 appear
528 2966 622 2996 from
652 2966 722 3006 Ep.
749 2974 845 3004 2905.
871 2974 965 3001 1-10,
1036 2965 1197 3005 patched
1216 2965 1318 2995 thern
1336 2970 1375 2995 to
1393 2965 1581 2995 Erasmus.
