1966 3379
138 115 258 165 2938]
406 114 565 154 FROM
594 114 746 153 JOHN
776 111 1061 152 GENESIUS
1092 107 1432 149 SEPULVEDA
1628 104 1706 142 393

137 232 304 257 curasse
334 223 479 257 tamen
509 219 744 268 diligenter,
773 222 822 255 vt
850 218 929 254 tibi
955 217 1092 266 primo
1120 225 1290 263 quoque
1317 216 1507 260 tempore
1535 208 1708 246 chartae

139 274 248 318 illae,
278 274 497 311 Bononiae
519 274 573 311 ab
597 273 757 311 Inacho
777 271 989 310 Cardinali
1017 273 1224 319 receptae,
1248 279 1394 304 rursus
1419 265 1707 302 mitterentur.

140 328 262 374 Quod
284 333 326 365 te
349 329 494 366 scribis
522 341 574 366 ex
599 328 733 366 literis
761 327 892 377 ipsius
920 325 1178 363 intellexisse
1206 322 1457 359 morientem
1487 317 1708 355 Stunicam
1729 329 1747 358 5

139 383 364 421 mandasse
395 396 446 420 ne
476 384 702 432 quicquam
733 394 879 419 earum
910 379 1134 417 aederetur
1166 379 1209 414 in
1236 376 1400 424 vulgus,
1430 372 1503 410 sed
1531 372 1584 409 ad
1612 376 1710 408 tuos

140 450 240 475 vsus
268 438 310 474 in
333 438 490 475 bonum
518 437 735 487 publicum
764 438 1095 478 reseruarentur‚
1125 432 1203 469 hoc
1231 443 1307 480 ego
1335 442 1419 466 non
1449 426 1710 476 ignorabam,

140 493 213 541 qui
234 492 344 529 idem
367 493 446 530 tibi
467 492 631 529 fueram
654 492 696 528 in
720 489 1006 539 Antapologia
1027 491 1226 525 testatus.
1277 483 1489 534 Expedire
1511 494 1636 531 porro
1658 480 1711 517 ad

140 547 300 584 famam
322 545 522 584 Stunicae
544 559 596 583 ne
616 547 885 589 emittantur,
908 547 1135 594 propterea
1162 540 1275 590 quod
1303 538 1441 576 multa
1469 538 1555 573 sint
1584 536 1626 572 in
1654 535 1712 571 eis

139 601 295 638 friuola
327 606 371 639 et
405 613 626 651 perperam
664 600 931 649 reprehensa,
967 597 1046 635 tibi
1081 596 1196 634 haud
1231 593 1458 632 difficulter
1489 590 1710 628 assentiar.
1736 602 1774 622 10

141 655 222 693 Sed
244 660 291 693 tu
313 656 499 693 vicissim
522 655 720 704 intelligis
742 655 820 692 hoc
842 653 975 691 nihilo
1001 652 1134 700 magis
1161 650 1215 688 ad
1245 654 1365 687 tuam
1393 646 1562 684 laudem
1585 645 1712 694 perti-

141 723 253 755 nere,
290 711 361 759 qui
401 710 548 748 fateris
588 709 767 747 eundem
808 708 948 746 multa
988 707 1094 744 bene
1133 704 1408 755 perspexisse.
1459 700 1713 748 Quanquam

142 765 272 814 igitur
307 766 516 802 neminem
552 769 658 814 puto
693 764 1019 801 commissurum
1051 765 1099 798 vt
1130 760 1358 809 quicquam
1391 756 1517 794 aedat
1548 753 1721 803 praeter‘

142 820 301 856 mortui
322 819 605 864 voluntatem,
631 819 856 868 postremis
877 817 1053 854 vocibus
1082 819 1302 855 testatam,
1331 812 1412 849 erit
1440 815 1586 848 tamen
1616 813 1715 845 tuae

144 874 425 911 humanitatis
442 886 515 923 per
531 874 793 911 occasionem
811 873 948 910 facere
963 875 1011 908 vt
1030 870 1220 907 homines
1235 867 1475 912 intelligant
1494 864 1714 901 Stunicam
1739 874 1776 903 15

144 942 170 966 a
190 933 233 966 te
254 941 339 966 non
363 941 534 978 prorsus
561 928 686 965 laude
715 941 791 965 sna
820 928 947 964 fuisse
975 925 1249 963 fraudatum:
1283 927 1329 959 vt
1353 920 1476 958 simul
1500 924 1576 956 tuo
1602 930 1717 954 more

144 983 335 1032 fungaris
374 983 510 1021 officio
546 983 645 1020 boni
680 983 772 1025 viri,
808 981 932 1019 simul
968 992 1117 1018 ansam
1151 978 1279 1015 tollas
1315 975 1552 1015 aeditioniS,
1589 984 1717 1022 quam

145 1044 290 1087 posset
307 1039 516 1087 quispiam
539 1038 723 1087 arripere
740 1036 1047 1086 ingratitudine
1065 1037 1303 1084 praetenta.
1355 1029 1471 1068 Nihil
1493 1033 1557 1065 est
1574 1032 1717 1064 autem

146 1092 261 1141 quod
297 1093 509 1142 specimen
546 1091 936 1141 (quemadmodum,
973 1091 1007 1127 si
1037 1089 1177 1133 velim,
1215 1086 1440 1137 polliceris)
1478 1083 1717 1132 aliquorum

146 1159 366 1196 perperam
408 1147 462 1184 ab
501 1146 676 1184 Stunica
715 1146 1066 1196 reprehensorum
1101 1145 1251 1180 mittas
1286 1141 1340 1178 ad
1380 1153 1466 1178 me:
1510 1138 1577 1175 cui
1616 1136 1719 1174 nihil
1740 1148 1781 1169 20

146 1202 288 1239 minus
312 1206 377 1239 est
403 1202 670 1251 propositum
692 1214 821 1250 quam
850 1200 1051 1238 Stunicae
1079 1200 1122 1236 in
1150 1198 1265 1235 omni
1292 1208 1419 1233 causa
1447 1192 1719 1243 patrocinari,

146 1257 397 1306 praesertim
414 1260 565 1294 contra
586 1260 641 1301 te,
663 1256 956 1293 aduersarium
973 1253 1320 1304 potentissimum
1338 1254 1380 1287 et
1397 1261 1523 1298 quem
1545 1247 1720 1284 summis

148 1311 238 1360 ipse
255 1311 356 1348 viris
377 1323 521 1360 parem
543 1323 707 1360 semper
728 1311 925 1353 indicaui,
948 1315 992 1347 et
1013 1309 1067 1346 ob
1089 1321 1182 1345 eam
1205 1319 1293 1344 rem
1311 1305 1491 1343 obseruo
1508 1305 1719 1339 amanter-

148 1378 229 1414 que
264 1365 368 1403 colo.
420 1365 507 1403 Nec
536 1365 689 1403 dubito
717 1378 793 1415 pro
815 1370 892 1403 tua
920 1364 1151 1415 prudentia
1179 1363 1283 1411 quin
1311 1361 1394 1397 iam
1424 1357 1595 1395 sublata
1623 1368 1719 1394 con-

148 1421 342 1458 tentione
382 1421 559 1469 ingenue
594 1420 648 1457 sis
682 1421 997 1458 admonitiones
1031 1418 1235 1461 defuncti,
1272 1425 1548 1465 quascunque
1585 1415 1722 1448 rectas
1743 1421 1782 1450 25

148 1476 381 1524 putaueris,
402 1475 676 1512 admissurus.

207 1530 268 1566 De
304 1530 434 1567 verbo
471 1530 592 1567 Pauli
625 1534 831 1579 συστοιχεῖ
865 1530 919 1567 sit
956 1530 1059 1566 satis
1095 1526 1376 1566 admonuisse.
1438 1522 1540 1560 Mihi
1577 1526 1723 1558 tamen

151 1585 386 1622 certissima
417 1585 526 1622 ratio
556 1597 721 1635 semper
750 1586 831 1622 erit
858 1585 992 1635 pluris
1020 1595 1148 1633 quam
1183 1593 1329 1619 omnes
1361 1581 1628 1616 enarratores
1656 1575 1723 1612 vel

152 1640 419 1689 interpretes,
451 1652 631 1688 quorum
668 1641 881 1677 neminem
918 1638 1110 1689 probabo
1142 1637 1215 1686 qui
1246 1634 1468 1673 translatis
1499 1631 1723 1679 dubiisque

153 1693 372 1731 vocabulis
412 1698 553 1731 vertet
592 1694 706 1744 quod
742 1698 893 1732 auctor
927 1694 1107 1744 propriis
1142 1696 1272 1740 atque
1313 1689 1440 1726 certis
1475 1685 1721 1736 prodiderit.
1744 1696 1785 1726 30

154 1748 363 1785 Thomam
398 1761 483 1786 non
518 1762 680 1794 accuso,
717 1749 833 1799 quod
863 1749 955 1787 loca
986 1746 1317 1785 disiunctissima
1347 1744 1578 1791 coniungat
1610 1743 1723 1787 (nam

155 1804 227 1852 qui
248 1815 421 1852 possum
434 1806 479 1850 ‘?)‚
502 1804 583 1841 iter
604 1805 756 1853 viginti
777 1804 940 1841 dierum
964 1804 1320 1852 interponentem,
1344 1798 1415 1835 sed
1440 1796 1554 1846 quod
1575 1794 1724 1844 frigide

155 1862 422 1895 commentus
438 1859 494 1895 sit
514 1859 676 1896 itineris
694 1859 951 1896 Iudaeorum
970 1857 1337 1896 continuationem
1355 1857 1522 1903 praeter
1538 1854 1724 1888 mentem

157 1912 302 1950 Pauli:
336 1916 385 1950 vt
406 1917 583 1958 taceam,
606 1914 720 1963 quod
742 1913 909 1951 nullum
927 1924 1116 1962 vnquam
1139 1912 1220 1948 iter
1241 1909 1325 1946 fuit
1346 1909 1486 1945 minus
1503 1906 1723 1943 continua-

156 1971 250 2004 tum
283 1980 412 2016 quam
446 1967 551 2005 illud
586 1968 830 2013 Iudeorum,
860 1969 931 2018 qui
961 1971 1028 2005 tot
1055 1978 1188 2004 annos
1216 1966 1259 2002 in
1287 1963 1469 2001 Arabiae
1497 1959 1725 1998 solitudine
1747 1969 1786 2000 35

155 2026 525 2072 consumpserunt.

212 2076 437 2114 Caeterum
469 2090 534 2114 me
565 2077 630 2115 hic
661 2078 778 2116 locus
808 2078 1024 2122 admonet,
1056 2080 1105 2114 vt
1136 2088 1211 2126 pro
1246 2087 1338 2112 mea
1372 2074 1412 2110 in
1449 2076 1491 2109 te
1526 2068 1727 2119 singulari

158 2131 460 2169 beneuolentia
487 2136 531 2169 et
560 2132 834 2170 obseruantia
865 2132 970 2170 illud
1000 2136 1043 2169 te
1074 2131 1230 2175 horter,
1262 2142 1315 2167 ne
1345 2140 1441 2165 cum
1473 2125 1552 2163 tibi
1582 2129 1647 2162 est
1677 2123 1728 2160 de

159 2186 411 2236 oppidorum
448 2188 532 2224 situ
572 2187 877 2232 disserendum,
918 2188 1152 2225 oscitanter
1193 2197 1305 2234 agas
1347 2182 1419 2220 sed
1460 2180 1727 2219 Strabonem,

160 2241 328 2285 Melam,
352 2241 536 2278 Plinium
559 2246 635 2279 aut
657 2242 948 2280 Ptolemaeum
971 2242 1142 2279 reuisas.
1194 2240 1304 2276 Nam
1327 2238 1391 2275 his
1412 2236 1558 2286 paucis
1579 2233 1728 2271 diebus
1748 2245 1790 2276 40

161 2295 262 2333 dum
296 2296 546 2346 Hieronymi
577 2297 792 2346 Epistolas
820 2297 1074 2341 euoluerem,
1104 2294 1231 2332 incidi
1260 2295 1302 2331 in
1330 2291 1541 2342 quaedam
1570 2288 1729 2326 scholia

161 2355 249 2393 tua,
274 2350 345 2387 vbi
367 2351 504 2388 multo
526 2352 655 2388 etiam
677 2353 810 2401 magis
832 2356 952 2389 tuam
975 2350 1238 2399 diligentiam
1255 2346 1522 2397 desyderaui.
1575 2343 1728 2380 Scribis

159 2406 270 2443 enim
316 2406 357 2442 in
404 2405 639 2455 Epistolam
681 2406 734 2443 ad
777 2407 1021 2455 Euagrium,
1064 2405 1274 2454 Rhegium
1314 2415 1403 2439 esse
1443 2399 1645 2449 oppidum
1688 2398 1727 2433 in

161 2459 348 2505 Graecia,
371 2460 786 2510 Constantinopolim
817 2463 858 2498 in
888 2460 1158 2498 Macedonia:
1191 2471 1287 2495 cum
1316 2457 1417 2494 hacc
1448 2454 1560 2492 haud
1590 2453 1728 2490 dubie.

161 2527 270 2563 quae
299 2516 414 2564 prius
444 2515 701 2564 Byzantium
736 2516 971 2560 dicebatur,
1001 2516 1056 2551 sit
1084 2515 1125 2551 in
1157 2517 1278 2563 parte
1306 2511 1512 2549 Thraciae
1540 2522 1564 2545 a
1595 2508 1727 2544 Mace-
1750 2518 1790 2547 45

162 2570 290 2607 donia
312 2582 482 2619 prorsus
503 2583 666 2615 auersa,
691 2570 900 2619 Rhegium
930 2571 971 2607 in
1001 2570 1164 2613 Brutia,
1187 2581 1272 2617 qua
1300 2578 1434 2616 paruo
1463 2564 1573 2601 freto
1602 2561 1730 2598 Italia

162 2624 417 2674 disiungitur
458 2638 482 2662 a
522 2624 672 2662 Sicilia.
734 2625 856 2670 Quod
897 2626 930 2662 si
965 2624 1019 2661 ad
1061 2636 1237 2671 magnae
1278 2621 1478 2658 Graeciae
1519 2616 1730 2655 Ciceronis

210 2724 258 2754 14,
285 2714 421 2744 mortui
439 2713 544 2743 aLB:
570 2713 753 2744 demortui
769 2713 800 2752 β.
882 2714 932 2743 28.
959 2716 1189 2743 enarratores
1207 2710 1264 2741 vol
1281 2709 1322 2749 β;
1348 2720 1413 2740 om.
1434 2707 1529 2737 aLB.
1610 2715 1661 2743 30.
1690 2716 1728 2733 a:

163 2759 333 2798 proprius
350 2768 390 2787 ac
408 2758 498 2787 artis
517 2757 588 2787 LB.
706 2766 801 2796 32—3.
828 2757 956 2795 frigide
977 2781 982 2787 .
1005 2781 1009 2786 .
1033 2781 1038 2786 .
1057 2755 1374 2786 continuationem
1393 2752 1497 2781 QLR:
1526 2751 1579 2780 vii·
1596 2748 1731 2788 alioqui

162 2802 397 2833 doctissimus
417 2811 547 2841 parum
568 2805 656 2840 apte
677 2801 897 2831 Iudaeorum
920 2801 1059 2831 itineris
1081 2799 1399 2829 continuationem
1417 2793 1680 2833 excogitaucrit
1699 2791 1730 2830 β

164 2855 216 2886 34.
252 2847 321 2876 iter
348 2855 512 2885 vnquam
542 2845 613 2874 LB.
724 2853 774 2883 37.
811 2855 867 2875 mo
896 2855 962 2875 om.
994 2844 1067 2874 1113.
1178 2852 1230 2882 42.
1265 2841 1494 2879 diligentiam
1524 2842 1627 2868 tuam
1659 2836 1730 2865 Lb‘.

164 2899 216 2930 47.
240 2889 281 2929 βε
307 2889 469 2920 Ciceroni
487 2887 602 2918 QSLB.

739 2974 791 3004 27.
818 2965 936 3003 Pauli]
953 2964 1031 2995 Gal.
1051 2975 1081 3004 4.
1101 2972 1152 3001 25.
