1966 3379
295 130 346 166 80
725 130 984 169 LETTERS
1015 130 1086 169 OF
1115 131 1383 170 ERASMUS
1745 134 1867 181 [1532

235 247 275 278 25
296 235 479 272 siuerim.
540 234 655 280 Quos
690 248 766 284 ego
801 240 904 274 noto
935 249 1027 274 reor
1058 237 1136 286 ipsi
1169 237 1394 274 Francisco
1425 238 1558 287 magis
1589 237 1748 275 inuisos
1778 250 1868 275 esse

296 303 426 338 quam
445 291 532 327 sint
550 290 622 327 vlli
642 291 901 328 mortalium.
951 292 1249 340 indignantur,
1269 293 1429 341 opinor,
1446 292 1561 341 quod
1579 293 1621 329 in
1638 292 1868 342 Colloquiis

297 346 512 394 attigerim
545 345 810 383 Medardum.
872 346 980 392 Quin
1011 348 1089 396 ipsi
1123 347 1256 395 magis
1288 346 1580 396 indignantur,
1610 348 1683 396 qui
1715 358 1868 396 magno

297 400 456 437 ordinis
474 400 676 438 dedecore
695 406 783 437 tam
809 402 1078 451 impudenter
1097 402 1329 451 publicitus
1346 415 1535 440 scurram
1553 403 1650 451 egit,
1668 406 1712 439 et
1728 402 1868 440 adhuc

297 456 415 503 agit?
475 455 602 501 Quasi
627 468 774 505 parum
798 462 907 493 esset
931 458 987 494 sic
1018 457 1145 493 fuisse
1174 461 1416 494 scurratum
1445 457 1677 507 Augustae,
1701 458 1870 506 scripsit

237 523 278 552 30
296 510 521 560 epistolam
544 512 585 547 in
602 511 745 547 aulam
766 511 891 557 Regis
909 512 1178 557 Ferdinandi,
1197 525 1325 561 quam
1345 512 1474 562 ipsius
1492 512 1635 561 digitis
1656 512 1870 562 depictam

298 566 351 604 ad
377 579 441 603 me
465 567 671 603 miserunt
694 567 793 615 regii
821 579 1025 616 proceres.
1088 567 1137 604 In
1158 579 1207 604 ea
1232 567 1284 604 de
1313 580 1378 604 me
1407 568 1554 604 insunt
1583 567 1685 605 haec
1714 567 1869 604 verba:

300 622 494 671 Expecto
517 620 707 658 libellum
729 634 754 658 a
775 621 814 658 d.
840 635 878 659 v.
903 623 1099 659 ‘Domini
1122 622 1308 659 doctoris
1334 622 1451 660 Eras.
1479 635 1573 659 mus
1599 626 1747 660 contra
1770 622 1869 659 Mer.

299 676 481 714 (lardum
499 676 519 714 '.
579 675 659 713 Sed
682 677 785 713 satis
807 682 964 726 sperat,
987 678 1059 726 qui
1082 690 1247 726 semper
1271 677 1481 727 desperat.
1543 677 1714 723 Quanto
1739 677 1872 726 magis

300 732 440 768 sobria
472 730 587 780 apud
617 731 845 769 Horatium
876 732 1112 781 loquuntur
1141 732 1436 769 Nomentanus
1463 736 1507 770 et
1536 732 1712 770 Balatro
1743 744 1871 781 quam

240 796 281 827 35
302 787 367 823 hic
394 785 647 835 seraphicus
674 786 785 824 illius
815 788 1116 824 modestissimi
1147 787 1358 825 Francisci
1387 787 1650 837 discipulus?
1709 787 1874 825 Putant

302 841 404 879 mihi
427 841 699 879 Franciscum
718 843 887 887 iratum,
907 843 1019 891 quod
1037 855 1107 879 eos
1126 843 1322 887 notarim,
1340 843 1413 892 qui
1431 842 1593 880 coelum
1613 843 1875 892 promittunt

302 898 363 941 iis,
388 897 459 946 qui
482 897 522 933 in
545 900 662 933 veste
686 897 965 935 Franciscana
988 898 1264 947 sepeliuntur.
1326 897 1458 947 Atqui
1484 910 1619 947 nuper
1647 898 1688 934 in
1717 897 1875 934 somnis

303 953 405 989 mihi
423 956 520 1001 post
538 951 719 989 mediam
738 957 907 990 noctem
925 954 1127 1003 apparuit
1143 952 1293 989 beatus
1311 952 1573 997 FranciSCiOE,
1591 952 1713 990 vultu
1729 965 1876 989 sereno

303 1012 434 1056 atque
457 1007 606 1049 amice,
624 1007 794 1056 egitque
817 1009 977 1057 gratias
1000 1008 1112 1057 quod
1137 1021 1185 1045 ea
1205 1007 1470 1045 traducerem
1489 1007 1748 1058 corrigenda,
1767 1020 1876 1057 quae

242 1071 284 1102 40
305 1064 390 1112 ipse
413 1075 577 1111 semper
598 1062 748 1099 fuisset
769 1062 1024 1108 detestatus,
1048 1076 1198 1112 meque
1222 1064 1331 1100 inter
1353 1063 1522 1101 Ordinis
1543 1064 1701 1100 amicos
1730 1075 1874 1100 mnne-

305 1118 429 1155 rauit.
491 1117 578 1154 Nec
609 1121 702 1154 erat
727 1130 776 1155 eo
807 1118 940 1163 cultu,
970 1131 1054 1167 quo
1086 1131 1196 1155 nunc
1229 1118 1347 1155 illum
1381 1118 1597 1168 depictum
1629 1121 1874 1156 ostentant:

305 1176 469 1210 vestem
501 1172 689 1210 habebat
719 1185 802 1211 non
833 1186 884 1210 ex
916 1173 1023 1210 lanis
1054 1173 1210 1211 diuersi
1241 1173 1393 1211 coloris
1425 1174 1695 1223 permixtam,
1726 1172 1798 1210 sed
1826 1185 1877 1210 ex

306 1229 405 1265 lana
433 1227 565 1271 fusca,
600 1228 963 1276 quemadmodum
998 1229 1051 1266 ab
1088 1229 1240 1266 ouibus
1277 1228 1538 1266 detondetur
1574 1229 1769 1273 intincta,
1804 1240 1877 1265 seu

304 1283 461 1321 Graece
480 1283 617 1320 mauis
639 1282 795 1332 ἀβάφῳ,
814 1296 888 1321 nec
912 1283 1100 1321 habebat
1122 1288 1354 1321 rostratam
1377 1283 1600 1327 cucullam,
1619 1283 1691 1321 sed
1708 1295 1876 1332 capero-

245 1345 284 1376 45
305 1351 400 1376 nem
421 1338 592 1375 tunicae
613 1351 638 1375 a
656 1342 774 1387 tergo
795 1339 969 1376 affixum
987 1340 1059 1388 qui
1081 1343 1252 1389 poterat
1274 1340 1316 1376 in
1338 1343 1469 1388 caput
1492 1340 1695 1384 reuocari,
1714 1339 1747 1375 si
1768 1337 1880 1375 forte

306 1394 453 1443 pluuia
475 1392 768 1431 vehementior
788 1393 939 1431 fuisset
960 1394 1125 1439 oborta,
1149 1394 1262 1443 quod
1285 1394 1408 1432 hodie
1430 1407 1599 1444 quoque
1622 1394 1815 1431 videmus
1836 1393 1879 1430 in

306 1448 425 1486 cultu
457 1448 727 1497 quorundam
760 1449 1076 1498 Hybernorum.
1136 1449 1224 1486 Nec
1259 1449 1373 1486 funis
1405 1449 1593 1487 habebat
1624 1449 1756 1486 nodos
1788 1453 1880 1485 arte

308 1504 457 1545 factos,
480 1503 552 1541 sed
573 1503 719 1541 enodis
740 1517 787 1541 ac
810 1504 1059 1554 simpliciter
1080 1505 1320 1542 rusticanus
1342 1509 1435 1542 erat
1463 1504 1599 1542 funis:
1633 1516 1707 1541 nec
1736 1504 1881 1540 tunica

308 1558 523 1596 defluebat
546 1571 678 1608 Vsque
700 1559 755 1596 ad
778 1563 950 1603 terram,
973 1559 1045 1596 sed
1068 1559 1224 1609 palmo,
1248 1565 1322 1597 aut
1345 1573 1394 1597 eo
1415 1559 1599 1610 amplius
1621 1572 1749 1609 supra
1771 1558 1882 1595 talos

248 1620 289 1650 50
308 1618 414 1652 erat.
461 1613 547 1651 Nec
570 1613 732 1652 calceos
756 1614 945 1652 habebat
966 1614 1237 1659 fenestratOS,
1261 1615 1334 1652 sed
1356 1615 1481 1665 plane
1503 1615 1627 1652 nudis
1649 1618 1741 1652 erat
1764 1613 1880 1664 pedi-

308 1670 400 1707 bus.
461 1668 656 1719 Quinque
697 1670 973 1717 vestigiorum
1007 1682 1114 1719 quae
1156 1671 1349 1719 pingunt,
1387 1670 1551 1707 nullum
1587 1670 1760 1707 omnino
1796 1668 1881 1706 vidi

309 1725 548 1774 vestigium.
609 1724 766 1762 Abiens
797 1725 920 1769 dixit,
953 1725 1106 1762 dextra
1137 1729 1345 1774 porrecta,
1378 1725 1516 1763 Milita
1547 1729 1731 1765 strenue,
1764 1724 1884 1761 breui

310 1792 499 1817 meorum
527 1780 619 1817 eris.
680 1779 936 1830 Quanquam
965 1780 1016 1818 de
1043 1779 1163 1817 cultu
1195 1793 1278 1817 non
1310 1780 1496 1818 arbitror
1523 1779 1819 1824 laborandum,
1849 1779 1884 1815 si

310 1835 438 1872 modo
469 1835 766 1873 Patriarcham
799 1848 923 1873 suum
962 1836 1010 1873 iis
1046 1836 1282 1873 virtutibus
1318 1835 1518 1881 referant,
1551 1836 1592 1873 in
1626 1835 1782 1884 quibus
1814 1833 1884 1871 ille

250 1895 290 1926 55
311 1891 437 1927 sitam
466 1890 734 1928 existimauit
762 1891 851 1928 eius
879 1890 1039 1928 ordinis
1067 1890 1383 1940 perfectionem.
1447 1891 1513 1928 Illi
1541 1904 1612 1928 sex
1645 1890 1735 1927 alas
1766 1888 1883 1926 Sera-

312 1945 457 1995 phicas
484 1945 716 1995 appellant.
778 1946 968 1983 Primum
997 1950 1061 1983 est
1087 1945 1342 1983 Omnimoda
1370 1946 1626 1990 obedientia,
1649 1944 1885 1982 secundum

312 2000 551 2050 Paupertas
591 2001 862 2050 Euangelica,
904 2002 1081 2038 tertium
1122 2000 1309 2038 Castitas
1350 2001 1639 2043 immaculata,
1681 2004 1885 2050 quartum

312 2055 547 2093 Humilitas
583 2056 926 2106 profundissima,
960 2057 1160 2105 quintum
1201 2055 1460 2106 Simplicitas
1494 2056 1682 2106 pacifica,
1716 2059 1885 2092 sextum

312 2110 507 2148 Charitas
529 2110 768 2161 Seraphica.
820 2111 937 2149 Haec
960 2112 1124 2148 vtinam
1147 2124 1293 2148 omnes
1315 2112 1357 2149 in
1379 2116 1549 2161 pectore
1571 2110 1886 2153 circumferant,

251 2176 293 2203 eo
314 2165 677 2215 quemadmodum
695 2166 1001 2204 circumferunt
1022 2167 1064 2204 in
1082 2167 1188 2204 sinu.
1240 2166 1350 2204 Tum
1372 2167 1465 2204 illos
1484 2166 1597 2204 haud
1616 2179 1734 2203 secus
1756 2170 1887 2214 atque

314 2220 486 2270 angelos
518 2222 645 2270 pacis,
676 2234 760 2259 non
792 2221 1064 2259 mulierculae
1097 2225 1281 2267 tantum,
1311 2222 1384 2260 sed
1415 2221 1702 2259 cordatissimi
1731 2221 1888 2270 quique

314 2275 715 2325 complecterentur.
767 2277 891 2315 Nunc
913 2290 1042 2326 quam
1065 2277 1148 2314 rari
1170 2281 1272 2314 sunt
1289 2278 1362 2326 qui
1385 2290 1487 2327 pure
1509 2277 1692 2314 doceant
1708 2287 1885 2324 euange-

316 2331 439 2368 licam
462 2331 790 2381 philosophiam,
814 2336 979 2381 quanta
1000 2345 1125 2382 porro
1146 2332 1276 2369 turba
1298 2345 1370 2382 per
1391 2332 1512 2369 aulas
1536 2332 1792 2380 Principum,
1815 2342 1889 2379 per

316 2385 501 2423 diuitum
524 2386 673 2424 domos
701 2387 1008 2433 oberrantium,
1031 2388 1101 2436 qui
1130 2400 1204 2424 nec
1233 2386 1400 2429 docent,
1423 2391 1467 2424 et
1496 2387 1544 2424 iis
1570 2390 1671 2424 sunt
1698 2385 1888 2422 moribus

255 2443 296 2481 65
317 2444 365 2478 vt
393 2441 517 2480 aedes
546 2442 587 2478 in
616 2442 771 2491 quibus
800 2446 1026 2479 versantur
1054 2441 1185 2479 nihilo
1213 2442 1298 2479 sint
1324 2443 1527 2492 puriores.
1587 2440 1796 2490 Intelligit
1822 2439 1887 2477 hic

316 2495 503 2545 prudens
536 2496 671 2534 lector
703 2497 805 2546 quid
843 2497 908 2534 hic
949 2497 1108 2541 sileam,
1143 2501 1187 2534 et
1220 2497 1321 2546 quid
1362 2497 1523 2534 silendo
1556 2497 1690 2545 magis
1723 2495 1887 2544 loquar.

318 2550 491 2588 Vtinam
513 2551 615 2588 nihil
637 2553 917 2589 committant
939 2553 1018 2601 ipsi
1039 2552 1152 2601 quod
1175 2552 1345 2589 silentio
1368 2551 1597 2601 tegendum
1619 2552 1686 2588 sit.
1738 2550 1888 2587 Osten-

317 2609 416 2642 tant
436 2605 765 2656 chirographum
787 2607 934 2644 fratris
957 2607 1173 2657 Leopoldi,
1192 2607 1337 2644 fratris
1354 2606 1620 2651 Bernardini,
1639 2618 1745 2655 quos
1767 2616 1891 2642 nemo

317 2665 442 2698 natos
474 2662 607 2699 nouit.
669 2662 761 2699 Hoc
790 2662 959 2700 abunde
987 2663 1092 2699 satis
1124 2674 1213 2699 esse
1246 2666 1417 2712 putant,
1450 2666 1498 2699 vt
1529 2674 1606 2711 pro
1638 2661 1758 2699 bonis
1789 2659 1891 2696 viris

893 2760 946 2791 42.
974 2751 1066 2781 lanis
1084 2751 1139 2781 K:
1166 2750 1249 2781 lana
1271 2750 1317 2780 N.

363 2870 414 2899 30.
441 2860 651 2900 epistolam]
666 2861 832 2901 Nothing
845 2862 874 2891 is
886 2861 1020 2892 known
1034 2861 1072 2891 of
1140 2861 1264 2893 Wiele.
1290 2860 1390 2891 John
1416 2861 1545 2895 Faber,
1571 2860 1662 2894 Cles,
1686 2859 1759 2889 and
1782 2859 1890 2890 Botz-

319 2904 393 2935 this
421 2904 542 2934 letter.
591 2905 667 2935 The
699 2906 1007 2945 correspondents
1035 2905 1072 2935 of
1141 2905 1237 2935 heim
1256 2905 1368 2944 (Epp.
1390 2906 1485 2944 2408,
1504 2912 1601 2943 2503,
1620 2913 1717 2943 2504,
1737 2904 1848 2942 2640).

319 2948 495 2978 Erasinus
512 2949 593 2979 who
611 2948 684 2979 had
696 2949 788 2989 kept
802 2949 876 2979 him
891 2949 1072 2979 informed
1185 2958 1237 2988 34.
1264 2949 1521 2979 Nomentanus
1545 2952 1581 2978 et
1606 2947 1782 2985 Balatro]¹
1801 2947 1890 2977 Hor.

320 2992 357 3023 of
374 2992 582 3023 Meclardus'
603 2993 805 3024 behaviour
822 3004 914 3024 were
933 2993 1071 3024 Adrian
1139 2992 1214 3024 Sat.
1239 3002 1266 3022 1.
1289 3003 1315 3028 1,
1336 3002 1366 3023 2.
1385 2993 1416 3030 8,
1436 3002 1466 3023 2.
1488 3001 1515 3029 1,
1535 3001 1565 3022 2.
1586 3001 1615 3031 3.
