1966 3379
276 150 322 186 18
700 149 956 187 LETTERS
987 149 1057 187 OF
1088 150 1353 189 ERASMUS
1713 156 1833 203 [1532

212 268 252 297 30
326 252 438 289 Bene
456 252 562 290 vale.
605 263 626 300 3
641 253 707 290 die
722 253 821 291 Maii
841 263 956 301 1532.

324 306 475 344 Adhuc
503 307 677 345 aedifico
705 308 928 358 sepulchro
956 309 1187 358 proximus.
1217 309 1280 346 Tu
1311 309 1377 347 fac
1405 314 1454 348 vt
1481 310 1598 348 litem
1624 312 1834 350 absoluas.

271 362 480 399 Fortassis
497 362 707 399 Alcander
723 362 826 399 nihil
845 363 921 400 tibi
940 363 1101 412 profuit
1118 364 1160 400 in
1178 376 1305 401 causa
1318 368 1405 402 tua.
1466 365 1521 403 Et
1537 370 1688 415 τεχνῶν
1701 367 1838 404 δεινῶν

269 415 396 456 δεινὸς
413 417 580 454 artifex.
633 417 819 466 Ignosce,
836 430 920 455 non
938 417 1074 467 relegi.
1134 417 1283 456 Saluta
1298 418 1347 456 D.
1364 419 1567 457 Iodocum
1586 422 1835 470 praesidem,

269 475 312 508 et
340 471 551 508 Rescium.
613 471 873 521 Expostulat
903 485 1066 510 mecum
1097 473 1318 510 Resendus
1357 473 1410 511 ob
1449 473 1613 512 editum
1652 488 1833 514 carmen.

209 540 249 570 35
270 525 402 574 Atqui
432 526 639 575 putabam
673 526 885 563 hominem
916 539 1005 564 esse
1035 527 1225 565 liberum.
1275 527 1446 577 Alioqui
1474 541 1693 579 nunquam
1720 543 1834 568 eram

268 580 472 618 editurus.
519 580 713 618 Demiror
729 584 874 618 autem
891 594 1023 630 quare
1039 594 1105 619 me
1122 581 1199 619 hoc
1217 583 1376 620 nescire
1393 582 1588 622 volueris.
1649 585 1835 623 Rursum

270 634 376 680 vale,
399 634 430 671 ὦ
452 634 622 685 φιλτάτη
645 651 712 683 μοι
733 634 898 685 κεφαλή.

669 772 796 809 2645.
861 769 928 809 To
962 769 1174 811 Jonocus
1208 769 1434 812 SASBOUT.

319 848 526 893 Epistolae
546 848 809 882 Palaeonaeoi
829 860 867 893 p.
890 859 922 890 5.
1549 851 1752 895 Freiburg.

319 897 368 930 N.
390 908 427 941 p.
448 908 541 941 944:
572 898 698 931 Lond.
720 898 828 931 xxiv.
855 906 919 941 17:
950 898 1032 932 LB.
1058 909 1162 940 1219.
1522 910 1541 942 3
1562 900 1658 944 May
1681 911 1784 943 1532.

315 980 401 1017 [For
418 980 588 1015 Sasbout,
607 991 665 1011 see
683 981 752 1021 Ep.
776 990 869 1019 1092,
891 990 929 1020 15
947 992 982 1012 n.
1030 982 1106 1012 The
1129 982 1216 1014 date
1242 983 1270 1013 is
1287 982 1487 1013 confirmed
1505 983 1554 1023 by
1571 983 1635 1014 the
1653 984 1835 1015 reference

271 1028 309 1055 to
327 1024 390 1055 the
407 1024 493 1055 Diet
510 1024 547 1055 of
565 1025 776 1063 Ratisbon.]

344 1094 542 1121 ERASMVS
564 1095 781 1122 ROTEROD.
806 1096 1027 1123 ORNATISS.
1052 1096 1091 1123 D.
1115 1096 1276 1124 IODOCO
1298 1096 1516 1124 SASBOVTO
1537 1097 1754 1125 SENATORI

927 1151 1119 1178 HAGENSI
1141 1152 1172 1178 S.

324 1209 499 1247 ch'rvM
519 1213 585 1247 est
606 1209 718 1255 olim,
740 1223 836 1248 eum
858 1214 1052 1261 oportere
1073 1213 1233 1262 egregie
1252 1212 1430 1261 probum
1448 1224 1549 1257 esse,
1567 1213 1639 1262 qui
1656 1212 1835 1251 Athenis

268 1268 380 1301 esset
401 1264 570 1314 probus.
629 1264 753 1303 Nunc
775 1278 859 1303 non
881 1266 1064 1304 absurde
1086 1267 1179 1316 quis
1207 1266 1375 1312 dixerit,
1403 1279 1500 1304 eum
1522 1272 1715 1317 oportere
1737 1281 1832 1318 syn-

270 1331 412 1356 cerum
433 1331 522 1356 esse
543 1320 740 1365 amicum,
763 1321 834 1369 qui
862 1320 940 1358 hoc
968 1320 1109 1359 seculo
1133 1322 1189 1358 sit
1209 1322 1369 1359 amicus
1399 1321 1588 1367 Erzmmo,
1611 1335 1695 1371 quo
1716 1335 1832 1372 syco-

270 1373 469 1423 phantiis,
515 1375 717 1412 conuiciis
760 1387 809 1412 ac
854 1375 1083 1413 mendaciis
1127 1375 1313 1425 vndique
1356 1375 1525 1414 seruent
1568 1376 1834 1427 flagrantque

231 1446 249 1476 5
270 1429 425 1473 omnia,
456 1432 500 1466 et
530 1429 571 1466 in
606 1441 689 1478 quo
722 1442 797 1467 nec
828 1430 1020 1467 inimicos
1050 1430 1259 1480 attingere
1290 1434 1434 1468 tutum
1464 1434 1541 1476 est,
1574 1444 1648 1468 nec
1677 1433 1834 1470 amicos

270 1483 458 1532 prodere.
519 1483 725 1533 Experior
755 1488 899 1522 tamen
920 1485 963 1521 in
986 1485 1063 1522 hoc
1086 1498 1223 1522 rerum
1246 1485 1438 1522 tumultu
1462 1498 1546 1523 non
1567 1498 1724 1535 paucos
1745 1499 1833 1524 esse

270 1538 342 1586 qui
373 1537 477 1575 mihi
506 1551 557 1576 ex
588 1538 729 1576 animo
761 1539 866 1576 bene
898 1539 1063 1577 volunt.
1122 1539 1213 1577 Hos
1240 1552 1289 1577 eo
1316 1540 1419 1577 mihi
1454 1540 1666 1578 chariores
1698 1541 1834 1579 habeo

270 1592 383 1641 quod
405 1592 487 1629 rari
508 1596 622 1631 sunt.
677 1591 758 1631 Sed
779 1606 937 1643 paucos
961 1594 1137 1632 eximios
1168 1594 1280 1632 malo
1301 1607 1429 1644 quam
1452 1595 1623 1633 turbam
1646 1596 1831 1646 inexplo-

271 1650 460 1684 ratorum
482 1660 530 1684 ac
551 1647 802 1697 vulgarium.

212 1720 250 1741 10
324 1700 570 1751 Complures
595 1703 694 1740 anni
722 1707 835 1748 sunt,
864 1703 979 1753 quod
1006 1716 1057 1741 ex
1085 1704 1230 1741 amicis
1261 1704 1433 1741 minime
1461 1703 1625 1742 leuibus
1656 1707 1834 1755 cognoui

270 1759 312 1792 te
344 1755 395 1793 de
423 1757 580 1794 nostris
608 1757 762 1795 studiis
789 1762 833 1795 et
860 1759 1016 1796 sentire
1041 1758 1221 1796 candide
1248 1762 1291 1796 et
1319 1758 1547 1796 honorifice
1575 1760 1832 1809 praedicare.

270 1810 379 1847 Eum
402 1811 604 1849 affectum
626 1812 815 1850 nondum
838 1813 880 1849 in
908 1816 950 1850 te
978 1813 1190 1850 refrixisse
1217 1825 1268 1850 ex
1297 1812 1459 1859 Quirini
1480 1813 1646 1859 Talesii,
1669 1814 1832 1864 pridem

270 1866 540 1903 amanuensis
576 1867 670 1911 mei,
703 1866 834 1904 literis
868 1868 1047 1917 cognoui
1078 1880 1222 1918 nuper.
1283 1866 1375 1913 Quo
1405 1868 1587 1914 nomine,
1625 1868 1833 1907 Sasboute

269 1919 526 1966 charissime,
550 1921 751 1970 profiteor
773 1934 839 1959 me
860 1922 939 1959 tibi
961 1922 1113 1960 debere
1130 1922 1374 1972 plurimum,
1392 1926 1436 1960 et
1453 1922 1603 1960 debere
1625 1923 1830 1962 libenter:

212 1992 249 2022 15
269 1978 398 2023 atque
420 1988 445 2011 v
450 1976 585 2012 tinam
607 1979 697 2013 tam
719 1976 822 2014 mihi
842 1982 952 2014 esset
969 1977 1011 2014 in
1027 1977 1203 2027 procliui
1219 1981 1360 2015 tecum
1378 1978 1538 2014 mutuis
1555 1978 1699 2016 officiis
1716 1980 1834 2029 paria

269 2028 406 2066 facere
421 2042 550 2079 quam
565 2031 607 2068 in
621 2035 825 2081 promptu
841 2035 905 2069 est
922 2044 1064 2069 amore
1081 2035 1232 2070 mutuo
1248 2031 1512 2082 respondere.
1555 2032 1831 2071 Hollandiam

270 2084 453 2133 patriam
475 2088 542 2122 tot
564 2085 684 2123 bellis
705 2085 864 2131 lacessi,
886 2090 954 2124 tot
973 2086 1267 2124 exactionibus
1287 2086 1477 2136 expilari,
1501 2092 1568 2124 tot
1590 2088 1830 2126 incursioni

271 2138 348 2175 bus
371 2140 529 2185 vexari,
552 2139 760 2190 diripique
782 2140 836 2178 ab
857 2141 1002 2179 amicis
1023 2142 1182 2191 pariter
1206 2145 1335 2190 atque
1356 2141 1442 2178 ab
1432 2142 1624 2187 mimicis,
1646 2142 1762 2188 mihi,
1784 2147 1832 2180 vt

268 2206 358 2230 esse
382 2193 521 2239 debet,
547 2194 698 2232 auditu
723 2196 1020 2244 grauissimum
1044 2199 1120 2233 est.
1181 2195 1412 2233 Maximam
1441 2195 1592 2233 horum
1622 2197 1830 2235 malorum

210 2265 251 2286 20
270 2252 434 2297 partem
465 2249 599 2298 gignit
627 2249 748 2287 nobis
775 2254 855 2287 τῶν
884 2250 1088 2299 ἀρχόντων
1115 2249 1331 2299 φιλοτιμία,
1361 2263 1445 2299 qua
1473 2250 1576 2288 nihil
1604 2251 1831 2297 exitialius,

270 2303 303 2339 si
324 2302 438 2340 absit
458 2302 530 2340 illa
551 2316 648 2341 vere
662 2303 850 2354 βασιλικὴ
872 2306 1093 2355 sapientia.
1144 2304 1271 2342 Auidi
1288 2305 1576 2354 negociatores
1593 2305 1694 2343 dum
1711 2307 1832 2344 nouis

270 2356 508 2394 latifundiis
529 2358 706 2403 inhiant,
729 2360 868 2397 auitos
893 2372 1014 2409 agros
1041 2363 1117 2397 aut
1142 2359 1304 2397 habent
1328 2372 1404 2409 pro
1431 2359 1655 2406 derelictis,
1683 2364 1760 2398 aut
1790 2362 1831 2398 in

270 2415 429 2448 sortem
464 2425 607 2450 versos
642 2414 920 2452 committunt
954 2414 1082 2452 aleae.
1141 2413 1199 2451 At
1228 2413 1328 2451 olim
1360 2414 1529 2452 abunde
1563 2415 1831 2464 magnificum

270 2470 362 2503 erat
397 2479 486 2504 esse
521 2468 720 2505 comitem
756 2468 1024 2507 Hollandiae.
1085 2468 1165 2506 Sed
1198 2468 1241 2506 hi
1275 2473 1375 2506 sunt
1407 2473 1550 2506 aestus
1579 2482 1721 2507 rerum
1757 2469 1830 2507 hu-

210 2536 250 2566 25
270 2532 493 2558 manarum
528 2523 734 2571 perpetui,
775 2523 853 2560 nisi
892 2523 1006 2572 quod
1046 2524 1119 2560 vix
1158 2535 1347 2572 vnquam
1387 2524 1612 2562 immanior
1651 2524 1833 2574 procella

270 2578 478 2612 terrarum
508 2576 652 2613 orbem
683 2578 920 2626 occupauit.
981 2577 1139 2615 Verum
1167 2582 1215 2615 vt
1242 2579 1284 2615 in
1310 2578 1473 2627 magnis
1501 2579 1831 2640 tempestatibus

270 2634 449 2678 apparet
483 2630 555 2679 qui
591 2631 676 2668 sint
710 2633 834 2681 periti
869 2632 1187 2681 gubernatores,
1216 2632 1278 2669 ita
1312 2632 1416 2669 mihi
1451 2632 1622 2670 videtur
1656 2634 1830 2683 insignis

271 2683 490 2721 cuiusdam
518 2697 607 2722 esse
635 2689 728 2723 tum
757 2687 1015 2736 integritatis
1044 2690 1136 2724 tum
1164 2686 1430 2736 prudentiae,
1462 2687 1504 2724 in
1536 2690 1661 2725 tanta
1691 2700 1830 2726 rerum

427 2760 523 2791 2645.
549 2770 621 2792 TIT.
648 2771 842 2793 ORNATISS.
862 2772 897 2793 D.
917 2774 984 2795 om.
1003 2763 1050 2794 N
1146 2771 1339 2794 SENATORI
1357 2772 1522 2794 HAGENSI
1541 2775 1607 2795 om.
1628 2764 1674 2795 N

315 2859 411 2889 2644.
431 2869 482 2898 31.
502 2859 617 2898 litem]
630 2861 1015 2901 sc.Antwerpiensem.
1129 2863 1204 2900 5—6.
1230 2861 1365 2892 amicos
1388 2862 1554 2902 prodere]
1581 2862 1633 2893 To
1657 2862 1708 2893 let
1733 2863 1761 2893 it
1787 2863 1831 2893 be

316 2911 368 2941 33.
395 2903 584 2941 Iodocurn]
603 2903 773 2935 Sasbout.
1083 2906 1218 2936 known
1234 2905 1316 2935 who
1332 2906 1433 2936 one‘s
1450 2905 1588 2936 friends
1603 2916 1676 2936 are.

316 2955 367 2985 34.
395 2946 601 2984 Resendus]
620 2947 685 2978 See
702 2947 770 2987 Ep.
790 2956 886 2986 2500.
904 2959 961 2988 4n.
1129 2958 1179 2988 13.
1205 2948 1334 2986 literis]
1367 2949 1442 2979 Not
1474 2953 1617 2980 extant.
1666 2949 1831 2991 Perhaps

315 2990 410 3020 2645.
440 2999 466 3020 1.
494 2991 656 3029 Dictum]
674 2991 738 3021 See
757 2991 869 3032 Adaq.
888 3001 984 3032 3053.
1082 2992 1269 3023 answered
1288 2993 1336 3032 by
1354 2994 1449 3032 2647.
