1966 3379
245 101 323 138 256
702 100 959 140 LETTERS
990 101 1061 140 OF
1092 101 1357 141 ERASMUS
1692 105 1814 152 [1533

299 203 453 242 Omnia
474 205 535 242 ita
556 208 604 242 vt
627 205 840 242 voluimus
860 210 1108 243 euenerunt.
1160 206 1247 243 Nec
1276 206 1437 255 aliquid
1464 210 1528 244 est
1556 206 1669 256 quod
1697 211 1738 244 te
1759 207 1813 245 ad

244 259 543 296 reuertendum
567 262 630 305 (vt
654 264 695 296 te
723 260 777 296 ab
806 261 931 298 inicio
956 261 1175 298 exhortati
1199 274 1358 306 sumuS,
1381 265 1423 298 et
1446 261 1500 298 ob
1522 274 1708 298 amorem
1730 274 1814 310 quo

187 331 225 351 10
244 314 402 351 afficior
424 315 466 350 in
488 318 530 351 te
553 314 893 363 sollicitauimus)
920 328 1005 353 non
1030 316 1196 353 inuitet.
1250 316 1464 365 Principes
1490 315 1587 353 lieet
1616 316 1814 354 habueris

243 368 375 405 eciam
397 373 525 406 antea
547 368 754 415 fauentes,
772 369 947 407 fecimus
965 374 1109 407 tamen
1130 374 1174 408 et
1195 383 1271 407 nos
1293 374 1502 418 quantum
1526 371 1568 407 in
1590 370 1710 408 nobis
1732 371 1814 408 fuit

243 422 297 459 ob
328 423 504 460 eximias
532 428 629 460 tuas
660 424 844 461 virtutes
875 425 1089 474 animique
1121 425 1242 462 dotes
1270 425 1349 462 tibi
1377 425 1652 463 faueneiores,
1704 425 1813 471 Quid

243 476 396 514 Caesar
417 477 468 514 de
494 482 536 515 tc
565 479 834 528 rescripserit,
858 479 1067 529 intelliges
1092 492 1143 516 ex
1171 479 1366 529 exemplo
1394 479 1612 517 literarum
1640 492 1812 517 suarum

242 532 510 581 presentibus
532 534 633 570 meis
655 533 829 571 incluso.
872 534 980 580 Quid
1003 539 1152 584 postea
1174 535 1318 583 regina
1339 547 1432 571 mea
1450 547 1515 571 me
1537 534 1814 572 sollicitatore

184 603 221 632 ¹5
242 586 433 624 Caesaris
464 588 633 624 nomine
664 588 913 634 decreuerit,
945 590 1123 638 accipies
1154 602 1205 625 ex
1238 589 1390 626 litteris
1422 589 1471 626 D.
1506 589 1812 627 Panormitani.

241 641 443 678 Animum
465 646 610 679 autem
632 647 675 679 et
697 643 1043 680 beneuolenciam
1066 645 1107 680 in
1130 648 1171 681 te
1194 643 1421 692 reginalem
1439 657 1490 681 ex
1509 643 1663 680 litteris
1685 645 1814 692 ipsius

243 697 422 745 propriis
450 709 686 746 cognosces.
737 698 945 735 Dominus
975 698 1072 735 Dux
1101 711 1270 747 quoque
1298 698 1352 735 ab
1381 698 1545 735 Askoth
1572 698 1744 735 mirifice
1773 703 1814 736 te

242 755 372 788 amat.
424 750 537 796 Quos
558 764 703 789 omnes
726 753 767 789 in
788 754 852 790 tui
874 765 1061 790 amorem
1083 766 1132 790 ac
1153 753 1422 802 desyderium
1444 754 1641 790 excitaui.

297 805 435 851 Quare
466 806 569 843 nihil
601 812 677 852 est,
701 808 757 844 mi
788 807 974 853 Erasme,
998 807 1112 856 quod
1143 812 1185 845 te
1217 808 1309 845 istic
1340 812 1587 845 remoretur.
1639 808 1680 845 Si
1702 820 1812 845 com-

181 876 222 897 20
242 860 380 905 modo,
403 862 549 910 quieti,
573 862 701 899 saluti
721 866 765 899 et
786 863 942 899 aetatis
965 867 1064 899 tuae
1091 863 1173 899 iam
1201 862 1402 909 grauidae
1428 862 1748 911 tranquillitati,
1770 866 1814 900 et

242 914 283 951 id
305 915 476 964 quidem
499 917 539 953 in
562 918 714 965 patria,
738 918 778 953 in
802 917 918 954 coelo
941 917 1019 954 tibi
1040 922 1082 954 et
1105 918 1293 966 propicio
1314 921 1357 954 et
1378 917 1564 962 fauente,
1587 918 1697 954 inter
1720 930 1811 966 pro-

241 969 437 1019 pinquos,
459 971 617 1008 amicos
639 984 686 1008 ac
710 978 874 1009 veteres
897 976 994 1008 tuos
1016 971 1258 1017 familiares,
1277 973 1341 1008 vis
1363 973 1524 1021 optime
1540 985 1629 1009 esse
1647 971 1810 1009 eonsul-

242 1029 347 1069 tum,
370 1024 436 1062 fae
461 1026 661 1063 citissime
691 1026 860 1067 redeas:
893 1026 1100 1076 malisque
1129 1028 1264 1074 <esse>
1294 1028 1335 1063 in
1361 1026 1449 1064 solo
1478 1030 1553 1063 tuo
1581 1027 1741 1071 natiuo,
1770 1030 1813 1064 et

242 1079 299 1116 ibi
319 1083 536 1117 extremae
558 1080 682 1118 huius
703 1082 859 1118 aetatis
881 1084 979 1118 tuae
1001 1085 1171 1131 tempus
1189 1082 1433 1130 transigere,
1453 1081 1524 1118 vbi
1540 1086 1584 1118 et
1607 1082 1813 1130 principes

180 1149 220 1179 ²5
241 1138 285 1170 et
306 1146 452 1172 omnes
476 1135 573 1172 boni
596 1140 637 1172 te
659 1149 748 1172 esse
771 1135 918 1180 velint,
942 1148 1069 1185 quam
1093 1136 1165 1173 vbi
1185 1140 1228 1173 et
1250 1149 1408 1186 paucos
1430 1136 1586 1173 habeas
1603 1137 1813 1185 principes

241 1188 320 1226 tibi
344 1190 554 1239 propieios
578 1194 622 1227 ct
651 1190 810 1227 multos
836 1192 1025 1239 ingratos
1055 1191 1178 1228 ciues.
1231 1190 1318 1228 Scis
1349 1203 1414 1228 me
1444 1190 1498 1228 ab
1529 1203 1577 1228 eo
1609 1196 1812 1240 tempore,

240 1256 325 1292 quo
346 1245 558 1282 amicitiae
583 1249 626 1282 et
651 1245 957 1283 familiaritatis
985 1250 1156 1283 nostrae
1185 1247 1321 1295 prima
1350 1246 1521 1282 jecimus
1548 1258 1622 1295 per
1648 1245 1813 1282 litteras

240 1297 535 1344 fundamenta,
559 1312 778 1349 nunquam
802 1305 942 1338 tecum
962 1305 1118 1337 temere
1136 1301 1266 1350 egisse
1283 1315 1289 1343 ;
1320 1313 1431 1337 nunc
1450 1300 1587 1337 multo
1604 1301 1744 1338 minus
1762 1300 1812 1337 de

240 1352 379 1390 reditu
403 1358 478 1391 tuo
500 1358 641 1391 tecum
663 1368 843 1404 agerem,
867 1356 899 1392 si
922 1354 1152 1392 arbitrarer
1174 1356 1307 1393 aetati
1330 1356 1411 1392 iam
1436 1356 1746 1405 ingrauescenti
1768 1359 1810 1392 et

179 1425 220 1455 30
239 1408 372 1456 quieti
393 1412 494 1446 tuae
515 1422 611 1446 eum
633 1422 718 1447 non
740 1411 834 1447 vsui
855 1410 1062 1447 futurum.

296 1463 407 1501 Velis
448 1464 575 1513 igitur
615 1465 931 1514 quamprimum
972 1466 1132 1514 poteris
1172 1465 1340 1502 reuerti.
1401 1464 1508 1510 Quia
1547 1469 1691 1502 autem
1727 1477 1812 1501 non

239 1519 381 1556 omnia
410 1520 563 1568 putaui
593 1532 681 1556 esse
711 1519 866 1557 litteris
891 1520 1213 1566 committenda,
1243 1521 1389 1558 curaui
1420 1532 1493 1569 per
1525 1519 1732 1569 Reginam
1764 1524 1812 1556 vt

239 1573 423 1611 Leuinus
448 1573 502 1610 ad
531 1578 572 1610 te
604 1575 859 1612 mitteretur.
911 1574 991 1620 Qui
1022 1576 1164 1612 omnia
1194 1588 1302 1624 quae
1333 1575 1515 1619 fecerim,
1547 1579 1590 1612 et
1621 1587 1729 1624 quae
1760 1574 1811 1611 de

238 1627 364 1666 rebus
386 1628 471 1665 tuis
495 1629 826 1678 particularibus
847 1643 872 1667 a
893 1642 959 1666 me
983 1634 1025 1666 et
1054 1629 1221 1667 audiuit
1249 1634 1292 1667 et
1317 1631 1492 1679 accepit,
1515 1629 1593 1666 tibi
1617 1633 1681 1666 est
1707 1628 1810 1665 rela-

177 1698 218 1728 35
239 1687 373 1721 turus.
417 1682 600 1720 Fidelior
616 1696 665 1721 eo
682 1685 900 1734 magisque
917 1685 976 1731 (ni
992 1684 1132 1732 fallor)
1148 1688 1237 1722 tam
1254 1685 1356 1721 mihi
1372 1697 1499 1733 quam
1518 1684 1596 1721 tibi
1612 1683 1810 1721 addictus

238 1738 294 1775 ad
325 1741 366 1774 te
397 1738 511 1774 mitti
544 1751 628 1775 non
660 1740 814 1788 potuit.
860 1738 988 1776 Cuius
1019 1739 1160 1776 verbis
1191 1739 1317 1776 fidem
1349 1739 1564 1776 adhibeas.
1611 1738 1811 1784 Quirinus

239 1797 339 1830 tuus
364 1792 581 1842 profectus
603 1806 627 1830 a
649 1806 715 1830 me
743 1794 786 1830 in
817 1793 1014 1843 Angliam
1046 1794 1235 1831 nondum
1267 1798 1330 1831 est
1361 1806 1566 1831 reuersus.
1618 1793 1810 1843 Expecto

239 1851 384 1885 tamen
406 1859 503 1885 eum
518 1849 567 1897 *in
590 1847 728 1885 horas.
780 1848 883 1886 Vale
904 1854 947 1886 et
970 1862 1035 1886 me
1059 1853 1107 1886 vt
1129 1848 1236 1887 soles
1257 1861 1367 1886 ama.

293 1901 521 1940 Bruxellae
544 1913 592 1941 21
619 1902 728 1940 Iunii
755 1913 871 1952 1533.

576 2106 705 2144 2829.
772 2103 909 2144 FROM
943 2103 1142 2144 VIGLms
1175 2103 1469 2145 ZUICHEMUS.

287 2192 378 2225 Van
399 2192 593 2226 Heussen.
614 2194 667 2227 iv.
692 2204 771 2237 114.
1536 2193 1688 2227 Padua.

288 2241 469 2275 Brussels
488 2242 570 2276 MS.
592 2243 646 2276 II.
672 2243 792 2287 10401.
815 2243 841 2276 f.
863 2245 921 2276 02.
1458 2253 1502 2287 24
1521 2243 1629 2276 June
1652 2253 1756 2286 1533.

291 2290 473 2324 Brussels
491 2291 574 2325 MS.
596 2294 704 2333 6919,
725 2303 763 2336 p.
790 2303 869 2335 123.

237 2357 324 2395 [For
338 2357 401 2388 the
418 2368 564 2389 sources
581 2369 640 2389 see
655 2359 725 2399 Ep.
746 2369 826 2390 2101
844 2360 980 2390 introd.
1030 2360 1106 2390 The
1121 2359 1207 2390 date
1220 2360 1248 2390 is
1262 2359 1460 2390 confirmed
1473 2360 1521 2399 by
1533 2360 1595 2390 the
1609 2359 1809 2397 eontents]

769 2429 944 2456 ERASMO
965 2430 1279 2457 ROTERODAMO.

292 2487 394 2525 ETSI
426 2488 528 2525 nihil
561 2489 639 2526 hoc
670 2494 861 2540 tempore
894 2490 1103 2527 habebam
1134 2490 1247 2539 quod
1274 2490 1447 2540 dignum
1478 2494 1571 2527 erat
1599 2494 1647 2527 vt
1678 2490 1732 2527 ad
1763 2493 1805 2526 te

238 2542 475 2587 scriberem,
510 2543 751 2582 doctissime
788 2544 838 2582 D.
878 2545 1065 2589 Erasme,
1100 2550 1244 2582 tamen
1278 2558 1374 2582 cum
1411 2545 1652 2582 Florentius
1687 2557 1806 2581 meus

236 2598 421 2646 acceptis
438 2610 462 2634 a
479 2602 600 2647 patre
619 2598 772 2636 litteris
790 2599 1040 2649 respondere
1058 2599 1136 2636 tibi
1158 2604 1345 2649 cuperet,
1364 2604 1407 2636 et
1424 2601 1512 2636 sine
1531 2600 1634 2637 meis
1651 2598 1805 2636 litteris

280 2696 375 2726 2828.
414 2706 463 2735 13.
500 2697 683 2737 exemplo]
724 2698 799 2729 Not
841 2702 985 2729 extant.
1055 2699 1138 2728 2822
1157 2698 1291 2729 introd.

235 2739 312 2770 The
337 2740 517 2780 Emperor
538 2741 610 2771 had
632 2742 781 2773 written
799 2747 838 2773 to
861 2742 986 2779 Queen
1100 2751 1152 2781 33.
1179 2742 1353 2780 Leuinus]
1383 2742 1439 2772 He
1467 2753 1541 2772 was
1570 2742 1805 2782 presumably

235 2783 351 2823 Mary,
369 2794 428 2814 see
446 2784 521 2815 OE.
541 2795 575 2824 p.
596 2787 669 2824 361.
1056 2786 1119 2816 the
1143 2786 1270 2816 bearer
1293 2786 1369 2816 also
1394 2787 1431 2816 of
1456 2786 1551 2826 Epp.
1577 2787 1672 2821 2820,
1699 2787 1803 2821 2822;

282 2836 332 2865 15.
358 2827 505 2865 litteris]
524 2827 599 2858 Not
616 2833 759 2860 extant.
1053 2840 1112 2860 see
1129 2829 1205 2860 also
1223 2830 1319 2870 Epp.
1340 2831 1435 2869 2848,
1455 2831 1551 2869 2849.
1572 2830 1666 2867 2851.

282 2873 332 2901 16.
359 2871 492 2902 litteris
509 2873 637 2912 ipsius]
656 2873 725 2913 Ep.
746 2874 841 2904 2820.
1098 2873 1194 2903 2829.
1222 2882 1251 2903 2.
1280 2873 1502 2911 Florentius]
1517 2873 1702 2903 Griboval.
1739 2873 1804 2904 See

284 2924 333 2954 17.
359 2915 471 2946 Dux.
493 2939 499 2945 .
521 2915 592 2946 .ab
617 2916 776 2954 Askoth]
803 2917 923 2957 Philip
949 2917 986 2948 of
1054 2917 1122 2957 Ep.
1143 2919 1240 2956 2716.
1262 2919 1360 2954 156n.
1378 2917 1451 2947 and
1469 2917 1514 2947 cf.
1534 2917 1631 2957 Epp.
1650 2919 1746 2956 2767.
1762 2917 1804 2946 8-

235 2957 341 2999 Croy,
374 2958 472 2989 duke
505 2959 542 2989 of
578 2960 777 2996 Aersch0t3
818 2971 877 2991 see
914 2961 984 3002 Ep.
1053 2970 1085 2997 9,
1100 2961 1304 3001 2810.41-8.
1336 2961 1404 2991 His
1421 2960 1571 2991 letteris
1583 2965 1647 2991 not
1659 2964 1801 2991 extant.
