<?xml version="1.0" encoding="UTF-8"?>
<!DOCTYPE html PUBLIC "-//W3C//DTD XHTML 1.0 Transitional//EN"
    "http://www.w3.org/TR/xhtml1/DTD/xhtml1-transitional.dtd">
<html xmlns="http://www.w3.org/1999/xhtml" xml:lang="en" lang="en">
 <head>
  <title>
</title>
<meta http-equiv="Content-Type" content="text/html;charset=utf-8" />
  <meta name='ocr-system' content='tesseract 3.04.00' />
  <meta name='ocr-capabilities' content='ocr_page ocr_carea ocr_par ocr_line ocrx_word'/>
</head>
<body>
  <div class='ocr_page' id='page_1' title='image "./opusepistolarum10eras_0193.png"; bbox 0 0 1966 3379; ppageno 0'>
   <div class='ocr_carea' id='block_1_1' title="bbox 159 114 1729 165">
    <p class='ocr_par' dir='ltr' id='par_1_1' title="bbox 159 114 1729 165">
     <span class='ocr_line' id='line_1_1' title="bbox 159 114 1729 165; baseline 0.001 -12"><span class='ocrx_word' id='word_1_1' title='bbox 159 116 278 165; x_wconf 79' lang='lat'>2766]</span> <span class='ocrx_word' id='word_1_2' title='bbox 580 115 739 153; x_wconf 83' lang='lat' dir='ltr'>FROM</span> <span class='ocrx_word' id='word_1_3' title='bbox 771 114 912 153; x_wconf 90' lang='lat' dir='ltr'><strong>HAIO</strong></span> <span class='ocrx_word' id='word_1_4' title='bbox 943 115 1312 153; x_wconf 75' lang='lat' dir='ltr'><strong>CAMMYNGHA</strong></span> <span class='ocrx_word' id='word_1_5' title='bbox 1657 120 1729 156; x_wconf 80' lang='lat'>157</span> 
     </span>
    </p>
   </div>
   <div class='ocr_carea' id='block_1_2' title="bbox 154 220 1798 1254">
    <p class='ocr_par' dir='ltr' id='par_1_2' title="bbox 156 220 1731 312">
     <span class='ocr_line' id='line_1_2' title="bbox 156 220 1731 272; baseline 0.002 -15"><span class='ocrx_word' id='word_1_6' title='bbox 156 224 469 270; x_wconf 87' lang='lat' dir='ltr'>expugnarunt,</span> <span class='ocrx_word' id='word_1_7' title='bbox 493 232 719 269; x_wconf 83' lang='lat' dir='ltr'>secumque</span> <span class='ocrx_word' id='word_1_8' title='bbox 747 232 798 256; x_wconf 81' lang='lat' dir='ltr'>ex</span> <span class='ocrx_word' id='word_1_9' title='bbox 828 220 977 257; x_wconf 91' lang='lat' dir='ltr'>itinere</span> <span class='ocrx_word' id='word_1_10' title='bbox 1009 220 1221 257; x_wconf 85' lang='lat' dir='ltr'>diuersam</span> <span class='ocrx_word' id='word_1_11' title='bbox 1249 221 1362 258; x_wconf 85' lang='lat' dir='ltr'>viam</span> <span class='ocrx_word' id='word_1_12' title='bbox 1392 223 1577 259; x_wconf 77' lang='lat' dir='ltr'>remetiri</span> <span class='ocrx_word' id='word_1_13' title='bbox 1603 223 1731 272; x_wconf 91' lang='lat' dir='ltr'>impe-</span> 
     </span>
     <span class='ocr_line' id='line_1_3' title="bbox 156 279 339 312; baseline -0.005 0"><span class='ocrx_word' id='word_1_14' title='bbox 156 279 339 312; x_wconf 88' lang='lat' dir='ltr'>trarunt.</span> 
     </span>
    </p>

    <p class='ocr_par' dir='ltr' id='par_1_3' title="bbox 154 328 1798 1254">
     <span class='ocr_line' id='line_1_4' title="bbox 210 328 1731 381; baseline 0.003 -16"><span class='ocrx_word' id='word_1_15' title='bbox 210 328 348 374; x_wconf 83' lang='lat' dir='ltr'>Quare</span> <span class='ocrx_word' id='word_1_16' title='bbox 376 341 471 366; x_wconf 89' lang='lat' dir='ltr'>cum</span> <span class='ocrx_word' id='word_1_17' title='bbox 495 332 560 372; x_wconf 85' lang='lat' dir='ltr'>(vt</span> <span class='ocrx_word' id='word_1_18' title='bbox 582 328 784 366; x_wconf 89' lang='lat' dir='ltr'>Liuianus</span> <span class='ocrx_word' id='word_1_19' title='bbox 805 328 874 366; x_wconf 95' lang='lat' dir='ltr'>ille</span> <span class='ocrx_word' id='word_1_20' title='bbox 897 328 1083 366; x_wconf 87' lang='lat' dir='ltr'>Hanibal</span> <span class='ocrx_word' id='word_1_21' title='bbox 1106 330 1183 376; x_wconf 88' lang='lat' dir='ltr'>ait)</span> <span class='ocrx_word' id='word_1_22' title='bbox 1206 330 1412 378; x_wconf 86' lang='lat' dir='ltr'>preterita</span> <span class='ocrx_word' id='word_1_23' title='bbox 1434 332 1567 379; x_wconf 88' lang='lat' dir='ltr'>magis</span> <span class='ocrx_word' id='word_1_24' title='bbox 1596 344 1731 381; x_wconf 84' lang='lat' dir='ltr'>repre-</span> 
     </span>
     <span class='ocr_line' id='line_1_5' title="bbox 156 383 1793 433; baseline 0.003 -13"><span class='ocrx_word' id='word_1_25' title='bbox 156 383 283 421; x_wconf 88' lang='lat' dir='ltr'>hendi</span> <span class='ocrx_word' id='word_1_26' title='bbox 304 388 484 433; x_wconf 89' lang='lat' dir='ltr'>possunt</span> <span class='ocrx_word' id='word_1_27' title='bbox 506 396 634 432; x_wconf 89' lang='lat' dir='ltr'>quam</span> <span class='ocrx_word' id='word_1_28' title='bbox 656 384 818 432; x_wconf 81' lang='lat' dir='ltr'>corrigi,</span> <span class='ocrx_word' id='word_1_29' title='bbox 842 384 996 420; x_wconf 89' lang='lat' dir='ltr'>iterum</span> <span class='ocrx_word' id='word_1_30' title='bbox 1019 388 1148 432; x_wconf 90' lang='lat' dir='ltr'>atque</span> <span class='ocrx_word' id='word_1_31' title='bbox 1175 384 1329 421; x_wconf 88' lang='lat' dir='ltr'>iterum</span> <span class='ocrx_word' id='word_1_32' title='bbox 1356 385 1523 422; x_wconf 85' lang='lat' dir='ltr'>veniam</span> <span class='ocrx_word' id='word_1_33' title='bbox 1552 386 1733 424; x_wconf 79' lang='lat' dir='ltr'>admisse</span> <span class='ocrx_word' id='word_1_34' title='bbox 1753 397 1793 426; x_wconf 83' lang='lat'>55</span> 
     </span>
     <span class='ocr_line' id='line_1_6' title="bbox 156 437 1733 488; baseline 0.001 -13"><span class='ocrx_word' id='word_1_35' title='bbox 156 438 278 487; x_wconf 90' lang='lat' dir='ltr'>culpe</span> <span class='ocrx_word' id='word_1_36' title='bbox 300 437 403 474; x_wconf 90' lang='lat' dir='ltr'>mihi</span> <span class='ocrx_word' id='word_1_37' title='bbox 425 437 566 487; x_wconf 87' lang='lat' dir='ltr'>largiri</span> <span class='ocrx_word' id='word_1_38' title='bbox 588 450 746 487; x_wconf 91' lang='lat' dir='ltr'>precor.</span> <span class='ocrx_word' id='word_1_39' title='bbox 807 437 928 483; x_wconf 84' lang='lat' dir='ltr'>Quod</span> <span class='ocrx_word' id='word_1_40' title='bbox 958 439 991 475; x_wconf 89' lang='lat' dir='ltr'>si</span> <span class='ocrx_word' id='word_1_41' title='bbox 1020 442 1116 487; x_wconf 90' lang='lat' dir='ltr'>post</span> <span class='ocrx_word' id='word_1_42' title='bbox 1145 438 1222 475; x_wconf 94' lang='lat' dir='ltr'>hac</span> <span class='ocrx_word' id='word_1_43' title='bbox 1251 438 1485 488; x_wconf 82' lang='lat' dir='ltr'>quidquam</span> <span class='ocrx_word' id='word_1_44' title='bbox 1515 441 1629 488; x_wconf 85' lang='lat' dir='ltr'>quod</span> <span class='ocrx_word' id='word_1_45' title='bbox 1658 445 1733 478; x_wconf 89' lang='lat' dir='ltr'>tuo</span> 
     </span>
     <span class='ocr_line' id='line_1_7' title="bbox 156 492 1733 542; baseline 0.002 -13"><span class='ocrx_word' id='word_1_46' title='bbox 156 493 310 530; x_wconf 91' lang='lat' dir='ltr'>iudicio</span> <span class='ocrx_word' id='word_1_47' title='bbox 331 493 472 530; x_wconf 89' lang='lat' dir='ltr'>minus</span> <span class='ocrx_word' id='word_1_48' title='bbox 497 492 684 541; x_wconf 89' lang='lat' dir='ltr'>placebit</span> <span class='ocrx_word' id='word_1_49' title='bbox 713 493 755 529; x_wconf 92' lang='lat' dir='ltr'>in</span> <span class='ocrx_word' id='word_1_50' title='bbox 781 505 847 529; x_wconf 91' lang='lat' dir='ltr'>me</span> <span class='ocrx_word' id='word_1_51' title='bbox 875 492 1214 542; x_wconf 82' lang='lat' dir='ltr'>deprehenderis,</span> <span class='ocrx_word' id='word_1_52' title='bbox 1239 492 1367 530; x_wconf 87' lang='lat' dir='ltr'>libere</span> <span class='ocrx_word' id='word_1_53' title='bbox 1396 493 1650 532; x_wconf 85' lang='lat' dir='ltr'>admoneto:</span> <span class='ocrx_word' id='word_1_54' title='bbox 1684 508 1733 532; x_wconf 91' lang='lat' dir='ltr'>eo</span> 
     </span>
     <span class='ocr_line' id='line_1_8' title="bbox 155 546 1733 597; baseline 0.001 -13"><span class='ocrx_word' id='word_1_55' title='bbox 155 547 329 584; x_wconf 89' lang='lat' dir='ltr'>tandem</span> <span class='ocrx_word' id='word_1_56' title='bbox 351 551 604 596; x_wconf 91' lang='lat' dir='ltr'>argumento</span> <span class='ocrx_word' id='word_1_57' title='bbox 625 548 780 584; x_wconf 82' lang='lat' dir='ltr'>certior</span> <span class='ocrx_word' id='word_1_58' title='bbox 800 559 871 584; x_wconf 91' lang='lat' dir='ltr'>ero</span> <span class='ocrx_word' id='word_1_59' title='bbox 896 546 1234 596; x_wconf 78' lang='lat' dir='ltr'>Cammyngham</span> <span class='ocrx_word' id='word_1_60' title='bbox 1264 550 1502 597; x_wconf 81' lang='lat' dir='ltr'>preceptori</span> <span class='ocrx_word' id='word_1_61' title='bbox 1531 561 1607 586; x_wconf 88' lang='lat' dir='ltr'>suo</span> <span class='ocrx_word' id='word_1_62' title='bbox 1636 562 1733 587; x_wconf 91' lang='lat' dir='ltr'>cure</span> 
     </span>
     <span class='ocr_line' id='line_1_9' title="bbox 155 601 1731 651; baseline 0.002 -13"><span class='ocrx_word' id='word_1_63' title='bbox 155 614 256 647; x_wconf 81' lang='lat' dir='ltr'>esse,</span> <span class='ocrx_word' id='word_1_64' title='bbox 280 603 313 639; x_wconf 91' lang='lat' dir='ltr'>si</span> <span class='ocrx_word' id='word_1_65' title='bbox 336 601 395 638; x_wconf 91' lang='lat' dir='ltr'>illi</span> <span class='ocrx_word' id='word_1_66' title='bbox 416 601 546 639; x_wconf 90' lang='lat' dir='ltr'>fuerit</span> <span class='ocrx_word' id='word_1_67' title='bbox 568 601 843 639; x_wconf 87' lang='lat' dir='ltr'>honestarum</span> <span class='ocrx_word' id='word_1_68' title='bbox 867 614 1006 639; x_wconf 86' lang='lat' dir='ltr'>rerum</span> <span class='ocrx_word' id='word_1_69' title='bbox 1030 606 1181 639; x_wconf 78' lang='lat' dir='ltr'>auctor</span> <span class='ocrx_word' id='word_1_70' title='bbox 1202 607 1332 651; x_wconf 89' lang='lat' dir='ltr'>atque</span> <span class='ocrx_word' id='word_1_71' title='bbox 1351 604 1562 640; x_wconf 86' lang='lat' dir='ltr'>virtutum</span> <span class='ocrx_word' id='word_1_72' title='bbox 1585 605 1731 641; x_wconf 86' lang='lat' dir='ltr'>incita-</span> 
     </span>
     <span class='ocr_line' id='line_1_10' title="bbox 155 656 1795 707; baseline 0.002 -14"><span class='ocrx_word' id='word_1_73' title='bbox 155 661 362 694; x_wconf 89' lang='lat' dir='ltr'>mentum.</span> <span class='ocrx_word' id='word_1_74' title='bbox 423 656 533 693; x_wconf 88' lang='lat' dir='ltr'>Nam</span> <span class='ocrx_word' id='word_1_75' title='bbox 557 661 605 693; x_wconf 89' lang='lat' dir='ltr'>vt</span> <span class='ocrx_word' id='word_1_76' title='bbox 626 669 847 705; x_wconf 89' lang='lat' dir='ltr'>nunquam</span> <span class='ocrx_word' id='word_1_77' title='bbox 870 657 1009 693; x_wconf 84' lang='lat' dir='ltr'>minus</span> <span class='ocrx_word' id='word_1_78' title='bbox 1031 656 1202 706; x_wconf 88' lang='lat' dir='ltr'>probari</span> <span class='ocrx_word' id='word_1_79' title='bbox 1224 669 1352 705; x_wconf 88' lang='lat' dir='ltr'>quam</span> <span class='ocrx_word' id='word_1_80' title='bbox 1375 657 1490 707; x_wconf 86' lang='lat' dir='ltr'>diligi</span> <span class='ocrx_word' id='word_1_81' title='bbox 1517 671 1682 707; x_wconf 78' lang='lat' dir='ltr'>semper</span> <span class='ocrx_word' id='word_1_82' title='bbox 1709 672 1733 696; x_wconf 91' lang='lat' dir='ltr'>a</span> <span class='ocrx_word' id='word_1_83' title='bbox 1753 669 1795 698; x_wconf 79' lang='lat'>60</span> 
     </span>
     <span class='ocr_line' id='line_1_11' title="bbox 156 711 1732 760; baseline 0.001 -12"><span class='ocrx_word' id='word_1_84' title='bbox 156 716 198 748; x_wconf 91' lang='lat' dir='ltr'>te</span> <span class='ocrx_word' id='word_1_85' title='bbox 220 724 286 748; x_wconf 88' lang='lat' dir='ltr'>me</span> <span class='ocrx_word' id='word_1_86' title='bbox 309 711 437 755; x_wconf 86' lang='lat' dir='ltr'>volui⁷</span> <span class='ocrx_word' id='word_1_87' title='bbox 462 712 523 748; x_wconf 91' lang='lat' dir='ltr'>ita</span> <span class='ocrx_word' id='word_1_88' title='bbox 544 724 610 748; x_wconf 89' lang='lat' dir='ltr'>me</span> <span class='ocrx_word' id='word_1_89' title='bbox 639 711 805 749; x_wconf 89' lang='lat' dir='ltr'>hercule</span> <span class='ocrx_word' id='word_1_90' title='bbox 831 711 976 748; x_wconf 90' lang='lat' dir='ltr'>dolore</span> <span class='ocrx_word' id='word_1_91' title='bbox 1005 711 1190 760; x_wconf 90' lang='lat' dir='ltr'>quodam</span> <span class='ocrx_word' id='word_1_92' title='bbox 1218 712 1378 749; x_wconf 87' lang='lat' dir='ltr'>afficior</span> <span class='ocrx_word' id='word_1_93' title='bbox 1405 725 1490 749; x_wconf 89' lang='lat' dir='ltr'>non</span> <span class='ocrx_word' id='word_1_94' title='bbox 1520 713 1732 758; x_wconf 84' lang='lat' dir='ltr'>mediocri,</span> 
     </span>
     <span class='ocr_line' id='line_1_12' title="bbox 155 765 1732 816; baseline 0.001 -13"><span class='ocrx_word' id='word_1_95' title='bbox 155 779 251 803; x_wconf 89' lang='lat' dir='ltr'>cum</span> <span class='ocrx_word' id='word_1_96' title='bbox 273 766 379 803; x_wconf 90' lang='lat' dir='ltr'>alios</span> <span class='ocrx_word' id='word_1_97' title='bbox 399 778 485 803; x_wconf 91' lang='lat' dir='ltr'>non</span> <span class='ocrx_word' id='word_1_98' title='bbox 507 767 599 816; x_wconf 89' lang='lat' dir='ltr'>pari</span> <span class='ocrx_word' id='word_1_99' title='bbox 620 766 778 804; x_wconf 82' lang='lat' dir='ltr'>affectu</span> <span class='ocrx_word' id='word_1_100' title='bbox 799 779 898 815; x_wconf 88' lang='lat' dir='ltr'>erga</span> <span class='ocrx_word' id='word_1_101' title='bbox 919 770 960 803; x_wconf 89' lang='lat' dir='ltr'>te</span> <span class='ocrx_word' id='word_1_102' title='bbox 989 765 1201 815; x_wconf 90' lang='lat' dir='ltr'>procliuos</span> <span class='ocrx_word' id='word_1_103' title='bbox 1227 768 1535 816; x_wconf 83' lang='lat' dir='ltr'>possessionem</span> <span class='ocrx_word' id='word_1_104' title='bbox 1565 769 1732 811; x_wconf 80' lang='lat' dir='ltr'>amoris,</span> 
     </span>
     <span class='ocr_line' id='line_1_13' title="bbox 155 820 1732 871; baseline 0.001 -14"><span class='ocrx_word' id='word_1_105' title='bbox 155 833 240 870; x_wconf 90' lang='lat' dir='ltr'>quo</span> <span class='ocrx_word' id='word_1_106' title='bbox 271 821 312 858; x_wconf 92' lang='lat' dir='ltr'>in</span> <span class='ocrx_word' id='word_1_107' title='bbox 345 833 410 858; x_wconf 88' lang='lat' dir='ltr'>me</span> <span class='ocrx_word' id='word_1_108' title='bbox 441 825 518 858; x_wconf 88' lang='lat' dir='ltr'>tua</span> <span class='ocrx_word' id='word_1_109' title='bbox 547 820 794 858; x_wconf 88' lang='lat' dir='ltr'>humanitas</span> <span class='ocrx_word' id='word_1_110' title='bbox 820 825 913 858; x_wconf 90' lang='lat' dir='ltr'>tum</span> <span class='ocrx_word' id='word_1_111' title='bbox 939 833 1150 870; x_wconf 87' lang='lat' dir='ltr'>propensa</span> <span class='ocrx_word' id='word_1_112' title='bbox 1173 826 1278 866; x_wconf 85' lang='lat' dir='ltr'>erat,</span> <span class='ocrx_word' id='word_1_113' title='bbox 1311 834 1517 871; x_wconf 90' lang='lat' dir='ltr'>occupare</span> <span class='ocrx_word' id='word_1_114' title='bbox 1543 822 1732 859; x_wconf 88' lang='lat' dir='ltr'>animad-</span> 
     </span>
     <span class='ocr_line' id='line_1_14' title="bbox 156 875 1735 926; baseline 0.001 -14"><span class='ocrx_word' id='word_1_115' title='bbox 156 880 302 919; x_wconf 79' lang='lat' dir='ltr'>uerto;</span> <span class='ocrx_word' id='word_1_116' title='bbox 347 888 431 912; x_wconf 88' lang='lat' dir='ltr'>non</span> <span class='ocrx_word' id='word_1_117' title='bbox 471 875 586 924; x_wconf 91' lang='lat' dir='ltr'>quod</span> <span class='ocrx_word' id='word_1_118' title='bbox 627 875 795 913; x_wconf 90' lang='lat' dir='ltr'>illorum</span> <span class='ocrx_word' id='word_1_119' title='bbox 836 875 1034 912; x_wconf 76' lang='lat' dir='ltr'>felicitati</span> <span class='ocrx_word' id='word_1_120' title='bbox 1069 876 1252 921; x_wconf 86' lang='lat' dir='ltr'>inuideo,</span> <span class='ocrx_word' id='word_1_121' title='bbox 1288 889 1435 913; x_wconf 87' lang='lat' dir='ltr'>verum</span> <span class='ocrx_word' id='word_1_122' title='bbox 1472 878 1572 926; x_wconf 91' lang='lat' dir='ltr'>quia</span> <span class='ocrx_word' id='word_1_123' title='bbox 1614 877 1735 914; x_wconf 91' lang='lat' dir='ltr'>dolor</span> 
     </span>
     <span class='ocr_line' id='line_1_15' title="bbox 156 930 1795 991; baseline 0.001 -24"><span class='ocrx_word' id='word_1_124' title='bbox 156 930 331 979; x_wconf 84' lang='lat' dir='ltr'>quidam</span> <span class='ocrx_word' id='word_1_125' title='bbox 356 931 451 977; x_wconf 89' lang='lat' dir='ltr'>(nisi</span> <span class='ocrx_word' id='word_1_126' title='bbox 473 943 497 967; x_wconf 88' lang='lat' dir='ltr'>a</span> <span class='ocrx_word' id='word_1_127' title='bbox 520 934 561 967; x_wconf 90' lang='lat' dir='ltr'>te</span> <span class='ocrx_word' id='word_1_128' title='bbox 584 943 754 980; x_wconf 89' lang='lat' dir='ltr'>prorsus</span> <span class='ocrx_word' id='word_1_129' title='bbox 776 930 1114 991; x_wconf 76' lang='lat' dir='ltr'>immedicabilis)</span> <span class='ocrx_word' id='word_1_130' title='bbox 1138 943 1204 968; x_wconf 91' lang='lat' dir='ltr'>me</span> <span class='ocrx_word' id='word_1_131' title='bbox 1227 932 1442 968; x_wconf 84' lang='lat' dir='ltr'>excrutiat</span> <span class='ocrx_word' id='word_1_132' title='bbox 1470 936 1601 980; x_wconf 88' lang='lat' dir='ltr'>atque</span> <span class='ocrx_word' id='word_1_133' title='bbox 1629 932 1735 969; x_wconf 91' lang='lat' dir='ltr'>adeo</span> <span class='ocrx_word' id='word_1_134' title='bbox 1754 941 1795 978; x_wconf 74' lang='lat'>65</span> 
     </span>
     <span class='ocr_line' id='line_1_16' title="bbox 156 984 1735 1036; baseline 0.001 -14"><span class='ocrx_word' id='word_1_135' title='bbox 156 984 338 1029; x_wconf 88' lang='lat' dir='ltr'>conficit,</span> <span class='ocrx_word' id='word_1_136' title='bbox 368 998 463 1022; x_wconf 91' lang='lat' dir='ltr'>cum</span> <span class='ocrx_word' id='word_1_137' title='bbox 495 986 723 1035; x_wconf 89' lang='lat' dir='ltr'>pristinum</span> <span class='ocrx_word' id='word_1_138' title='bbox 755 986 942 1022; x_wconf 88' lang='lat' dir='ltr'>amicicie</span> <span class='ocrx_word' id='word_1_139' title='bbox 973 985 1151 1034; x_wconf 84' lang='lat' dir='ltr'>gradum</span> <span class='ocrx_word' id='word_1_140' title='bbox 1180 985 1374 1023; x_wconf 87' lang='lat' dir='ltr'>obtinere</span> <span class='ocrx_word' id='word_1_141' title='bbox 1403 999 1468 1023; x_wconf 90' lang='lat' dir='ltr'>me</span> <span class='ocrx_word' id='word_1_142' title='bbox 1497 998 1581 1023; x_wconf 90' lang='lat' dir='ltr'>non</span> <span class='ocrx_word' id='word_1_143' title='bbox 1613 999 1735 1036; x_wconf 88' lang='lat' dir='ltr'>posse</span> 
     </span>
     <span class='ocr_line' id='line_1_17' title="bbox 156 1039 1734 1088; baseline 0.001 -11"><span class='ocrx_word' id='word_1_144' title='bbox 156 1039 403 1088; x_wconf 83' lang='lat' dir='ltr'>intelligam</span> <span class='ocrx_word' id='word_1_145' title='bbox 450 1039 560 1085; x_wconf 82' lang='lat' dir='ltr'>Quid</span> <span class='ocrx_word' id='word_1_146' title='bbox 581 1040 692 1077; x_wconf 90' lang='lat' dir='ltr'>enim</span> <span class='ocrx_word' id='word_1_147' title='bbox 715 1039 832 1077; x_wconf 90' lang='lat' dir='ltr'>aliud</span> <span class='ocrx_word' id='word_1_148' title='bbox 849 1040 927 1077; x_wconf 84' lang='lat' dir='ltr'>sibi</span> <span class='ocrx_word' id='word_1_149' title='bbox 942 1039 1126 1077; x_wconf 87' lang='lat' dir='ltr'>voluisse</span> <span class='ocrx_word' id='word_1_150' title='bbox 1144 1040 1315 1078; x_wconf 87' lang='lat' dir='ltr'>videtur</span> <span class='ocrx_word' id='word_1_151' title='bbox 1332 1040 1466 1078; x_wconf 87' lang='lat' dir='ltr'>veluti</span> <span class='ocrx_word' id='word_1_152' title='bbox 1484 1054 1510 1077; x_wconf 83' lang='lat' dir='ltr'>v</span> <span class='ocrx_word' id='word_1_153' title='bbox 1514 1042 1734 1078; x_wconf 87' lang='lat' dir='ltr'>aticinium</span> 
     </span>
     <span class='ocr_line' id='line_1_18' title="bbox 156 1094 1735 1144; baseline 0.001 -13"><span class='ocrx_word' id='word_1_154' title='bbox 156 1094 372 1144; x_wconf 88' lang='lat' dir='ltr'>quoddam</span> <span class='ocrx_word' id='word_1_155' title='bbox 402 1094 516 1143; x_wconf 89' lang='lat' dir='ltr'>quod</span> <span class='ocrx_word' id='word_1_156' title='bbox 547 1094 743 1144; x_wconf 89' lang='lat' dir='ltr'>Friburgi</span> <span class='ocrx_word' id='word_1_157' title='bbox 774 1095 816 1131; x_wconf 92' lang='lat' dir='ltr'>in</span> <span class='ocrx_word' id='word_1_158' title='bbox 847 1094 996 1131; x_wconf 80' lang='lat' dir='ltr'>edibus</span> <span class='ocrx_word' id='word_1_159' title='bbox 1028 1099 1100 1132; x_wconf 86' lang='lat' dir='ltr'>tue</span> <span class='ocrx_word' id='word_1_160' title='bbox 1132 1094 1414 1133; x_wconf 88' lang='lat' dir='ltr'>humanitatis</span> <span class='ocrx_word' id='word_1_161' title='bbox 1445 1100 1547 1133; x_wconf 90' lang='lat' dir='ltr'>ante</span> <span class='ocrx_word' id='word_1_162' title='bbox 1577 1096 1735 1133; x_wconf 88' lang='lat' dir='ltr'>ostium</span> 
     </span>
     <span class='ocr_line' id='line_1_19' title="bbox 156 1148 1736 1188; baseline 0.001 -2"><span class='ocrx_word' id='word_1_163' title='bbox 156 1150 237 1186; x_wconf 87' lang='lat' dir='ltr'>mei</span> <span class='ocrx_word' id='word_1_164' title='bbox 259 1148 443 1186; x_wconf 89' lang='lat' dir='ltr'>cubiculi</span> <span class='ocrx_word' id='word_1_165' title='bbox 465 1150 605 1187; x_wconf 88' lang='lat' dir='ltr'>nescio</span> <span class='ocrx_word' id='word_1_166' title='bbox 627 1150 747 1187; x_wconf 89' lang='lat' dir='ltr'>cuius</span> <span class='ocrx_word' id='word_1_167' title='bbox 768 1149 968 1187; x_wconf 87' lang='lat' dir='ltr'>maleuoli</span> <span class='ocrx_word' id='word_1_168' title='bbox 991 1154 1138 1187; x_wconf 91' lang='lat' dir='ltr'>nostro</span> <span class='ocrx_word' id='word_1_169' title='bbox 1155 1151 1289 1188; x_wconf 90' lang='lat' dir='ltr'>amori</span> <span class='ocrx_word' id='word_1_170' title='bbox 1306 1150 1539 1188; x_wconf 89' lang='lat' dir='ltr'>inuidentis</span> <span class='ocrx_word' id='word_1_171' title='bbox 1556 1150 1736 1188; x_wconf 79' lang='lat' dir='ltr'>artificio</span> 
     </span>
     <span class='ocr_line' id='line_1_20' title="bbox 154 1204 1798 1254; baseline 0.001 -13"><span class='ocrx_word' id='word_1_172' title='bbox 154 1204 371 1254; x_wconf 88' lang='lat' dir='ltr'>depictum</span> <span class='ocrx_word' id='word_1_173' title='bbox 393 1205 588 1241; x_wconf 88' lang='lat' dir='ltr'>memini:</span> <span class='ocrx_word' id='word_1_174' title='bbox 1757 1223 1798 1252; x_wconf 89' lang='lat'>70</span> 
     </span>
    </p>
   </div>
   <div class='ocr_carea' id='block_1_3' title="bbox 404 1269 1444 1315">
    <p class='ocr_par' dir='ltr' id='par_1_4' title="bbox 404 1269 1444 1315">
     <span class='ocr_line' id='line_1_21' title="bbox 404 1269 1444 1315; baseline 0.001 -8"><span class='ocrx_word' id='word_1_175' title='bbox 404 1269 650 1307; x_wconf 79' lang='lat' dir='ltr'>Successore</span> <span class='ocrx_word' id='word_1_176' title='bbox 672 1282 785 1307; x_wconf 91' lang='lat' dir='ltr'>nouo</span> <span class='ocrx_word' id='word_1_177' title='bbox 807 1269 975 1308; x_wconf 89' lang='lat' dir='ltr'>tollitur</span> <span class='ocrx_word' id='word_1_178' title='bbox 997 1271 1133 1308; x_wconf 82' lang='lat' dir='ltr'>omnis</span> <span class='ocrx_word' id='word_1_179' title='bbox 1155 1283 1316 1315; x_wconf 85' lang='lat' dir='ltr'>amans,</span> <span class='ocrx_word' id='word_1_180' title='bbox 1339 1276 1418 1308; x_wconf 89' lang='lat' dir='ltr'>etc.</span> <span class='ocrx_word' id='word_1_181' title='bbox 1439 1285 1444 1308; x_wconf 90' lang='lat'><strong>:</strong></span> 
     </span>
    </p>
   </div>
   <div class='ocr_carea' id='block_1_4' title="bbox 156 1335 1798 2703">
    <p class='ocr_par' dir='ltr' id='par_1_5' title="bbox 156 1335 1798 1934">
     <span class='ocr_line' id='line_1_22' title="bbox 156 1335 1736 1386; baseline 0.001 -14"><span class='ocrx_word' id='word_1_182' title='bbox 156 1336 277 1385; x_wconf 87' lang='lat' dir='ltr'>quasi</span> <span class='ocrx_word' id='word_1_183' title='bbox 300 1348 400 1373; x_wconf 90' lang='lat' dir='ltr'>vero</span> <span class='ocrx_word' id='word_1_184' title='bbox 425 1347 520 1373; x_wconf 87' lang='lat' dir='ltr'>cum</span> <span class='ocrx_word' id='word_1_185' title='bbox 545 1335 636 1373; x_wconf 91' lang='lat' dir='ltr'>loco</span> <span class='ocrx_word' id='word_1_186' title='bbox 657 1339 701 1373; x_wconf 94' lang='lat' dir='ltr'>et</span> <span class='ocrx_word' id='word_1_187' title='bbox 721 1336 957 1373; x_wconf 89' lang='lat' dir='ltr'>amiciciam</span> <span class='ocrx_word' id='word_1_188' title='bbox 980 1337 1139 1374; x_wconf 88' lang='lat' dir='ltr'>mutari</span> <span class='ocrx_word' id='word_1_189' title='bbox 1168 1341 1378 1386; x_wconf 82' lang='lat' dir='ltr'>oporteat,</span> <span class='ocrx_word' id='word_1_190' title='bbox 1408 1341 1451 1374; x_wconf 92' lang='lat' dir='ltr'>et</span> <span class='ocrx_word' id='word_1_191' title='bbox 1479 1349 1563 1374; x_wconf 90' lang='lat' dir='ltr'>non</span> <span class='ocrx_word' id='word_1_192' title='bbox 1592 1337 1736 1386; x_wconf 87' lang='lat' dir='ltr'>potius</span> 
     </span>
     <span class='ocr_line' id='line_1_23' title="bbox 157 1390 1735 1440; baseline 0.002 -13"><span class='ocrx_word' id='word_1_193' title='bbox 157 1391 199 1428; x_wconf 91' lang='lat' dir='ltr'>in</span> <span class='ocrx_word' id='word_1_194' title='bbox 227 1390 423 1428; x_wconf 84' lang='lat' dir='ltr'>absentia</span> <span class='ocrx_word' id='word_1_195' title='bbox 450 1391 796 1440; x_wconf 80' lang='lat' dir='ltr'>grauissimisque</span> <span class='ocrx_word' id='word_1_196' title='bbox 821 1391 1185 1439; x_wconf 82' lang='lat' dir='ltr'>discrimi&lt;ni&gt;bus</span> <span class='ocrx_word' id='word_1_197' title='bbox 1207 1392 1369 1428; x_wconf 90' lang='lat' dir='ltr'>mutuis</span> <span class='ocrx_word' id='word_1_198' title='bbox 1398 1392 1543 1430; x_wconf 85' lang='lat' dir='ltr'>officiis</span> <span class='ocrx_word' id='word_1_199' title='bbox 1564 1392 1735 1430; x_wconf 89' lang='lat' dir='ltr'>studere</span> 
     </span>
     <span class='ocr_line' id='line_1_24' title="bbox 156 1445 1733 1495; baseline 0.001 -13"><span class='ocrx_word' id='word_1_200' title='bbox 156 1458 285 1494; x_wconf 86' lang='lat' dir='ltr'>quam</span> <span class='ocrx_word' id='word_1_201' title='bbox 318 1446 359 1482; x_wconf 93' lang='lat' dir='ltr'>in</span> <span class='ocrx_word' id='word_1_202' title='bbox 390 1446 605 1494; x_wconf 82' lang='lat' dir='ltr'>presentia</span> <span class='ocrx_word' id='word_1_203' title='bbox 636 1445 955 1495; x_wconf 88' lang='lat' dir='ltr'>tranquilloque</span> <span class='ocrx_word' id='word_1_204' title='bbox 980 1459 1119 1483; x_wconf 91' lang='lat' dir='ltr'>rerum</span> <span class='ocrx_word' id='word_1_205' title='bbox 1149 1451 1268 1483; x_wconf 89' lang='lat' dir='ltr'>statu</span> <span class='ocrx_word' id='word_1_206' title='bbox 1297 1446 1464 1484; x_wconf 89' lang='lat' dir='ltr'>adulari</span> <span class='ocrx_word' id='word_1_207' title='bbox 1492 1448 1733 1484; x_wconf 89' lang='lat' dir='ltr'>conueniat.</span> 
     </span>
     <span class='ocr_line' id='line_1_25' title="bbox 157 1499 1796 1551; baseline 0.002 -14"><span class='ocrx_word' id='word_1_208' title='bbox 157 1499 265 1538; x_wconf 74' lang='lat' dir='ltr'>Sane</span> <span class='ocrx_word' id='word_1_209' title='bbox 294 1500 409 1549; x_wconf 86' lang='lat' dir='ltr'>quod</span> <span class='ocrx_word' id='word_1_210' title='bbox 437 1500 492 1537; x_wconf 90' lang='lat' dir='ltr'>ad</span> <span class='ocrx_word' id='word_1_211' title='bbox 514 1513 580 1537; x_wconf 93' lang='lat' dir='ltr'>me</span> <span class='ocrx_word' id='word_1_212' title='bbox 601 1501 772 1545; x_wconf 83' lang='lat' dir='ltr'>attinet,</span> <span class='ocrx_word' id='word_1_213' title='bbox 799 1501 1098 1550; x_wconf 90' lang='lat' dir='ltr'>grauissimum</span> <span class='ocrx_word' id='word_1_214' title='bbox 1125 1501 1555 1551; x_wconf 87' lang='lat' dir='ltr'>accerbissimumque</span> <span class='ocrx_word' id='word_1_215' title='bbox 1578 1502 1734 1551; x_wconf 90' lang='lat' dir='ltr'>suppli·</span> <span class='ocrx_word' id='word_1_216' title='bbox 1759 1512 1796 1542; x_wconf 80' lang='grc'>75</span> 
     </span>
     <span class='ocr_line' id='line_1_26' title="bbox 156 1555 1736 1605; baseline 0.001 -13"><span class='ocrx_word' id='word_1_217' title='bbox 156 1556 267 1593; x_wconf 83' lang='grc'><strong>0111111</strong></span> <span class='ocrx_word' id='word_1_218' title='bbox 286 1556 448 1605; x_wconf 90' lang='lat' dir='ltr'>perpeti</span> <span class='ocrx_word' id='word_1_219' title='bbox 467 1568 552 1593; x_wconf 89' lang='lat' dir='ltr'>non</span> <span class='ocrx_word' id='word_1_220' title='bbox 573 1568 775 1601; x_wconf 87' lang='lat' dir='ltr'>recusem,</span> <span class='ocrx_word' id='word_1_221' title='bbox 791 1556 825 1592; x_wconf 91' lang='lat' dir='ltr'>si</span> <span class='ocrx_word' id='word_1_222' title='bbox 840 1555 966 1593; x_wconf 88' lang='lat' dir='ltr'>fidem</span> <span class='ocrx_word' id='word_1_223' title='bbox 982 1568 1110 1605; x_wconf 91' lang='lat' dir='ltr'>quam</span> <span class='ocrx_word' id='word_1_224' title='bbox 1127 1556 1216 1600; x_wconf 87' lang='lat' dir='ltr'>tibi,</span> <span class='ocrx_word' id='word_1_225' title='bbox 1233 1560 1417 1605; x_wconf 88' lang='lat' dir='ltr'>patrono</span> <span class='ocrx_word' id='word_1_226' title='bbox 1434 1569 1539 1601; x_wconf 78' lang='lat' dir='ltr'>meo,</span> <span class='ocrx_word' id='word_1_227' title='bbox 1558 1556 1736 1594; x_wconf 83' lang='lat' dir='ltr'>debeam</span> 
     </span>
     <span class='ocr_line' id='line_1_27' title="bbox 156 1609 1737 1660; baseline 0.001 -13"><span class='ocrx_word' id='word_1_228' title='bbox 156 1623 329 1660; x_wconf 89' lang='lat' dir='ltr'>presens</span> <span class='ocrx_word' id='word_1_229' title='bbox 353 1609 561 1648; x_wconf 89' lang='lat' dir='ltr'>absensue</span> <span class='ocrx_word' id='word_1_230' title='bbox 583 1623 772 1659; x_wconf 88' lang='lat' dir='ltr'>vnquam</span> <span class='ocrx_word' id='word_1_231' title='bbox 794 1610 996 1648; x_wconf 84' lang='lat' dir='ltr'>fefellero.</span> <span class='ocrx_word' id='word_1_232' title='bbox 1048 1610 1201 1660; x_wconf 88' lang='lat' dir='ltr'>Itaque</span> <span class='ocrx_word' id='word_1_233' title='bbox 1223 1611 1429 1648; x_wconf 88' lang='lat' dir='ltr'>artificem</span> <span class='ocrx_word' id='word_1_234' title='bbox 1452 1611 1572 1648; x_wconf 91' lang='lat' dir='ltr'>illum</span> <span class='ocrx_word' id='word_1_235' title='bbox 1596 1611 1673 1649; x_wconf 87' lang='lat' dir='ltr'>hac</span> <span class='ocrx_word' id='word_1_236' title='bbox 1696 1612 1737 1648; x_wconf 89' lang='lat' dir='ltr'>in</span> 
     </span>
     <span class='ocr_line' id='line_1_28' title="bbox 157 1664 1735 1715; baseline 0.001 -13"><span class='ocrx_word' id='word_1_237' title='bbox 157 1669 277 1714; x_wconf 88' lang='lat' dir='ltr'>parte</span> <span class='ocrx_word' id='word_1_238' title='bbox 300 1664 568 1709; x_wconf 89' lang='lat' dir='ltr'>maledicum,</span> <span class='ocrx_word' id='word_1_239' title='bbox 590 1670 721 1714; x_wconf 90' lang='lat' dir='ltr'>atque</span> <span class='ocrx_word' id='word_1_240' title='bbox 742 1665 784 1702; x_wconf 92' lang='lat' dir='ltr'>in</span> <span class='ocrx_word' id='word_1_241' title='bbox 808 1666 939 1715; x_wconf 89' lang='lat' dir='ltr'>ipsius</span> <span class='ocrx_word' id='word_1_242' title='bbox 960 1666 1086 1703; x_wconf 87' lang='lat' dir='ltr'>amici</span> <span class='ocrx_word' id='word_1_243' title='bbox 1112 1666 1353 1703; x_wconf 89' lang='lat' dir='ltr'>absentiam</span> <span class='ocrx_word' id='word_1_244' title='bbox 1379 1666 1735 1703; x_wconf 84' lang='lat' dir='ltr'>contumeliosum</span> 
     </span>
     <span class='ocr_line' id='line_1_29' title="bbox 157 1719 1737 1770; baseline 0.001 -13"><span class='ocrx_word' id='word_1_245' title='bbox 157 1720 450 1757; x_wconf 87' lang='lat' dir='ltr'>obmutescere</span> <span class='ocrx_word' id='word_1_246' title='bbox 478 1721 614 1770; x_wconf 87' lang='lat' dir='ltr'>cupio.</span> <span class='ocrx_word' id='word_1_247' title='bbox 675 1719 817 1769; x_wconf 89' lang='lat' dir='ltr'>Longe</span> <span class='ocrx_word' id='word_1_248' title='bbox 844 1721 956 1758; x_wconf 89' lang='lat' dir='ltr'>enim</span> <span class='ocrx_word' id='word_1_249' title='bbox 986 1721 1029 1758; x_wconf 90' lang='lat' dir='ltr'>in</span> <span class='ocrx_word' id='word_1_250' title='bbox 1056 1721 1273 1758; x_wconf 91' lang='lat' dir='ltr'>diuersum</span> <span class='ocrx_word' id='word_1_251' title='bbox 1301 1734 1349 1758; x_wconf 90' lang='lat' dir='ltr'>ac</span> <span class='ocrx_word' id='word_1_252' title='bbox 1378 1721 1529 1759; x_wconf 87' lang='lat' dir='ltr'>melius</span> <span class='ocrx_word' id='word_1_253' title='bbox 1556 1721 1615 1758; x_wconf 89' lang='lat' dir='ltr'>illi</span> <span class='ocrx_word' id='word_1_254' title='bbox 1644 1734 1737 1758; x_wconf 88' lang='lat' dir='ltr'>mea</span> 
     </span>
     <span class='ocr_line' id='line_1_30' title="bbox 157 1775 1798 1826; baseline 0.001 -15"><span class='ocrx_word' id='word_1_255' title='bbox 157 1776 353 1824; x_wconf 88' lang='lat' dir='ltr'>opinione</span> <span class='ocrx_word' id='word_1_256' title='bbox 375 1779 468 1812; x_wconf 87' lang='lat' dir='ltr'>erat</span> <span class='ocrx_word' id='word_1_257' title='bbox 490 1775 691 1812; x_wconf 90' lang='lat' dir='ltr'>iudicium</span> <span class='ocrx_word' id='word_1_258' title='bbox 715 1775 829 1824; x_wconf 93' lang='lat' dir='ltr'>quod</span> <span class='ocrx_word' id='word_1_259' title='bbox 847 1775 897 1813; x_wconf 88' lang='lat' dir='ltr'>de</span> <span class='ocrx_word' id='word_1_260' title='bbox 915 1775 1152 1824; x_wconf 88' lang='lat' dir='ltr'>abs[c]ente</span> <span class='ocrx_word' id='word_1_261' title='bbox 1170 1775 1227 1812; x_wconf 88' lang='lat' dir='ltr'>nil</span> <span class='ocrx_word' id='word_1_262' title='bbox 1250 1776 1329 1813; x_wconf 91' lang='lat' dir='ltr'>nisi</span> <span class='ocrx_word' id='word_1_263' title='bbox 1347 1776 1497 1813; x_wconf 86' lang='lat' dir='ltr'>dextre</span> <span class='ocrx_word' id='word_1_264' title='bbox 1519 1776 1734 1826; x_wconf 89' lang='lat' dir='ltr'>suspican-</span> <span class='ocrx_word' id='word_1_265' title='bbox 1756 1778 1798 1806; x_wconf 81' lang='lat'>80</span> 
     </span>
     <span class='ocr_line' id='line_1_31' title="bbox 157 1829 1737 1880; baseline 0.001 -14"><span class='ocrx_word' id='word_1_266' title='bbox 157 1829 257 1867; x_wconf 90' lang='lat' dir='ltr'>dum</span> <span class='ocrx_word' id='word_1_267' title='bbox 281 1830 594 1879; x_wconf 86' lang='lat' dir='ltr'>pronuntiauit,</span> <span class='ocrx_word' id='word_1_268' title='bbox 613 1829 726 1879; x_wconf 86' lang='lat' dir='ltr'>quod</span> <span class='ocrx_word' id='word_1_269' title='bbox 748 1834 792 1867; x_wconf 92' lang='lat' dir='ltr'>et</span> <span class='ocrx_word' id='word_1_270' title='bbox 813 1834 967 1868; x_wconf 87' lang='lat' dir='ltr'>nature</span> <span class='ocrx_word' id='word_1_271' title='bbox 989 1831 1291 1868; x_wconf 85' lang='lat' dir='ltr'>consentanius</span> <span class='ocrx_word' id='word_1_272' title='bbox 1313 1835 1377 1868; x_wconf 78' lang='lat' dir='ltr'>est</span> <span class='ocrx_word' id='word_1_273' title='bbox 1399 1831 1587 1880; x_wconf 88' lang='lat' dir='ltr'>mihique</span> <span class='ocrx_word' id='word_1_274' title='bbox 1604 1832 1737 1880; x_wconf 86' lang='lat' dir='ltr'>magis</span> 
     </span>
     <span class='ocr_line' id='line_1_32' title="bbox 157 1884 942 1934; baseline 0.001 -13"><span class='ocrx_word' id='word_1_275' title='bbox 157 1884 386 1934; x_wconf 71' lang='lat' dir='ltr'>(probum)</span> <span class='ocrx_word' id='word_1_276' title='bbox 409 1897 456 1921; x_wconf 88' lang='lat' dir='ltr'>ac</span> <span class='ocrx_word' id='word_1_277' title='bbox 479 1885 742 1934; x_wconf 84' lang='lat' dir='ltr'>probabilius</span> <span class='ocrx_word' id='word_1_278' title='bbox 759 1885 942 1922; x_wconf 82' lang='lat' dir='ltr'>videtur.</span> 
     </span>
    </p>

    <p class='ocr_par' dir='ltr' id='par_1_6' title="bbox 156 1938 1797 2484">
     <span class='ocr_line' id='line_1_33' title="bbox 212 1938 1735 1989; baseline 0 -12"><span class='ocrx_word' id='word_1_279' title='bbox 212 1938 322 1985; x_wconf 79' lang='lat' dir='ltr'>Quin</span> <span class='ocrx_word' id='word_1_280' title='bbox 344 1944 388 1977; x_wconf 91' lang='lat' dir='ltr'>et</span> <span class='ocrx_word' id='word_1_281' title='bbox 409 1940 496 1989; x_wconf 88' lang='lat' dir='ltr'>ipse</span> <span class='ocrx_word' id='word_1_282' title='bbox 518 1952 615 1977; x_wconf 80' lang='lat' dir='ltr'>cuin</span> <span class='ocrx_word' id='word_1_283' title='bbox 645 1940 686 1976; x_wconf 92' lang='lat' dir='ltr'>in</span> <span class='ocrx_word' id='word_1_284' title='bbox 710 1939 891 1989; x_wconf 86' lang='lat' dir='ltr'>Phrysia</span> <span class='ocrx_word' id='word_1_285' title='bbox 913 1953 1019 1983; x_wconf 86' lang='lat' dir='ltr'>sum,</span> <span class='ocrx_word' id='word_1_286' title='bbox 1042 1940 1190 1977; x_wconf 84' lang='lat' dir='ltr'>videor</span> <span class='ocrx_word' id='word_1_287' title='bbox 1212 1953 1346 1989; x_wconf 85' lang='lat' dir='ltr'>Vsque</span> <span class='ocrx_word' id='word_1_288' title='bbox 1375 1945 1515 1978; x_wconf 88' lang='lat' dir='ltr'>tecum</span> <span class='ocrx_word' id='word_1_289' title='bbox 1540 1940 1735 1989; x_wconf 83' lang='lat' dir='ltr'>Friburgi</span> 
     </span>
     <span class='ocr_line' id='line_1_34' title="bbox 157 1994 1735 2044; baseline 0.001 -13"><span class='ocrx_word' id='word_1_290' title='bbox 157 2007 302 2043; x_wconf 87' lang='lat' dir='ltr'>agere:</span> <span class='ocrx_word' id='word_1_291' title='bbox 335 1994 442 2032; x_wconf 90' lang='lat' dir='ltr'>adeo</span> <span class='ocrx_word' id='word_1_292' title='bbox 468 1995 581 2032; x_wconf 91' lang='lat' dir='ltr'>enim</span> <span class='ocrx_word' id='word_1_293' title='bbox 611 1995 852 2032; x_wconf 89' lang='lat' dir='ltr'>suauissimi</span> <span class='ocrx_word' id='word_1_294' title='bbox 880 1994 1221 2044; x_wconf 87' lang='lat' dir='ltr'>melitissimique</span> <span class='ocrx_word' id='word_1_295' title='bbox 1250 1995 1310 2033; x_wconf 93' lang='lat' dir='ltr'>illi</span> <span class='ocrx_word' id='word_1_296' title='bbox 1338 2008 1554 2033; x_wconf 80' lang='lat' dir='ltr'>sermones</span> <span class='ocrx_word' id='word_1_297' title='bbox 1580 1996 1644 2032; x_wconf 89' lang='lat' dir='ltr'>tui</span> <span class='ocrx_word' id='word_1_298' title='bbox 1669 1995 1735 2033; x_wconf 91' lang='lat' dir='ltr'>die</span> 
     </span>
     <span class='ocr_line' id='line_1_35' title="bbox 158 2051 1796 2100; baseline 0.001 -14"><span class='ocrx_word' id='word_1_299' title='bbox 158 2053 373 2098; x_wconf 90' lang='lat' dir='ltr'>noctuque</span> <span class='ocrx_word' id='word_1_300' title='bbox 404 2062 570 2087; x_wconf 86' lang='lat' dir='ltr'>mecum</span> <span class='ocrx_word' id='word_1_301' title='bbox 602 2054 841 2095; x_wconf 84' lang='lat' dir='ltr'>versantur,</span> <span class='ocrx_word' id='word_1_302' title='bbox 875 2054 924 2087; x_wconf 90' lang='lat' dir='ltr'>vt</span> <span class='ocrx_word' id='word_1_303' title='bbox 954 2063 1166 2099; x_wconf 88' lang='lat' dir='ltr'>nusquam</span> <span class='ocrx_word' id='word_1_304' title='bbox 1198 2062 1282 2087; x_wconf 89' lang='lat' dir='ltr'>non</span> <span class='ocrx_word' id='word_1_305' title='bbox 1314 2063 1434 2088; x_wconf 87' lang='lat' dir='ltr'>sacro</span> <span class='ocrx_word' id='word_1_306' title='bbox 1466 2056 1542 2088; x_wconf 92' lang='lat' dir='ltr'>tuo</span> <span class='ocrx_word' id='word_1_307' title='bbox 1574 2051 1735 2100; x_wconf 84' lang='lat' dir='ltr'>pectori</span> <span class='ocrx_word' id='word_1_308' title='bbox 1756 2051 1796 2088; x_wconf 79' lang='grc'>85</span> 
     </span>
     <span class='ocr_line' id='line_1_36' title="bbox 156 2104 1734 2154; baseline 0.001 -13"><span class='ocrx_word' id='word_1_309' title='bbox 156 2104 304 2142; x_wconf 86' lang='lat' dir='ltr'>adesse</span> <span class='ocrx_word' id='word_1_310' title='bbox 340 2108 724 2154; x_wconf 89' lang='lat' dir='ltr'>consummataque</span> <span class='ocrx_word' id='word_1_311' title='bbox 755 2104 828 2142; x_wconf 91' lang='lat' dir='ltr'>illa</span> <span class='ocrx_word' id='word_1_312' title='bbox 858 2104 1105 2154; x_wconf 86' lang='lat' dir='ltr'>eloquentia</span> <span class='ocrx_word' id='word_1_313' title='bbox 1135 2105 1256 2142; x_wconf 76' lang='lat' dir='ltr'>velut</span> <span class='ocrx_word' id='word_1_314' title='bbox 1289 2118 1409 2143; x_wconf 87' lang='lat' dir='ltr'>sacro</span> <span class='ocrx_word' id='word_1_315' title='bbox 1442 2105 1629 2154; x_wconf 85' lang='lat' dir='ltr'>quodam</span> <span class='ocrx_word' id='word_1_316' title='bbox 1665 2118 1734 2142; x_wconf 82' lang='lat' dir='ltr'>ex-</span> 
     </span>
     <span class='ocr_line' id='line_1_37' title="bbox 158 2159 1735 2209; baseline 0 -13"><span class='ocrx_word' id='word_1_317' title='bbox 158 2159 452 2208; x_wconf 89' lang='lat' dir='ltr'>uberant-eque</span> <span class='ocrx_word' id='word_1_318' title='bbox 482 2159 603 2197; x_wconf 86' lang='lat' dir='ltr'>fonte</span> <span class='ocrx_word' id='word_1_319' title='bbox 632 2172 797 2197; x_wconf 89' lang='lat' dir='ltr'>mecum</span> <span class='ocrx_word' id='word_1_320' title='bbox 821 2159 904 2197; x_wconf 85' lang='lat' dir='ltr'>frui</span> <span class='ocrx_word' id='word_1_321' title='bbox 926 2160 1084 2198; x_wconf 86' lang='lat' dir='ltr'>videar.</span> <span class='ocrx_word' id='word_1_322' title='bbox 1144 2159 1288 2209; x_wconf 90' lang='lat' dir='ltr'>Atque</span> <span class='ocrx_word' id='word_1_323' title='bbox 1311 2161 1477 2198; x_wconf 82' lang='lat' dir='ltr'>vtinam</span> <span class='ocrx_word' id='word_1_324' title='bbox 1500 2160 1560 2197; x_wconf 93' lang='lat' dir='ltr'>illi</span> <span class='ocrx_word' id='word_1_325' title='bbox 1590 2164 1735 2197; x_wconf 88' lang='lat' dir='ltr'>tamen</span> 
     </span>
     <span class='ocr_line' id='line_1_38' title="bbox 157 2214 1733 2265; baseline 0 -14"><span class='ocrx_word' id='word_1_326' title='bbox 157 2218 366 2263; x_wconf 87' lang='lat' dir='ltr'>perpetuo</span> <span class='ocrx_word' id='word_1_327' title='bbox 400 2214 548 2252; x_wconf 90' lang='lat' dir='ltr'>adesse</span> <span class='ocrx_word' id='word_1_328' title='bbox 583 2214 771 2259; x_wconf 89' lang='lat' dir='ltr'>daretur,</span> <span class='ocrx_word' id='word_1_329' title='bbox 806 2215 921 2264; x_wconf 89' lang='lat' dir='ltr'>quod</span> <span class='ocrx_word' id='word_1_330' title='bbox 957 2215 1077 2252; x_wconf 89' lang='lat' dir='ltr'>breui</span> <span class='ocrx_word' id='word_1_331' title='bbox 1109 2214 1306 2252; x_wconf 89' lang='lat' dir='ltr'>futurum</span> <span class='ocrx_word' id='word_1_332' title='bbox 1339 2216 1512 2253; x_wconf 88' lang='lat' dir='ltr'>minime</span> <span class='ocrx_word' id='word_1_333' title='bbox 1545 2214 1733 2265; x_wconf 88' lang='lat' dir='ltr'>despero.</span> 
     </span>
     <span class='ocr_line' id='line_1_39' title="bbox 158 2269 1735 2320; baseline 0 -15"><span class='ocrx_word' id='word_1_334' title='bbox 158 2269 330 2306; x_wconf 80' lang='lat' dir='ltr'>Interea</span> <span class='ocrx_word' id='word_1_335' title='bbox 360 2273 506 2306; x_wconf 89' lang='lat' dir='ltr'>tamen</span> <span class='ocrx_word' id='word_1_336' title='bbox 536 2270 742 2319; x_wconf 86' lang='lat' dir='ltr'>temporis</span> <span class='ocrx_word' id='word_1_337' title='bbox 772 2270 814 2307; x_wconf 91' lang='lat' dir='ltr'>in</span> <span class='ocrx_word' id='word_1_338' title='bbox 845 2269 994 2308; x_wconf 87' lang='lat' dir='ltr'>multis</span> <span class='ocrx_word' id='word_1_339' title='bbox 1025 2270 1238 2319; x_wconf 88' lang='lat' dir='ltr'>variisque</span> <span class='ocrx_word' id='word_1_340' title='bbox 1269 2270 1601 2320; x_wconf 81' lang='lat' dir='ltr'>cogitationibus</span> <span class='ocrx_word' id='word_1_341' title='bbox 1633 2270 1735 2306; x_wconf 82' lang='lat' dir='ltr'>meis</span> 
     </span>
     <span class='ocr_line' id='line_1_40' title="bbox 159 2323 1797 2374; baseline 0.001 -14"><span class='ocrx_word' id='word_1_342' title='bbox 159 2323 235 2360; x_wconf 87' lang='lat' dir='ltr'>hac</span> <span class='ocrx_word' id='word_1_343' title='bbox 258 2324 382 2361; x_wconf 85' lang='lat' dir='ltr'>vnica</span> <span class='ocrx_word' id='word_1_344' title='bbox 403 2323 694 2362; x_wconf 85' lang='lat' dir='ltr'>consolatione</span> <span class='ocrx_word' id='word_1_345' title='bbox 715 2337 881 2362; x_wconf 91' lang='lat' dir='ltr'>mecum</span> <span class='ocrx_word' id='word_1_346' title='bbox 903 2324 987 2362; x_wconf 90' lang='lat' dir='ltr'>frui</span> <span class='ocrx_word' id='word_1_347' title='bbox 1009 2325 1120 2369; x_wconf 87' lang='lat' dir='ltr'>licet,</span> <span class='ocrx_word' id='word_1_348' title='bbox 1144 2325 1258 2374; x_wconf 87' lang='lat' dir='ltr'>quod</span> <span class='ocrx_word' id='word_1_349' title='bbox 1287 2337 1423 2374; x_wconf 84' lang='lat' dir='ltr'>neque</span> <span class='ocrx_word' id='word_1_350' title='bbox 1446 2325 1525 2363; x_wconf 89' lang='lat' dir='ltr'>tibi</span> <span class='ocrx_word' id='word_1_351' title='bbox 1552 2325 1733 2362; x_wconf 87' lang='lat' dir='ltr'>beneuo-</span> <span class='ocrx_word' id='word_1_352' title='bbox 1754 2335 1797 2362; x_wconf 72' lang='lat'>90</span> 
     </span>
     <span class='ocr_line' id='line_1_41' title="bbox 159 2378 1735 2441; baseline 0 -26"><span class='ocrx_word' id='word_1_353' title='bbox 159 2378 314 2416; x_wconf 86' lang='lat' dir='ltr'>lentior</span> <span class='ocrx_word' id='word_1_354' title='bbox 349 2391 478 2441; x_wconf 83' lang='lat' dir='ltr'>quam</span> <span class='ocrx_word' id='word_1_355' title='bbox 514 2391 590 2428; x_wconf 88' lang='lat' dir='ltr'>ego</span> <span class='ocrx_word' id='word_1_356' title='bbox 629 2392 723 2417; x_wconf 88' lang='lat' dir='ltr'>sum</span> <span class='ocrx_word' id='word_1_357' title='bbox 759 2380 987 2429; x_wconf 86' lang='lat' dir='ltr'>quisquam</span> <span class='ocrx_word' id='word_1_358' title='bbox 1028 2380 1163 2429; x_wconf 90' lang='lat' dir='ltr'>possit</span> <span class='ocrx_word' id='word_1_359' title='bbox 1199 2380 1436 2425; x_wconf 89' lang='lat' dir='ltr'>succedere,</span> <span class='ocrx_word' id='word_1_360' title='bbox 1472 2392 1608 2429; x_wconf 88' lang='lat' dir='ltr'>neque</span> <span class='ocrx_word' id='word_1_361' title='bbox 1649 2379 1735 2416; x_wconf 80' lang='lat' dir='ltr'>vlla</span> 
     </span>
     <span class='ocr_line' id='line_1_42' title="bbox 158 2434 1626 2484; baseline 0.001 -14"><span class='ocrx_word' id='word_1_362' title='bbox 158 2446 302 2483; x_wconf 87' lang='lat' dir='ltr'>regum</span> <span class='ocrx_word' id='word_1_363' title='bbox 325 2434 649 2483; x_wconf 90' lang='lat' dir='ltr'>principumque</span> <span class='ocrx_word' id='word_1_364' title='bbox 671 2435 863 2472; x_wconf 88' lang='lat' dir='ltr'>amicicia</span> <span class='ocrx_word' id='word_1_365' title='bbox 884 2439 960 2472; x_wconf 91' lang='lat' dir='ltr'>tua</span> <span class='ocrx_word' id='word_1_366' title='bbox 981 2435 1097 2484; x_wconf 90' lang='lat' dir='ltr'>apud</span> <span class='ocrx_word' id='word_1_367' title='bbox 1118 2447 1184 2471; x_wconf 86' lang='lat' dir='ltr'>me</span> <span class='ocrx_word' id='word_1_368' title='bbox 1206 2436 1341 2484; x_wconf 89' lang='lat' dir='ltr'>possit</span> <span class='ocrx_word' id='word_1_369' title='bbox 1362 2447 1451 2472; x_wconf 90' lang='lat' dir='ltr'>esse</span> <span class='ocrx_word' id='word_1_370' title='bbox 1474 2435 1626 2484; x_wconf 89' lang='lat' dir='ltr'>potior.</span> 
     </span>
    </p>

    <p class='ocr_par' dir='ltr' id='par_1_7' title="bbox 158 2487 1796 2703">
     <span class='ocr_line' id='line_1_43' title="bbox 214 2487 1735 2540; baseline 0 -15"><span class='ocrx_word' id='word_1_371' title='bbox 214 2487 368 2537; x_wconf 88' lang='lat' dir='ltr'>Itaque</span> <span class='ocrx_word' id='word_1_372' title='bbox 401 2488 528 2526; x_wconf 87' lang='lat' dir='ltr'>velim</span> <span class='ocrx_word' id='word_1_373' title='bbox 561 2489 639 2526; x_wconf 88' lang='lat' dir='ltr'>tibi</span> <span class='ocrx_word' id='word_1_374' title='bbox 672 2489 931 2539; x_wconf 88' lang='lat' dir='ltr'>persuadeas</span> <span class='ocrx_word' id='word_1_375' title='bbox 964 2489 1069 2527; x_wconf 94' lang='lat' dir='ltr'>nihil</span> <span class='ocrx_word' id='word_1_376' title='bbox 1102 2489 1217 2539; x_wconf 89' lang='lat' dir='ltr'>apud</span> <span class='ocrx_word' id='word_1_377' title='bbox 1251 2502 1317 2526; x_wconf 90' lang='lat' dir='ltr'>me</span> <span class='ocrx_word' id='word_1_378' title='bbox 1349 2489 1614 2540; x_wconf 86' lang='lat' dir='ltr'>gratitudine</span> <span class='ocrx_word' id='word_1_379' title='bbox 1646 2501 1735 2525; x_wconf 74' lang='lat' dir='ltr'>esse</span> 
     </span>
     <span class='ocr_line' id='line_1_44' title="bbox 158 2543 1735 2594; baseline 0 -15"><span class='ocrx_word' id='word_1_380' title='bbox 158 2543 402 2592; x_wconf 85' lang='lat' dir='ltr'>antiquius:</span> <span class='ocrx_word' id='word_1_381' title='bbox 435 2556 520 2593; x_wconf 91' lang='lat' dir='ltr'>qua</span> <span class='ocrx_word' id='word_1_382' title='bbox 542 2544 583 2581; x_wconf 89' lang='lat' dir='ltr'>in</span> <span class='ocrx_word' id='word_1_383' title='bbox 607 2557 661 2588; x_wconf 91' lang='lat' dir='ltr'>re,</span> <span class='ocrx_word' id='word_1_384' title='bbox 685 2548 734 2581; x_wconf 91' lang='lat' dir='ltr'>vt</span> <span class='ocrx_word' id='word_1_385' title='bbox 755 2557 890 2594; x_wconf 81' lang='lat' dir='ltr'>spero,</span> <span class='ocrx_word' id='word_1_386' title='bbox 915 2544 1159 2594; x_wconf 85' lang='lat' dir='ltr'>propediem</span> <span class='ocrx_word' id='word_1_387' title='bbox 1183 2549 1226 2582; x_wconf 86' lang='lat' dir='ltr'>et</span> <span class='ocrx_word' id='word_1_388' title='bbox 1249 2545 1361 2582; x_wconf 75' lang='lat' dir='ltr'>votis</span> <span class='ocrx_word' id='word_1_389' title='bbox 1383 2548 1426 2582; x_wconf 90' lang='lat' dir='ltr'>et</span> <span class='ocrx_word' id='word_1_390' title='bbox 1453 2544 1607 2581; x_wconf 84' lang='lat' dir='ltr'>studiis</span> <span class='ocrx_word' id='word_1_391' title='bbox 1633 2543 1735 2580; x_wconf 84' lang='lat' dir='ltr'>meis</span> 
     </span>
     <span class='ocr_line' id='line_1_45' title="bbox 159 2597 1796 2649; baseline 0.002 -15"><span class='ocrx_word' id='word_1_392' title='bbox 159 2597 434 2635; x_wconf 86' lang='lat' dir='ltr'>satisfaciam.</span> <span class='ocrx_word' id='word_1_393' title='bbox 486 2598 521 2636; x_wconf 89' lang='lat' dir='ltr'><strong>A</strong></span> <span class='ocrx_word' id='word_1_394' title='bbox 544 2602 586 2635; x_wconf 85' lang='lat' dir='ltr'>te</span> <span class='ocrx_word' id='word_1_395' title='bbox 608 2611 709 2636; x_wconf 88' lang='lat' dir='ltr'>vero</span> <span class='ocrx_word' id='word_1_396' title='bbox 732 2599 916 2636; x_wconf 87' lang='lat' dir='ltr'>vicissim</span> <span class='ocrx_word' id='word_1_397' title='bbox 940 2600 1230 2648; x_wconf 84' lang='lat' dir='ltr'>maximopere</span> <span class='ocrx_word' id='word_1_398' title='bbox 1252 2612 1329 2649; x_wconf 89' lang='lat' dir='ltr'>pro</span> <span class='ocrx_word' id='word_1_399' title='bbox 1351 2599 1566 2636; x_wconf 87' lang='lat' dir='ltr'>communi</span> <span class='ocrx_word' id='word_1_400' title='bbox 1588 2603 1735 2635; x_wconf 78' lang='lat' dir='ltr'>nostra</span> <span class='ocrx_word' id='word_1_401' title='bbox 1754 2608 1796 2637; x_wconf 79' lang='lat'>95</span> 
     </span>
     <span class='ocr_line' id='line_1_46' title="bbox 160 2653 1734 2703; baseline 0 -14"><span class='ocrx_word' id='word_1_402' title='bbox 160 2653 471 2690; x_wconf 83' lang='lat' dir='ltr'>necessitudine</span> <span class='ocrx_word' id='word_1_403' title='bbox 507 2666 581 2690; x_wconf 93' lang='lat' dir='ltr'>oro</span> <span class='ocrx_word' id='word_1_404' title='bbox 613 2666 660 2690; x_wconf 89' lang='lat' dir='ltr'>ac</span> <span class='ocrx_word' id='word_1_405' title='bbox 702 2658 802 2703; x_wconf 84' lang='lat' dir='ltr'>peto</span> <span class='ocrx_word' id='word_1_406' title='bbox 843 2658 891 2691; x_wconf 85' lang='lat' dir='ltr'>vt</span> <span class='ocrx_word' id='word_1_407' title='bbox 924 2654 974 2691; x_wconf 81' lang='lat' dir='ltr'>de</span> <span class='ocrx_word' id='word_1_408' title='bbox 1016 2658 1092 2691; x_wconf 88' lang='lat' dir='ltr'>tua</span> <span class='ocrx_word' id='word_1_409' title='bbox 1125 2654 1364 2691; x_wconf 88' lang='lat' dir='ltr'>valitudine</span> <span class='ocrx_word' id='word_1_410' title='bbox 1405 2667 1471 2691; x_wconf 88' lang='grc'><strong>1110</strong></span> <span class='ocrx_word' id='word_1_411' title='bbox 1512 2654 1734 2690; x_wconf 73' lang='lat' dir='ltr'>certiorem</span> 
     </span>
    </p>
   </div>
   <div class='ocr_carea' id='block_1_5' title="bbox 159 2741 1734 2859">
    <p class='ocr_par' dir='ltr' id='par_1_8' title="bbox 159 2741 1734 2859">
     <span class='ocr_line' id='line_1_47' title="bbox 205 2741 1734 2781; baseline 0 -11"><span class='ocrx_word' id='word_1_412' title='bbox 205 2749 256 2779; x_wconf 83' lang='lat'>57.</span> <span class='ocrx_word' id='word_1_413' title='bbox 281 2741 502 2772; x_wconf 79' lang='lat' dir='ltr'>admoneto:</span> <span class='ocrx_word' id='word_1_414' title='bbox 530 2752 571 2772; x_wconf 75' lang='lat' dir='ltr'>vo</span> <span class='ocrx_word' id='word_1_415' title='bbox 589 2742 824 2781; x_wconf 65' lang='lat' dir='ltr'>scripsimus:</span> <span class='ocrx_word' id='word_1_416' title='bbox 850 2743 1042 2773; x_wconf 79' lang='lat' dir='ltr'>admonito</span> <span class='ocrx_word' id='word_1_417' title='bbox 1059 2753 1101 2773; x_wconf 73' lang='lat'>00</span> <span class='ocrx_word' id='word_1_418' title='bbox 1121 2742 1201 2773; x_wconf 81' lang='lat' dir='ltr'>MS.</span> <span class='ocrx_word' id='word_1_419' title='bbox 1277 2751 1328 2781; x_wconf 80' lang='lat'>74.</span> <span class='ocrx_word' id='word_1_420' title='bbox 1357 2743 1504 2781; x_wconf 61' lang='lat' dir='ltr'>{mentia</span> <span class='ocrx_word' id='word_1_421' title='bbox 1523 2741 1603 2771; x_wconf 76' lang='lat' dir='ltr'>MS.</span> <span class='ocrx_word' id='word_1_422' title='bbox 1683 2746 1734 2779; x_wconf 67' lang='lat'>70.</span> 
     </span>
     <span class='ocr_line' id='line_1_48' title="bbox 161 2785 1734 2827; baseline 0.001 -14"><span class='ocrx_word' id='word_1_423' title='bbox 161 2794 323 2814; x_wconf 78' lang='lat' dir='ltr'>recusam</span> <span class='ocrx_word' id='word_1_424' title='bbox 352 2785 431 2815; x_wconf 75' lang='lat' dir='ltr'>MS.</span> <span class='ocrx_word' id='word_1_425' title='bbox 551 2795 602 2824; x_wconf 80' lang='lat'>70.</span> <span class='ocrx_word' id='word_1_426' title='bbox 629 2787 882 2817; x_wconf 67' lang='lat' dir='ltr'>obmutessore</span> <span class='ocrx_word' id='word_1_427' title='bbox 907 2786 988 2816; x_wconf 58' lang='lat' dir='ltr'>BIS.</span> <span class='ocrx_word' id='word_1_428' title='bbox 1107 2789 1159 2825; x_wconf 71' lang='lat'>83.</span> <span class='ocrx_word' id='word_1_429' title='bbox 1188 2787 1264 2827; x_wconf 63' lang='lat' dir='ltr'>ipso</span> <span class='ocrx_word' id='word_1_430' title='bbox 1283 2787 1336 2817; x_wconf 75' lang='lat' dir='ltr'>bis</span> <span class='ocrx_word' id='word_1_431' title='bbox 1355 2786 1434 2816; x_wconf 65' lang='lat' dir='ltr'>MS.</span> <span class='ocrx_word' id='word_1_432' title='bbox 1553 2788 1606 2821; x_wconf 70' lang='lat'>90.</span> <span class='ocrx_word' id='word_1_433' title='bbox 1634 2795 1734 2814; x_wconf 82' lang='lat' dir='ltr'>nece-</span> 
     </span>
     <span class='ocr_line' id='line_1_49' title="bbox 159 2828 440 2859; baseline 0.007 -2"><span class='ocrx_word' id='word_1_434' title='bbox 159 2828 341 2859; x_wconf 80' lang='lat' dir='ltr'>scitudinc</span> <span class='ocrx_word' id='word_1_435' title='bbox 359 2829 440 2859; x_wconf 82' lang='lat' dir='ltr'>MS.</span> 
     </span>
    </p>
   </div>
   <div class='ocr_carea' id='block_1_6' title="bbox 161 2927 1732 3012">
    <p class='ocr_par' dir='ltr' id='par_1_9' title="bbox 161 2927 1732 3012">
     <span class='ocr_line' id='line_1_50' title="bbox 206 2927 1732 2968; baseline -0.001 -11"><span class='ocrx_word' id='word_1_436' title='bbox 206 2937 257 2966; x_wconf 75' lang='lat'>54.</span> <span class='ocrx_word' id='word_1_437' title='bbox 283 2928 460 2958; x_wconf 80' lang='lat' dir='ltr'>Liuianus</span> <span class='ocrx_word' id='word_1_438' title='bbox 487 2952 492 2957; x_wconf 93' lang='lat'>.</span> <span class='ocrx_word' id='word_1_439' title='bbox 522 2953 527 2957; x_wconf 94' lang='lat'>.</span> <span class='ocrx_word' id='word_1_440' title='bbox 557 2952 562 2957; x_wconf 95' lang='lat'>.</span> <span class='ocrx_word' id='word_1_441' title='bbox 591 2928 766 2966; x_wconf 73' lang='lat' dir='ltr'>Hanibnl]</span> <span class='ocrx_word' id='word_1_442' title='bbox 794 2929 885 2968; x_wconf 71' lang='lat' dir='ltr'>Livy</span> <span class='ocrx_word' id='word_1_443' title='bbox 1026 2938 1075 2966; x_wconf 90' lang='lat'>71.</span> <span class='ocrx_word' id='word_1_444' title='bbox 1105 2928 1330 2965; x_wconf 58' lang='lat' dir='ltr'>Sur-wssoro]</span> <span class='ocrx_word' id='word_1_445' title='bbox 1360 2928 1404 2957; x_wconf 76' lang='lat' dir='ltr'>cf.</span> <span class='ocrx_word' id='word_1_446' title='bbox 1437 2927 1502 2957; x_wconf 80' lang='lat' dir='ltr'>Ov.</span> <span class='ocrx_word' id='word_1_447' title='bbox 1533 2927 1625 2957; x_wconf 72' lang='lat' dir='ltr'>Rem.</span> <span class='ocrx_word' id='word_1_448' title='bbox 1653 2927 1732 2956; x_wconf 70' lang='lat' dir='ltr'>Am.</span> 
     </span>
     <span class='ocr_line' id='line_1_51' title="bbox 161 2972 1055 3012; baseline 0 -11"><span class='ocrx_word' id='word_1_449' title='bbox 161 2980 212 3010; x_wconf 85' lang='lat'>30.</span> <span class='ocrx_word' id='word_1_450' title='bbox 233 2981 284 3011; x_wconf 89' lang='lat'>30.</span> <span class='ocrx_word' id='word_1_451' title='bbox 305 2981 343 3010; x_wconf 91' lang='lat'>7;</span> <span class='ocrx_word' id='word_1_452' title='bbox 369 2972 414 3002; x_wconf 82' lang='lat' dir='ltr'>cf.</span> <span class='ocrx_word' id='word_1_453' title='bbox 434 2978 486 3011; x_wconf 70' lang='lat'>30.</span> <span class='ocrx_word' id='word_1_454' title='bbox 509 2981 558 3009; x_wconf 79' lang='lat'>29.</span> <span class='ocrx_word' id='word_1_455' title='bbox 577 2982 608 3009; x_wconf 81' lang='lat'>9.</span> <span class='ocrx_word' id='word_1_456' title='bbox 980 2975 1055 3012; x_wconf 53' lang='lat'>40:⁴</span> 
     </span>
    </p>
   </div>
  </div>
 </body>
</html>
