1966 3379
200 676 238 696 10
258 660 411 696 moniis
450 660 748 710 comprobant.

197 1225 238 1246 20
258 1210 445 1247 Galenus
473 1211 524 1248 de
552 1225 629 1249 suo
657 1212 825 1250 adiecit.

198 2052 239 2082 35
259 2036 314 2074 ad
337 2050 512 2075 manum
535 2039 650 2088 quod
673 2041 852 2089 quaeris

259 116 339 152 214

720 116 980 155 LETTERS
1012 116 1083 155 OF
1113 115 1381 155 ERASMUS

1716 119 1840 166 [1533

259 219 491 265 laboribus,
525 219 829 258 humanissime
864 221 1072 271 Agricola,
1107 235 1157 259 cx
1195 223 1350 262 animo,
1386 225 1433 259 vt
1466 234 1543 271 par
1577 226 1654 267 est,
1689 222 1838 260 faueo:

258 275 503 312 huiusmodi
523 275 633 312 enim
658 276 834 325 ingeniis
856 289 1023 326 semper
1045 278 1165 314 vnice
1188 290 1281 314 sum
1304 276 1554 314 delectatus,
1605 276 1692 314 Nec
1715 277 1839 315 video

258 342 343 377 quo
361 330 612 379 speciosiore
634 330 764 368 titulo
789 333 1037 369 memoriam
1061 332 1295 369 industriae
1316 336 1416 369 tuae
1433 332 1678 381 posteritati
1695 332 1840 370 valeas

219 400 238 430 5
259 385 570 422 commendare.

631 385 724 423 Hoc
764 399 934 436 nanque
966 388 1137 424 nomine
1170 391 1246 424 tua
1279 388 1418 424 virtus
1450 386 1588 424 multo
1619 387 1700 424 erit
1735 387 1838 424 cele-

260 439 434 483 bratior,
452 439 568 488 quod
585 441 747 489 primus
768 446 986 479 strenuam
1005 455 1176 491 operam
1195 443 1367 479 nauaris
1390 443 1430 478 in
1448 441 1526 479 hac
1543 441 1841 491 therapeutica

258 493 406 531 Galeni
447 495 651 532 methodo
682 496 957 534 elaboranda.

1017 496 1228 534 Galenum
1263 509 1363 534 vero
1398 498 1440 533 in
1482 497 1596 533 omni
1630 496 1841 534 medicina

258 562 473 586 summum
495 562 584 587 esse
602 554 669 588 tot
685 551 951 589 eruditorum
971 551 1190 589 hominum
1215 551 1381 597 iudicia,
1401 552 1540 600 quiex
1564 551 1641 589 hoc
1658 551 1840 589 authore

259 616 384 641 verae
420 604 654 643 medicinae
691 607 919 644 seminaria
959 607 1206 652 hauserunt,
1243 606 1680 644 honorificentissimis
1721 607 1839 644 testi-

808 662 918 699 Hinc
959 666 1024 699 est
1059 662 1173 711 quod
1214 674 1377 711 sperem
1412 661 1623 706 futurum,
1658 661 1841 699 Ioannes

257 715 540 760 ornatissime,
564 720 612 753 vt
634 729 708 765 per
730 716 805 754 hos
826 722 1006 755 conatus
1028 717 1204 754 accedat
1225 721 1266 754 et
1291 730 1440 754 census
1461 721 1505 754 et
1529 716 1716 765 dignitas
1741 721 1842 754 tuae

257 769 478 807 doctrinae
510 771 681 820 tuisque
712 771 930 809 laboribus
961 772 1119 810 debita.

257 824 469 862 Theseum
504 831 721 875 praestare
754 839 921 876 queam.

1180 772 1261 809 Sed
1293 772 1459 809 vtinam
1493 764 1607 821 quod
1642 776 1689 809 tu
1723 772 1842 821 cupis

983 827 1062 864 Hic
1095 828 1275 865 nuncius
1309 827 1580 876 properabat,
1613 830 1657 864 et
1692 826 1841 863 eodem

258 884 450 929 tempore
468 880 662 930 pluribus
683 887 777 919 erat
798 882 1082 927 scribendum,
1102 886 1151 920 vt
1173 882 1275 919 mihi
1297 883 1368 920 vix
1392 882 1629 920 semihorae
1651 882 1841 931 spacium

258 991 430 1039 negocia
452 991 573 1028 licuit
594 991 793 1030 indicare.

200 949 236 977 15
258 940 509 984 superesset,
547 940 649 974 sunt
688 941 834 974 autem
877 937 980 975 haec
1022 938 1332 988 propemodum
1373 950 1482 986 quae
1522 949 1596 987 per
1635 937 1842 974 immensa

313 1045 409 1083 Duo
432 1059 579 1083 versus
600 1045 749 1084 Graeci
767 1060 873 1096 quos
891 1047 1077 1085 Galenus
1099 1048 1171 1086 lib.
1194 1059 1226 1085 1.
1247 1060 1307 1085 ca.
1328 1058 1362 1084 2.
1383 1048 1489 1085 citat
1512 1051 1613 1084 sunt
1634 1048 1676 1084 in
1693 1045 1842 1084 Oreste

262 1100 486 1150 Euripidis,
511 1103 665 1151 pagina
687 1102 741 1139 ab
764 1103 886 1140 initio
912 1103 1083 1140 fabulae
1106 1104 1272 1152 quinta.

1333 1103 1399 1140 An
1426 1104 1579 1140 tertius
1604 1103 1659 1139 sit
1684 1101 1842 1139 Graece

258 1168 428 1193 carmen
450 1158 602 1202 nescio,
626 1162 739 1195 certe
762 1157 946 1195 latinum
969 1171 1141 1196 carmen
1164 1171 1249 1195 non
1276 1162 1470 1195 constat:
1505 1158 1538 1195 si
1566 1162 1631 1195 est
1658 1169 1841 1202 carmen,

887 1213 1049 1251 Orestis
1080 1214 1209 1263 igitur
1237 1214 1449 1250 somnium
1481 1212 1584 1250 nihil
1616 1212 1733 1250 aliud
1764 1216 1841 1257 est,

257 1278 386 1314 quam
409 1268 623 1304 somnium
646 1268 793 1305 inane:
822 1268 967 1318 qualia
989 1273 1089 1306 sunt
1110 1268 1373 1306 furientium.
1418 1268 1528 1306 Sunt
1549 1271 1695 1305 autem
1713 1267 1844 1304 verba

259 1320 454 1358 Electrae
487 1321 542 1359 ad
575 1322 754 1360 fratrem
789 1322 979 1369 Oresten,
1012 1337 1087 1374 per
1120 1324 1329 1361 insaniam
1363 1327 1593 1373 putantem
1625 1335 1668 1360 se
1700 1322 1843 1359 videre

257 1388 367 1424 quae
392 1389 477 1413 non
501 1377 689 1415 videbat.

751 1378 882 1416 Miror
909 1383 1056 1416 autem
1081 1380 1360 1429 interpretem
1389 1391 1466 1428 pro
1494 1377 1637 1415 εἰδέναι
1666 1378 1844 1415 vertisse

257 1432 373 1476 scire,
397 1444 493 1469 eum
518 1434 650 1482 magis
673 1433 906 1482 quadraret
929 1434 1073 1471 videre
1095 1439 1173 1472 aut
1195 1447 1374 1471 cernere.

313 1485 375 1523 De
399 1486 543 1524 Tabiis
564 1500 671 1537 quas
693 1488 896 1526 describit
917 1488 1009 1527 Gal.
1029 1489 1068 1526 li.
1089 1499 1124 1537 5.
1144 1502 1203 1527 ca.
1226 1500 1287 1527 12.
1311 1489 1508 1526 meminit
1528 1487 1771 1538 Stephanus
1792 1487 1845 1525 de

258 1541 447 1579 vrbibus.

259 1595 434 1634 Remus

257 1649 339 1688 Sed
360 1651 465 1688 nihil
486 1657 579 1690 erat
600 1654 692 1692 ocii.

501 1542 702 1581 Indicans
723 1556 812 1581 esse
834 1544 1043 1595 populum
1066 1544 1232 1591 Italiae,
1251 1544 1366 1594 apud
1383 1557 1510 1594 quem
1532 1543 1741 1581 educatus
1762 1542 1845 1580 fuit

494 1597 582 1635 Nec
605 1598 758 1636 dubito
780 1600 884 1648 quin
906 1599 1030 1649 plura
1058 1600 1327 1650 reperiantur
1354 1599 1470 1649 apud
1491 1597 1842 1648 Cosmographos

312 1705 470 1744 Cribris
492 1708 533 1744 in
556 1721 599 1745 se
620 1708 851 1747 transfusis
868 1708 959 1748 Gal.
980 1710 1020 1748 li.
1041 1721 1076 1758 3.
1096 1723 1156 1748 ea.
1177 1721 1212 1748 2.
1230 1709 1333 1747 nihil
1357 1709 1475 1747 aliud
1492 1709 1696 1755 declarat,
1714 1720 1845 1758 quam

197 1776 239 1807 30
258 1761 540 1811 plurimarum
564 1776 704 1801 rerum
726 1765 962 1802 mixturam
985 1770 1028 1803 et
1050 1765 1356 1803 confusionem.

314 1816 441 1854 Libro
467 1818 570 1855 item
596 1819 632 1856 6.
660 1832 751 1869 cap.
777 1830 812 1867 3.
843 1820 1092 1869 κριομύζους,
1115 1822 1277 1871 opinor,
1302 1819 1496 1870 appellat
1520 1818 1708 1857 Galenus
1733 1819 1846 1856 viros

257 1871 416 1909 nullius
438 1873 593 1919 iudicii,
611 1874 691 1912 hoe
713 1879 790 1920 est,
810 1876 924 1913 naris
946 1877 1119 1913 minime
1136 1879 1373 1914 emunctae.

258 1939 473 1964 mucorem
498 1928 660 1967 habent
682 1930 725 1967 in
747 1930 933 1968 naribus.

1424 1874 1535 1913 Oues
1552 1875 1664 1912 enim
1682 1886 1847 1923 semper

315 1981 446 2020 Porro
467 1983 519 2020 de
541 1984 634 2021 aliis
651 1986 975 2034 quaestionibus
998 1987 1081 2023 iam
1103 1998 1189 2024 non
1207 1986 1392 2024 vacabat
1414 1986 1637 2034 inquirere,
1656 1997 1731 2021 nec
1753 1988 1846 2021 erat

914 2041 1030 2078 Alias
1052 2042 1182 2091 igitur
1203 2041 1429 2091 diligenter
1450 2040 1493 2078 id
1518 2036 1844 2090 praestabimus.

259 2091 384 2129 Nunc
406 2105 491 2130 non
513 2098 577 2131 est
599 2095 714 2144 quod
734 2095 930 2145 pluribus
952 2100 1094 2134 tecum
1124 2109 1247 2146 agam
1266 2111 1272 2133 :
1307 2096 1409 2134 haec
1433 2097 1547 2133 enim
1575 2095 1723 2144 scripsi
1751 2093 1847 2144 plus

259 2159 389 2196 quam
413 2147 595 2186 obrutus
618 2151 809 2199 negotiis.

871 2150 934 2188 Sit
955 2152 1086 2200 igitur
1110 2151 1213 2189 haec
1237 2151 1420 2201 epistola
1448 2150 1721 2188 salutationis
1743 2149 1846 2193 vice,

259 2205 355 2239 tum
377 2215 454 2252 pro
475 2204 680 2253 singulari
706 2210 782 2243 tua
809 2206 1096 2251 humanitate,
1120 2210 1213 2244 tum
1239 2219 1315 2256 pro
1340 2219 1427 2244 non
1452 2205 1621 2255 vulgari
1648 2209 1724 2242 tuo
1749 2216 1847 2253 erga

260 2269 327 2294 me
364 2258 559 2297 candore.

621 2259 672 2297 In
708 2261 925 2298 nonnullis
967 2261 1045 2298 tibi
1087 2261 1323 2299 satisfaciet
1356 2262 1421 2298 vir
1459 2261 1621 2310 egregie
1653 2259 1847 2296 eruditus

198 2328 241 2358 40
259 2310 465 2362 Georgius
486 2313 706 2363 Agricola:
740 2317 860 2353 cuius
882 2329 989 2366 opus
1010 2316 1062 2354 de
1084 2317 1292 2354 mensuris
1313 2320 1357 2354 et
1378 2316 1638 2366 ponderibus
1660 2315 1847 2363 quinque

260 2366 380 2404 libris
419 2367 667 2407 absolutum
700 2370 893 2409 Basileae
928 2372 1013 2408 iam
1046 2371 1287 2409 excuditur.

1348 2371 1399 2408 In
1433 2383 1518 2420 quo
1550 2369 1690 2407 multa
1721 2373 1846 2406 acute

261 2426 414 2459 eontra
453 2426 714 2462 sententiam
748 2424 950 2463 Gulielmi
990 2426 1165 2471 Budaei‚
1201 2426 1348 2471 Portii,
1382 2430 1426 2463 et
1461 2425 1657 2463 Andreae
1691 2423 1847 2461 Alciati

260 2477 430 2526 probat.

490 2478 681 2529 Attingit
702 2484 746 2518 et
768 2481 1031 2518 medicorum
1053 2481 1243 2531 pondera
1264 2494 1312 2519 ac
1334 2493 1567 2518 mensuras,

1627 2478 1670 2517 Si
1690 2478 1846 2528 episto-

261 2531 348 2568 lam
370 2545 509 2570 meam
532 2546 721 2584 vnquam
743 2537 949 2586 receperis
969 2536 1112 2584 (audio
1133 2537 1244 2574 enim
1262 2535 1546 2586 complurium
1563 2533 1848 2584 querimonias

308 2643 358 2672 13.
384 2633 584 2672 Theseum]
603 2634 667 2665 See
685 2635 756 2675 Ep.
776 2644 872 2675 2794.
895 2644 973 2666 11n.

308 2687 359 2717 17.
386 2678 529 2716 versus]
560 2678 648 2709 Eur.
683 2679 739 2709 Or.
774 2681 894 2718 258-9.
943 2680 1020 2710 The

262 2721 363 2752 third
395 2732 499 2752 verse
528 2732 687 2762 appears
716 2724 768 2760 (in
795 2724 860 2754 the
887 2723 1020 2754 Aldine

262 2765 390 2801 Galen,
417 2766 515 2804 1525)
542 2777 583 2796 as
604 2765 725 2805 ὄνειρον
744 2766 903 2806 Ὀρέστου
921 2766 1020 2807 ὃιηγῆ

263 2807 423 2840 Θεσσαλέ.
444 2808 630 2852 Erasmus*
642 2811 836 2851 imperfect
845 2813 1017 2852 acquain-

261 2857 370 2884 tance
388 2854 478 2884 with
496 2854 615 2884 Greek
634 2855 662 2884 is
680 2855 793 2895 oddly
810 2854 1019 2886 illustrated

261 2898 311 2938 by
321 2897 376 2928 his
385 2898 477 2928 view
487 2898 571 2928 that
581 2898 644 2929 the
654 2908 789 2939 proper
797 2899 1019 2930 translation

261 2942 299 2972 of
316 2940 434 2972 εἰδέναι
452 2942 492 2977 is,
512 2946 578 2972 not
596 2943 696 2978 scire,
715 2943 784 2973 but
800 2944 922 2974 videre.

305 2994 358 3024 25.
385 2985 613 3027 Stephanus]
639 2987 851 3027 Stephanus
879 2987 916 3018 of
944 2987 1015 3028 By-

1090 2636 1267 2671 zantium,
1283 2646 1304 2666 a
1317 2635 1563 2676 grammarian
1581 2635 1619 2665 of
1637 2633 1849 2675 (probably)

1090 2680 1154 2710 the
1172 2680 1272 2710 sixth
1290 2684 1447 2719 century
1462 2687 1551 2715 A.D.‚
1566 2679 1689 2709 whose
1704 2676 1849 2714 Ἐθνικά,

1089 2724 1302 2754 sometimes
1335 2723 1457 2763 styled
1489 2721 1572 2761 Περὶ
1604 2721 1742 2758 πολέων,
1772 2731 1849 2752 sur-

1089 2768 1193 2798 vives
1211 2767 1298 2807 only
1315 2768 1351 2798 in
1371 2777 1419 2798 an
1440 2767 1614 2807 epitome.
1663 2766 1740 2796 The
1761 2765 1848 2805 Epi-

1089 2815 1190 2842 tome
1213 2811 1285 2842 had
1307 2812 1399 2842 been
1420 2811 1569 2850 printed
1595 2810 1644 2850 by
1668 2809 1785 2840 Aldus
1811 2810 1847 2839 in

1091 2856 1348 2893 1502-hence,
1406 2854 1602 2895 probably,
1658 2853 1847 2884 Erasmus‘

1088 2900 1357 2940 acquaintance
1374 2899 1464 2929 with
1483 2899 1524 2929 it.

1131 2953 1185 2984 40.
1211 2944 1320 2983 opus]
1339 2943 1404 2974 See
1422 2943 1519 2983 Epp.
1539 2951 1636 2981 2529.
1652 2951 1730 2977 zon,
1746 2942 1842 2981 2782.

1090 2997 1143 3018 1n.
