1966 3379
233 133 306 169 172
658 130 914 167 LETTERS
945 130 1015 167 OF
1046 129 1311 168 ERASMUs
1671 131 1794 177 [1533

287 235 551 272 HERVAGIVS
581 235 661 270 iam
687 234 749 270 bis
777 234 830 271 ad
860 247 924 271 mc
951 234 1131 283 scripsit,
1155 234 1276 282 quasi
1305 238 1444 270 totum
1472 231 1714 269 Ciceronem
1740 232 1793 269 ad

230 302 295 326 me
319 290 556 338 receperim.
606 289 661 325 Et*
683 288 760 325 1100
784 288 952 325 honoris
975 288 1076 324 mihi
1099 288 1248 332 defert,
1272 292 1319 324 vt
1342 287 1454 324 solus
1477 288 1517 323 in
1539 299 1634 323 eum
1658 286 1796 335 prefer

229 347 435 380 autorem.
496 343 808 379 Existimabam
832 347 874 379 te
903 344 1133 391 suscepisse
1163 342 1239 378 hoc
1270 342 1437 390 negotii.
1500 341 1601 377 Mihi
1631 346 1793 378 certum

229 402 293 434 est
313 402 451 435 estate
473 398 665 446 proxima
687 397 741 434 ab
765 397 840 433 1100
864 397 1055 433 laborum
1078 409 1227 443 genere
1249 396 1400 433 feriari.
1448 396 1488 432 Si
1511 395 1620 432 forte
1643 400 1795 432 nactus

191 453 307 494 §eris
343 453 415 500 qui
451 456 570 500 petat
607 451 867 495 Sadolctuni,
902 452 1024 488 mitte
1066 451 1124 488 illi
1164 451 1370 487 Homilias
1407 464 1428 487 a
1471 463 1536 486 me
1573 462 1716 486 versas
1752 454 1795 486 et

228 506 491 555 Symbolum.

289 561 397 597 Bene
419 560 523 597 vale.
567 562 602 597 8.
627 560 692 597 (lie
716 560 871 597 Martii.

283 630 448 668 Clariss.
474 631 660 668 Doctori.
686 631 735 668 D.
760 631 980 668 Bonifacio
1002 630 1295 668 Amorbachio.

629 783 816 834 27762861
880 779 946 819 To
972 779 1129 819 PETER
1153 778 1398 818 ToMiczizi.

664 869 688 902 f.

713 880 744 912 3.
1476 866 1681 908 Freiburg.

1418 926 1461 948 10
1480 915 1618 948 March
1642 924 1747 956 1533.

280 869 463 914 Epistola
482 869 641 903 Erasmi

274 985 365 1022 [The
393 985 538 1015 earliest
566 995 692 1015 source
721 985 776 1015 for
801 985 874 1015 this
903 984 1012 1014 letter
1040 984 1068 1014 is
1097 994 1117 1014 a
1146 983 1239 1014 little
1266 983 1361 1013 book
1393 983 1429 1013 of
1457 982 1557 1021 eight
1590 991 1712 1021 peges,
1741 981 1799 1010 Ad

228 1028 505 1059 Serenissimum
522 1034 551 1058 et
570 1029 863 1059 Illustrissimum
880 1028 1084 1067 Principem
1101 1028 1287 1058 (lominum
1304 1026 1577 1065 ›S'iyismundum
1594 1026 1797 1063 Auqustum

230 1073 399 1103 Polonicze
419 1073 541 1111 chcm
565 1073 751 1105 iuniorem.
771 1072 900 1102 Lasari
920 1072 1110 1102 Bonamici
1132 1071 1305 1110 Epistola.
1354 1070 1443 1101 Item
1465 1069 1629 1108 Epistola
1652 1069 1797 1098 Erasme·

230 1117 465 1151 Roterodami,
491 1117 537 1145 ad
561 1116 913 1146 Rcuerendissi'mum
942 1116 1127 1146 (lominum
1154 1115 1299 1145 Petrum
1325 1113 1547 1144 Thornitium
1577 1113 1797 1151 Episcopum

230 1160 437 1190 Cracouier'z.
471 1160 582 1198 Requi
614 1160 785 1190 Poloniae
820 1159 1166 1193 [Hcecancellariurm
1198 1158 1356 1192 cracow,
1391 1157 1437 1187 H.
1468 1157 1605 1189 Victor.
1638 1165 1730 1194 1533,
1761 1156 1798 1185 of

229 1204 347 1234 which
369 1203 455 1243 only
478 1214 545 1233 one
568 1213 661 1243 copy
685 1204 713 1233 is
737 1204 882 1239 known,
905 1203 1077 1243 formerly
1101 1204 1135 1232 in
1157 1202 1220 1232 the
1243 1202 1379 1241 library
1396 1202 1433 1231 of
1458 1201 1578 1231 Count
1602 1199 1796 1230 Czarnccki

229 1252 270 1277 at
290 1247 430 1281 Rusko,
449 1247 545 1277 since
569 1256 650 1285 1913
674 1247 708 1276 in
730 1249 793 1277 the
813 1247 1058 1278 Baworowski
1082 1246 1217 1285 library
1234 1250 1273 1276 at
1296 1246 1426 1275 Lwow.
1474 1244 1562 1274 This
1580 1254 1653 1273 was
1671 1243 1798 1282 kindly

230 1291 306 1321 lent
324 1291 379 1321 for
396 1301 462 1320 our
479 1300 542 1320 use
560 1295 599 1320 to
622 1291 685 1320 the
702 1290 918 1330 University
936 1290 1088 1330 Library
1105 1295 1145 1320 at
1162 1290 1307 1320 Cracow
1325 1289 1360 1319 in
1378 1288 1467 1328 July
1488 1297 1581 1324 1922.
1631 1287 1747 1317 There
1768 1287 1798 1316 is

229 1345 251 1364 a
267 1340 550 1374 contemporary
565 1333 636 1364 MS.
651 1344 745 1374 copy
762 1335 799 1364 of
817 1334 880 1364 the
898 1334 1018 1367 letter.
1034 1334 1150 1363 which
1168 1338 1273 1373 stops
1289 1333 1385 1362 after
1402 1332 1465 1362 the
1483 1331 1559 1361 first
1577 1330 1796 1371 paragraph,

231 1379 266 1408 in
299 1379 362 1408 the
394 1378 588 1417 Zamoyski
618 1378 754 1417 library
786 1378 822 1408 in
850 1377 1024 1412 VVarsaw,
1055 1377 1145 1407 Tcki
1177 1376 1388 1416 Gorskiego,
1424 1384 1518 1414 1753.
1566 1375 1683 1404 There
1717 1375 1745 1403 is
1776 1385 1797 1403 a

231 1421 430 1461 singularly
450 1422 657 1451 inaccurate
675 1422 792 1451 xviiic.
812 1431 905 1461 copy
929 1422 965 1451 in
988 1422 1050 1451 the
1069 1420 1208 1460 Corpus
1229 1420 1596 1453 Naruszewicianum,
1615 1427 1668 1457 49.
1687 1420 1740 1456 63,
1762 1417 1795 1447 111

231 1465 294 1495 the
315 1465 593 1504 Czartoryskich
616 1465 785 1495 Muzeuni
808 1469 847 1495 at
867 1465 1023 1499 Cracow,
1048 1465 1141 1495 from
1162 1464 1278 1494 which
1302 1463 1536 1493 Miaskowski
1561 1461 1710 1502 printed
1735 1461 1797 1491 the

231 1508 339 1538 letter
356 1509 391 1538 in
410 1509 472 1538 the
490 1508 700 1538 Paclerborn
719 1508 856 1548 Jb.sz'1r
873 1509 1101 1547 Philosophie
1119 1519 1179 1543 xv,
1202 1517 1296 1544 1901,
1316 1517 1378 1547 pp.
1395 1515 1522 1545 323—5:
1549 1507 1612 1537 the
1633 1506 1798 1535 variants

230 1552 268 1582 of
288 1553 362 1583 this
379 1562 431 1582 we
454 1553 546 1582 have
569 1557 634 1582 not
652 1552 812 1592 thought
833 1553 861 1582 it
879 1552 996 1582 worth
1013 1552 1119 1582 while
1142 1556 1181 1582 to
1204 1551 1340 1581 record.
1388 1551 1504 1580 There
1524 1550 1552 1579 is
1571 1560 1592 1579 a
1609 1559 1703 1589 copy
1721 1548 1797 1578 also

232 1597 268 1626 in
286 1596 350 1626 the
368 1597 459 1625 xvic.
479 1596 685 1635 Leningrad
704 1596 776 1626 MS.
796 1596 876 1626 Lat.
897 1597 936 1626 F.
955 1605 1014 1635 145
1034 1595 1081 1631 K,
1100 1595 1169 1626 but
1187 1595 1250 1625 the
1267 1595 1433 1625 variants
1449 1604 1510 1624 aro
1525 1594 1795 1632 unimportant.

275 1639 351 1669 The
368 1639 559 1679 year-date
580 1640 609 1669 is
631 1639 830 1669 confirmed
851 1639 899 1679 by
917 1640 980 1669 the
998 1640 1181 1669 reference
1199 1644 1238 1669 to
1256 1638 1462 1668 Warham‘s
1482 1637 1593 1667 death
1608 1649 1615 1672 ;
1639 1636 1712 1667 and
1734 1636 1797 1666 the

232 1682 467 1713 month-date
485 1683 533 1722 by
551 1683 614 1713 the
631 1683 692 1713 list
710 1683 747 1712 of
765 1683 881 1713 books
898 1683 934 1713 in
953 1683 1043 1713 lines
1062 1685 1180 1723 59-64.
1229 1682 1267 1712 P.
1288 1682 1320 1712 S.
1342 1682 1401 1719 A.]

233 1753 431 1779 ERASMVS
443 1753 767 1779 ROTERODAMVS
781 1753 920 1779 PETRO
931 1753 1156 1787 THOMICIO,
1170 1752 1377 1779 EPISCOPO
1389 1751 1652 1778 CRACOVIEN.
1666 1750 1697 1777 S.
1710 1751 1744 1777 P,
1756 1750 1795 1777 D.

287 1807 515 1845 OBIVRGAT
550 1821 615 1845 me
656 1808 801 1845 Iustus
841 1808 1006 1853 Decius,
1041 1807 1155 1857 quod
1195 1820 1341 1857 nuper,
1378 1819 1509 1856 quum
1545 1805 1599 1843 ad
1639 1805 1798 1843 multos

232 1863 489 1912 scripsissem
513 1875 629 1911 quos
665 1863 706 1899 in
743 1862 918 1899 Polonia
959 1863 1094 1900 habeo
1129 1867 1331 1911 patronos
1370 1866 1414 1898 et
1453 1862 1610 1898 amicos
1645 1861 1798 1897 merito

232 1916 441 1961 colendos,
464 1917 518 1954 ad
541 1922 583 1954 te
606 1917 708 1953 nihil
730 1917 917 1954 dederim
940 1917 1194 1961 litterarum,
1217 1929 1301 1965 0110
1322 1929 1407 1953 11011
1427 1920 1492 1953 est
1519 1915 1627 1952 alius
1654 1914 1795 1952 candi-

233 1971 325 2008 dior
364 1972 591 2008 amiciorue
633 1971 820 2008 Erasmo.
882 1971 1003 2017 Quod
1044 1973 1116 2015 ait,
1158 1971 1342 2008 sciebam
1386 1983 1475 2008 esse
1516 1970 1794 2006 verissimum.

196 2042 213 2071 5
234 2025 373 2074 Atque
403 2026 480 2063 hoc
509 2027 646 2075 ipsum
677 2027 719 2062 in
751 2038 879 2063 causa
908 2026 991 2063 fuit
1022 2031 1082 2069 vt,
1111 2038 1243 2074 quum
1275 2025 1470 2063 omnibus
1500 2024 1681 2061 scribere
1712 2036 1796 2060 non

234 2085 417 2125 vacaret,
441 2085 483 2117 te
509 2093 640 2117 vnum
669 2081 971 2129 praeterierim.
1024 2080 1226 2129 Vulgares
1255 2081 1365 2117 enim
1395 2080 1610 2116 amiciciae
1638 2078 1797 2115 talibus

235 2135 378 2171 officiis
400 2134 579 2172 subinde
601 2134 810 2172 fouendae
832 2139 944 2179 sunt,
968 2147 1018 2172 ne
1046 2135 1333 2183 refrigescant.
1393 2133 1630 2178 Caeterum,
1653 2145 1795 2181 quem-

234 2189 465 2226 admodum
488 2194 563 2226 tua
585 2190 626 2226 in
648 2201 714 2226 me
735 2191 871 2238 pietas
892 2190 1091 2226 testatior
1111 2193 1176 2226 est
1197 2193 1328 2238 atque
1350 2189 1479 2225 etiam
1508 2187 1798 2225 confirmatior

234 2255 362 2291 quam
391 2248 439 2280 vt
466 2248 587 2292 egeat
615 2243 862 2292 vulgaribus
890 2244 1046 2288 officiis,
1076 2244 1137 2280 ita
1164 2248 1270 2292 puto
1297 2255 1438 2280 meum
1467 2244 1507 2279 in
1537 2247 1579 2279 te
1607 2243 1795 2279 animum

177 2313 215 2333 10
234 2297 313 2334 tibi
334 2299 391 2334 sic
419 2310 507 2335 esse
536 2302 803 2348 perspectum
826 2303 875 2335 vt
903 2298 1006 2334 nihil
1034 2299 1207 2334 moreris
1236 2298 1477 2335 litterarum
1506 2297 1796 2340 incitamenta,

234 2353 482 2401 praesertim
515 2365 646 2401 quum
689 2352 853 2389 nullum
890 2352 1066 2389 offertur
1100 2357 1397 2401 argumentum
1434 2355 1477 2389 et
1516 2350 1798 2400 compellat-ur

234 2407 429 2443 maximis
450 2406 724 2456 plurimisque
746 2407 926 2456 negotiis
948 2408 1310 2456 occupatissimus.

289 2459 658 2505 Quemadmodum
693 2462 804 2498 enim
840 2461 1009 2498 molesti
1044 2465 1143 2498 sunt
1177 2462 1318 2498 verius
1353 2473 1481 2509 quam
1522 2460 1690 2497 offitiosi
1725 2460 1797 2508 qui

234 2515 412 2564 negotiis
446 2515 656 2552 distentos
686 2515 974 2564 interpellant,
1006 2516 1067 2552 ita
1098 2527 1401 2564 saepenumero
1432 2515 1612 2552 officium
1647 2518 1712 2551 est
1743 2513 1796 2550 ad

177 2584 214 2614 15
234 2569 442 2618 quosdam
476 2582 560 2606 non
591 2569 784 2615 scribere,
818 2570 898 2606 nisi
932 2569 1035 2618 quid
1069 2571 1128 2607 rei
1159 2570 1290 2606 seriae
1330 2569 1520 2619 postulet
1555 2569 1796 2605 lit-terarum

235 2623 428 2661 officium.
488 2623 609 2669 Quod
631 2628 773 2661 autem
796 2628 1093 2673 argumentum
1116 2624 1326 2661 scribendi
1353 2624 1652 2673 sumpsissem?
1712 2622 1795 2659 Ro-

233 2690 408 2727 gassem,
431 2682 480 2714 vt
501 2691 598 2727 erga
619 2678 843 2715 Erasmum
865 2691 1056 2727 pergeres
1085 2679 1148 2715 tui
1175 2678 1321 2715 similis
1349 2691 1436 2715 esse
1451 2683 1466 2715 ⁴!
1525 2677 1587 2714 De
1615 2689 1663 2714 eo
1691 2676 1795 2714 nihil

235 2731 501 2769 dubitabam.
561 2731 820 2770 Obtulissem
862 2732 1111 2781 obsequium
1152 2736 1323 2770 meum?
1382 2732 1550 2770 Sciebas
1591 2731 1667 2769 hoc
1707 2743 1795 2768 esse

234 2790 446 2835 paratum,
480 2787 514 2823 si
549 2787 650 2835 quid
686 2787 753 2823 vel
790 2792 899 2824 nutu
932 2786 1198 2836 significares.
1259 2786 1369 2832 Quid
1404 2786 1517 2835 quod
1550 2799 1602 2823 ne
1637 2786 1793 2835 possim

278 2885 373 2914 2775.
403 2894 431 2914 1.
457 2884 679 2924 Heruagius]
703 2885 767 2915 See
790 2885 858 2925 Ep.
886 2886 978 2924 2765.
1049 2884 1158 2915 letter
1184 2885 1243 2921 (cf.
1274 2885 1309 2915 ll.
1340 2886 1452 2920 22-6>‚
1482 2894 1548 2915 nor
1575 2894 1648 2924 any
1672 2888 1795 2915 recent

238 2937 312 2958 1111.
1049 2927 1158 2959 letter
1174 2929 1211 2959 of
1229 2928 1403 2959 Erasmus
1421 2929 1568 2958 written
1585 2932 1625 2958 to
1643 2927 1794 2963 Poland,

278 2971 373 3001 2776.
404 2981 431 3002 1.
459 2971 653 3011 Obiurgat]
671 2971 823 3003 Neither
836 2971 978 3002 Decius'
1049 2972 1077 3003 is
1093 2977 1236 3002 extant.
