1966 3379
572 176 644 215 TO
673 175 925 215 JODOCUS
955 174 1208 214 SASBOUT
1628 175 1675 212 19

104 180 225 230 2645]

103 285 292 323 omnium
332 282 590 327 confusione,
626 281 846 330 tantisque
880 279 1076 330 procellis
1111 282 1276 317 rectum
1311 282 1455 317 tenere
1490 277 1674 317 clauum.

103 338 224 385 Quod
246 351 301 375 an
322 350 397 374 nos
418 336 639 386 assequuti
665 336 797 373 simus
828 335 982 380 nescio,
1011 337 1124 372 certe
1151 334 1294 372 conati
1317 346 1464 371 sumus
1485 337 1529 371 et
1551 346 1674 371 cona·
1695 348 1737 378 30

103 406 196 431 mur
217 392 377 430 sedulo.

157 448 445 497 Expectamus
484 445 587 495 quid
628 444 749 482 nobis
782 444 884 482 haec
924 445 1067 494 pariat
1101 442 1299 493 Synodus
1336 442 1674 480 Ratisbonensis.

102 502 205 539 Mihi
240 501 413 551 quidem
448 500 560 538 bona
594 511 688 550 spes
722 502 799 544 est,
840 498 913 537 sed
948 499 1078 549 paulo
1112 497 1262 536 melior
1296 501 1409 535 esset
1444 497 1547 534 laeti
1582 509 1676 547 spes

99 561 291 601 euentus,
309 556 388 593 nisi
405 554 596 593 Caesaris
619 555 755 604 pietas
772 557 946 591 tantum
968 553 1176 591 tribueret
1192 551 1450 602 quibusdam
1467 551 1675 597 infulatis,

99 611 254 660 quibus
275 610 471 659 equidem
489 608 616 646 velim
633 620 753 646 suam
772 608 978 646 vindicari
993 608 1288 653 autoritatem,
1310 606 1383 644 sed
1404 606 1676 656 quorundam
1696 620 1736 650 35

99 665 323 703 ambitioni
349 664 453 702 nihil
481 668 547 701 est
573 665 689 701 satis.
752 663 916 712 Regina
942 663 1090 708 Maria,
1117 662 1400 700 foeminarum
1429 661 1555 698 huius
1580 662 1675 698 aeui

100 720 405 764 laudatissima,
428 723 601 756 reuocat
624 731 689 756 me
718 720 760 756 in
787 717 1081 763 Brabantiam,
1104 717 1177 754 sed
1202 716 1383 766 posthac
1405 715 1509 753 mihi
1531 716 1675 753 viuam

99 778 281 824 oportet,
310 775 344 811 si
375 774 544 823 cupiam
572 774 744 812 omnino
775 773 931 810 viuere.
990 771 1152 810 Studiis
1183 771 1351 809 immori
1379 771 1497 816 libet,
1526 770 1676 808 aulicis

99 830 281 877 negociis
303 829 469 866 immori
491 841 574 865 non
596 828 713 866 libet.

154 883 397 934 Scripturus
413 895 529 920 eram
546 882 790 920 clarissimis
807 883 909 920 viris
923 882 973 919 D.
989 881 1113 919 Abeli
1129 894 1154 919 a
1168 880 1345 923 Colster,
1360 885 1403 918 et
1418 880 1468 918 D.
1485 879 1675 918 Gerardo
1694 894 1737 924 40

99 938 152 976 ab
167 937 425 983 Ascendefft,
438 937 510 975 sed
526 937 591 974 hic
606 937 822 975 Gerardus
837 937 1047 975 Henricus
1064 936 1251 974 medicus
1265 948 1317 973 ex
1335 935 1465 973 Italia
1479 948 1674 973 reuersus

98 993 278 1031 offendit
298 1005 365 1030 me
386 996 430 1030 et
451 992 605 1030 studiis
621 997 665 1030 et
687 991 920 1030 scribendis
936 991 1128 1041 epistolis
1144 991 1422 1035 delassatum,
1440 1003 1516 1028 nec
1534 991 1673 1028 visum

97 1052 162 1085 est
198 1047 317 1085 illum
353 1047 516 1085 diutius
552 1048 768 1093 remorari,
804 1051 904 1097 post
941 1046 1155 1084 diutinam
1194 1045 1579 1096 peregrinationem
1618 1045 1674 1083 ad

97 1103 261 1152 patriae
282 1102 448 1139 fumum
471 1106 786 1152 properantem.
848 1101 987 1148 Quare
1008 1103 1051 1139 te
1080 1113 1181 1151 rogo
1210 1104 1259 1138 vt
1288 1100 1404 1150 apud
1428 1099 1523 1137 illos
1554 1112 1672 1149 prae-

97 1157 232 1194 claros
246 1157 358 1195 viros
375 1157 479 1194 mihi
495 1157 550 1194 sis
567 1157 845 1206 epistolarum
864 1157 967 1202 vice,
985 1155 1118 1194 donec
1136 1155 1311 1193 dabitur
1325 1156 1404 1192 ocii
1418 1154 1670 1205 pauxillum.
1693 1166 1733 1197 45

96 1211 239 1250 Nolim
267 1212 379 1249 enim
402 1211 496 1249 illos
522 1211 656 1249 literis
685 1212 857 1249 incultis
885 1224 933 1248 ac
960 1210 1173 1261 languidis
1203 1210 1432 1260 appellare.
1493 1209 1673 1247 Interim

96 1266 303 1316 persuade
324 1266 405 1303 illis
427 1267 503 1304 has
525 1266 671 1304 literas
691 1270 735 1304 et
756 1267 809 1304 ad
832 1267 945 1317 ipsos
966 1278 1057 1303 esse
1080 1266 1273 1315 scriptas.

152 1321 263 1358 Bene
285 1321 391 1359 vale.
451 1321 579 1371 Apud
602 1321 857 1371 Friburgum
880 1321 1096 1371 Brisgoiae
1118 1321 1248 1358 tertio
1275 1319 1342 1357 die
1371 1319 1484 1357 Maii.
1548 1318 1674 1357 Anno

96 1389 121 1414 a
141 1375 311 1414 Christo
332 1380 436 1413 nato
455 1387 696 1414 M.D.xx:<n.

499 1567 689 1619 26462693
752 1564 820 1605 To
844 1564 1088 1605 NICHoLAs
1111 1564 1260 1605 OLAH.

143 1644 368 1689 Esterhazy
387 1644 468 1678 MS.
489 1655 527 1688 p.
551 1654 633 1688 234.
1391 1643 1597 1687 Freiburg.

143 1694 226 1728 OE.
250 1704 330 1727 211.
1357 1703 1377 1736 3
1397 1693 1495 1737 May
1517 1702 1623 1735 1532.

308 1787 507 1814 ERASMVS
527 1787 854 1814 ROTERODAMVS
875 1788 917 1814 N.
941 1788 1054 1815 OLAO
1075 1787 1348 1814 SECRETARIO
1369 1787 1409 1813 R.
1434 1787 1466 1814 S.

149 1848 367 1885 LITTERAS
398 1851 495 1885 tuas
525 1847 679 1897 quibus
708 1848 811 1885 mihi
840 1848 1072 1898 persuades
1100 1848 1287 1886 reditum
1309 1849 1353 1885 in
1375 1847 1672 1891 Brabantiam,

93 1904 234 1953 accepi
249 1917 255 1947 ς
279 1903 523 1952 eisdemque
538 1916 610 1952 per
626 1902 810 1940 eundem
826 1903 1143 1941 veredariorum
1158 1903 1395 1953 prefectum
1410 1903 1483 1952 qui
1498 1903 1673 1940 miserat

94 1957 304 2007 respondi.
363 1957 443 1995 Hic
461 1958 622 1995 inuitus
640 1957 806 2003 haereo,
823 1962 866 1995 et
883 1962 1029 1996 tamen
1045 1958 1207 1996 edifico.
1264 1958 1344 1995 Vix
1362 1957 1477 1995 domi
1491 1957 1673 1995 latitans

94 2013 257 2050 retineo
273 2012 523 2062 languidum
542 2013 626 2050 iam
644 2013 814 2062 iamque
832 2013 975 2063 fugere
992 2013 1275 2050 meditantem
1292 2013 1504 2063 spiritum.
1547 2011 1672 2050 Nunc

94 2068 294 2116 quoniam
327 2080 393 2104 me
423 2067 580 2105 defecit
616 2068 765 2105 vinum
799 2068 1162 2118 Burgundiacum,
1198 2081 1333 2117 eoque
1364 2071 1537 2105 mutato
1572 2068 1709 2112 vin05

94 2121 322 2171 periclitor,
354 2122 634 2172 frigusculum
670 2126 749 2160 aut
784 2127 939 2161 ventus
974 2123 1284 2161 incommodior
1320 2135 1386 2160 me
1422 2122 1595 2160 coniicit
1630 2123 1672 2160 in

95 2176 264 2214 lectum.
324 2177 421 2214 Non
450 2177 574 2215 video
601 2190 687 2227 qua
712 2178 755 2214 in
785 2191 827 2215 re
855 2176 1157 2216 Serenissimae
1183 2178 1372 2227 Reginae
1400 2178 1557 2227 possim
1582 2189 1672 2215 esse

95 2232 199 2268 vsui.
260 2231 320 2269 Ac
352 2244 498 2270 vereor
528 2244 592 2277 ne,
625 2233 658 2269 si
690 2232 864 2278 rediero,
894 2246 968 2283 per
993 2233 1137 2270 aulam
1163 2233 1268 2270 mihi
1290 2245 1375 2270 non
1398 2232 1523 2270 liceat
1545 2232 1671 2270 huius

93 2285 320 2335 plusquam
342 2287 469 2324 vitrei
491 2287 731 2337 corpusculi
753 2288 963 2325 rationem
985 2287 1154 2325 habere.
1216 2286 1378 2326 Studiis
1400 2288 1570 2325 immori
1586 2299 1670 2325 non

93 2340 314 2389 grauabor.
375 2341 432 2378 Et
459 2345 607 2379 tamen
628 2342 706 2379 sub
730 2342 807 2379 tali
828 2342 1003 2380 domina
1025 2342 1178 2380 liberet
1206 2342 1320 2392 quod
1351 2346 1546 2392 superest
1575 2342 1670 2380 aeui
1693 2356 1732 2377 10

94 2396 337 2445 transigere,
361 2397 479 2433 cuius
501 2397 573 2434 vix
595 2401 789 2447 superest
810 2397 1025 2447 παλαιστή.

233 2467 329 2498 2645.
356 2477 409 2507 49.
436 2478 457 2498 a
474 2468 619 2500 Christo
637 2473 725 2500 nato
742 2480 810 2500 om.
830 2469 876 2500 N.
955 2470 1051 2500 2646.
1081 2479 1130 2500 11.
1158 2469 1378 2509 transsigere
1396 2468 1478 2500 MS.

138 2555 234 2585 2645.
261 2565 314 2595 40.
340 2555 495 2593 Colster]
539 2555 604 2586 See
648 2556 718 2597 Ep.
760 2557 847 2587 2800

94 2599 228 2629 introd.

139 2653 190 2682 41.
218 2643 446 2680 Ascendelft]
486 2644 638 2679 Gerard,
685 2643 763 2674 lord
809 2645 847 2675 of

96 2687 307 2717 Assendelft
326 2686 400 2717 and
422 2687 652 2717 Heemskerk
673 2688 716 2725 (c.
740 2689 846 2727 1488—

99 2731 216 2768 1558);
243 2731 424 2770 probably
447 2741 469 2760 a
493 2731 646 2762 relative
671 2731 709 2761 of
735 2732 845 2772 Hugo

95 2773 131 2803 of
150 2774 361 2804 Assondelft
379 2775 463 2814 (Ep.
486 2784 579 2814 1044.
599 2776 702 2811 2611>2
729 2775 843 2806 Presi-

95 2817 184 2847 dont
208 2817 245 2847 of
269 2818 333 2848 the
357 2818 507 2848 Council
530 2818 567 2848 of
593 2819 776 2854 Holland;
807 2820 843 2849 in

98 2863 179 2898 1526
196 2861 240 2891 he
257 2862 328 2891 and
355 2862 514 2892 Sasbout
531 2872 624 2892 were
641 2863 845 2903 collcagues

95 2904 130 2934 in
143 2905 354 2944 exarnining
362 2916 409 2935 an
420 2906 630 2936 accusation
641 2907 679 2937 of
690 2906 844 2937 Luther-

95 2948 232 2983 anism;
259 2949 312 2978 De
330 2949 449 2979 Vocht
469 2959 648 2990 supposes
670 2951 739 2990 Ep.
762 2953 845 2981 1160

95 2994 134 3021 to
155 2992 199 3022 be
219 2992 415 3023 addressed
437 2997 476 3023 to
501 2993 596 3029 111111;
622 3004 669 3023 011
695 3004 736 3030 20
761 2994 842 3025 Oet.

98 3043 178 3074 1532
197 3036 372 3067 Erasmus
389 3041 503 3068 wrote
520 3041 558 3067 to
578 3037 653 3067 him
672 3038 741 3078 Ep.
761 3047 843 3077 2734

914 2567 961 2588 on
971 2557 1299 2597 thesuggestionof
1311 2557 1668 2594 QuirinusTalesius.

915 2601 996 2639 (See
1013 2600 1148 2637 MHL⁴,
1168 2611 1231 2642 pp.
1250 2602 1364 2640 95—8.)

1003 2645 1189 2675 Gerardus
1218 2645 1414 2683 Henricus]
1444 2645 1502 2675 He
1530 2645 1668 2676 carried

913 2689 988 2719 this
1008 2688 1119 2719 letter
1138 2689 1211 2719 and
1234 2689 1302 2728 Ep.
1322 2691 1419 2728 2046,
1443 2689 1561 2718 which
1584 2699 1669 2729 says

913 2733 998 2763 that
1021 2733 1066 2762 he
1084 2743 1158 2762 was
1179 2743 1201 2763 a
1221 2733 1348 2763 native
1373 2733 1410 2763 of
1433 2733 1668 2763 Amsterdam

913 2777 985 2806 and
1006 2777 1059 2806 ‘in
1078 2786 1116 2806 re
1134 2777 1275 2807 medica
1294 2776 1456 2806 lauream
1474 2776 1602 2806 retulit
1622 2786 1667 2806 ex

913 2820 1024 2850 Italia
1037 2820 1065 2855 ‘;
1092 2820 1185 2850 from
1206 2820 1274 2860 Ep.
1294 2822 1378 2858 2603
1396 2830 1449 2849 we
1467 2820 1565 2849 learn
1584 2820 1664 2849 111111

914 2864 959 2894 he
976 2864 1092 2894 called
1105 2874 1151 2894 on
1171 2864 1264 2894 Olah
1284 2864 1318 2893 in
1337 2864 1459 2894 Glient
1478 2864 1550 2893 and
1569 2864 1665 2896 111111,

915 2908 1053 2937 tlmnks
1076 2911 1114 2937 to
1135 2907 1241 2943 011111,
1263 2908 1326 2937 the
1351 2917 1469 2947 queen
1497 2907 1579 2936 held
1600 2912 1666 2937 out

915 2951 1091 2991 promises
1109 2955 1147 2981 to
1165 2951 1252 2981 him.

958 2995 1055 3024 2646.
1086 3004 1112 3024 1,
1140 2995 1314 3032 Litteras]
1333 2994 1401 3034 Ep.
1422 2996 1516 3033 2607.

959 3048 989 3078 3.
1016 3039 1202 3079 respondi]
1222 3039 1291 3078 Ep.
1311 3041 1406 3077 2613.
