1966 3379
265 104 345 140 410
803 104 1102 142 APPENDIX
1133 104 1291 143 XXIII

265 220 341 257 ego
358 207 417 245 illi
434 208 522 245 siue
539 212 746 258 tanquam
763 213 909 258 gratus
926 209 1055 247 cliens
1072 209 1214 255 reddo,
1232 210 1320 247 siue
1338 210 1379 247 vi
1397 209 1572 248 vltimae
1594 210 1832 248 voluntatis

266 262 378 299 dono
399 262 465 308 do,
488 275 624 312 neque
645 263 781 300 solum
807 265 1085 313 prescriptam
1111 265 1347 313 pecuniam,
1370 277 1517 301 verum
1539 266 1669 302 etiam
1691 269 1833 314 preter

206 333 248 363 30
266 318 500 367 prescripta
534 317 669 355 eidem
702 318 751 355 D.
787 318 963 355 Erasmo
998 318 1109 355 dono
1140 322 1183 355 et
1214 318 1306 368 lego
1336 318 1514 356 ducatos
1546 320 1707 369 viginti,
1738 331 1832 357 mea

267 384 395 409 manu
424 371 657 409 testificans
685 372 792 410 hanc
820 385 957 410 meam
985 385 1073 410 esse
1099 373 1294 410 Vltimam
1316 373 1598 419 voluntatem,
1622 378 1832 423 quantum

266 426 320 463 ad
343 428 645 476 praescriptam
669 440 879 464 summam
901 428 1071 465 attinet.

322 480 391 518 Ita
432 482 578 531 scripsi
618 486 785 531 meapte
829 495 956 519 manu
999 494 1113 519 anno
1168 482 1326 520 domini
1367 493 1609 520 M.D.XXX111
1659 483 1834 521 Decima

266 537 448 584 septima
470 536 683 585 Septemb.
1357 536 1575 575 Conradus
1596 536 1832 575 Goclenius.

207 601 247 632 35
322 589 557 628 Collatione
588 591 702 628 facta
733 591 965 628 concordat
995 592 1115 641 copia
1151 604 1246 629 cum
1282 592 1486 641 originali.
1547 592 1615 630 Ita
1651 597 1835 630 attestor

269 644 358 682 Ioh.
383 644 617 694 Duynkens
639 645 742 684 Not5³
766 659 839 696 per
860 646 1092 684 Concilium
1117 646 1241 684 Brab.
1265 646 1486 684 admissus.

311 806 404 847 A2.
472 806 823 847 MEMORANDUM
858 819 920 847 ΒΥ
954 807 1181 848 ERASMUS
1215 819 1272 848 OF
1306 807 1494 848 MONIES
1528 819 1791 848 DEPosrrED

831 879 956 907 wrrn
989 866 1274 908 GOCLENIUS.

319 957 437 1040 Bafsle
455 957 537 991 MS.
555 956 731 990 Goclenii
751 958 944 1002 epistolae
964 958 1281 1002 (Erasmuslade)
1504 960 1524 992 8
1546 958 1658 1003 April
1682 969 1786 1003 1534.

388 1034 395 1040 .
418 1017 462 1051 34
483 1013 538 1040 νο.

872 1074 918 1112 [Α
937 1074 1093 1105 notaria]
1111 1075 1234 1116 copy]

324 1150 428 1188 DEs.
459 1150 660 1188 Erasmus
687 1149 1002 1188 Roterodamus
1023 1151 1261 1201 theologiae
1282 1151 1504 1202 professor,
1527 1151 1703 1204 deposui
1724 1150 1838 1201 apud

269 1205 548 1243 excellentem
558 1206 694 1242 virum
703 1209 747 1242 et
760 1206 942 1243 amicum
952 1207 1293 1255 syncerissimum
1302 1205 1566 1244 Conrardum
1577 1204 1838 1251 Goclenium,

270 1260 410 1309 lingue
434 1259 583 1297 Latine
606 1259 882 1310 professorem
900 1260 1077 1298 Louanii
1098 1262 1140 1298 in
1161 1261 1337 1310 collegio
1358 1261 1643 1305 Busleidiano,
1661 1260 1840 1298 florenos

270 1327 419 1352 aureos
434 1315 474 1352 in
489 1327 591 1352 auro
601 1315 932 1364 quadringentos
946 1320 989 1353 et
1004 1316 1325 1366 quinquaginta,
1336 1316 1514 1354 ducatos
1529 1315 1738 1365 simplices
1753 1328 1838 1360 sex,

232 1377 250 1407 5
273 1369 528 1419 Philippicos
545 1374 716 1407 centum
739 1370 926 1419 triginta,
946 1375 1138 1420 preterea
1159 1370 1339 1408 florenos
1361 1371 1620 1408 Brabantiae
1641 1374 1839 1407 monetae

271 1428 485 1462 trecentos
510 1424 794 1473 quadraginta
816 1437 888 1462 sex
911 1438 1006 1462 cum
1028 1425 1263 1464 dimidiato.
1323 1425 1389 1463 Ab
1412 1425 1489 1463 hac
1512 1437 1678 1462 summa
1699 1425 1837 1462 detra-

271 1479 398 1516 hendi
439 1484 539 1516 sunt
578 1480 771 1516 coronati
810 1484 1007 1528 quatuor,
1049 1493 1154 1529 quos
1194 1493 1288 1518 meo
1332 1481 1444 1518 iussu
1492 1480 1610 1517 dedit
1654 1479 1838 1517 Martino

273 1533 442 1584 Lypsio.
504 1534 701 1571 Preterea
735 1534 910 1583 deposui
946 1535 1229 1585 quadraginta
1264 1535 1371 1572 duos
1406 1538 1632 1573 coronatos
1667 1534 1838 1579 solatos,

272 1588 530 1638 Philippicos
564 1601 713 1626 aureos
748 1594 987 1638 nongentos
1021 1602 1175 1627 nouem
1216 1603 1312 1627 cum
1352 1602 1437 1627 vno
1477 1589 1693 1639 stuphero,
1731 1589 1840 1626 sicut

214 1656 253 1677 10
272 1643 402 1693 ipsius
423 1647 640 1680 test-antur
664 1643 954 1693 chirographa.
1014 1644 1077 1682 De
1105 1657 1188 1694 qua
1217 1657 1394 1689 summa,
1417 1645 1450 1682 si
1478 1644 1582 1682 nihil
1611 1643 1727 1681 aliud
1755 1647 1838 1681 sta-

271 1702 395 1735 tuero
429 1702 530 1735 ante
565 1710 810 1747 supremum
843 1699 966 1744 diem,
1000 1699 1097 1737 volo
1128 1704 1176 1737 vt
1207 1699 1540 1749 quadringentos
1575 1702 1717 1736 seruet
1747 1698 1838 1743 sibi,

272 1752 481 1802 reliquum
512 1757 588 1790 aut
619 1752 765 1790 tradat
795 1752 937 1790 heredi
967 1767 1094 1803 quem
1125 1754 1306 1799 institui,
1342 1759 1385 1792 et
1420 1753 1732 1798 executoribus,
1763 1757 1840 1790 aut

272 1808 359 1857 ipse
399 1807 615 1856 dispenset
655 1808 697 1844 in
736 1808 828 1857 pios
869 1821 980 1846 vsus.
1039 1809 1182 1858 Atque
1222 1809 1299 1847 hoc
1336 1808 1662 1858 chirographum
1698 1819 1840 1845 meum

272 1862 405 1900 nihilo
434 1863 572 1899 minus
602 1862 800 1912 ponderis
830 1863 984 1901 habere
1010 1863 1106 1901 volo
1134 1877 1263 1913 quam
1292 1864 1325 1901 si
1354 1867 1615 1902 testamento
1641 1867 1753 1900 esset
1780 1863 1839 1899 in-

215 1930 252 1960 15
273 1921 445 1962 sertum,
471 1929 603 1966 eoque
628 1917 682 1954 ad
706 1916 938 1966 pleniorem
966 1918 1212 1967 (effectum)
1236 1923 1405 1968 meapte
1426 1931 1555 1955 manu
1576 1918 1777 1967 descripsi
1798 1921 1842 1954 et

272 1971 482 2021 peculiare
496 1971 613 2009 anuli
627 1973 793 2021 signum
809 1972 1053 2010 Terminum
1068 1973 1194 2011 affixi.
1233 1973 1358 2023 Apud
1373 1973 1626 2022 Friburgum
1642 1972 1840 2021 Brisgoae

273 2030 428 2064 octauo
443 2026 509 2064 die
527 2026 682 2076 Aprilis
699 2039 812 2064 anno
829 2027 989 2065 domini
1009 2027 1232 2066 Millesimo
1249 2028 1590 2078 quingentesimo
1606 2027 1839 2077 trigesimo-

273 2085 440 2130 quarto.

328 2167 626 2218 Suprascripta
646 2169 768 2218 copia
789 2182 883 2206 cum
902 2170 987 2207 suis
1003 2169 1137 2208 literis
1159 2170 1432 2220 originalibus
1453 2183 1526 2220 per
1546 2169 1597 2207 D.
1616 2169 1841 2206 Erasmum

213 2237 255 2259 20
274 2224 441 2273 scriptis
457 2223 735 2261 collationata
752 2236 847 2261 cum
865 2224 1021 2262 eisdem
1043 2225 1286 2264 concordat.
1332 2225 1402 2262 Ita
1422 2229 1498 2263 est.
1544 2224 1664 2274 Egid.
1684 2223 1841 2261 Martin

273 2278 383 2316 alme
405 2278 559 2316 Vniutls
581 2278 756 2324 Louafi„
779 2283 827 2316 vt
849 2291 923 2329 per
943 2283 1032 2318 cofi.
1056 2279 1272 2318 Notarius.
1335 2279 1521 2328 (Sealed.)

343 2440 438 2481 A3.
502 2439 693 2479 LETTER
725 2450 782 2480 OF
815 2438 1087 2481 GOCLENIUS
1119 2453 1177 2482 'ro
1211 2440 1453 2481 BONIFACE
1487 2440 1771 2480 AMERBACH.

325 2530 444 2564 Basle
462 2529 544 2563 MS.
566 2529 629 2563 G2.
651 2529 705 2563 ΙΙ.
726 2531 785 2572 67.
808 2540 865 2572 52.
1521 2529 1717 2563 Louvain.

1443 2590 1487 2621 19
1506 2580 1664 2622 August
1686 2580 1791 2621 1536.

320 2662 367 2701 [A
391 2662 549 2693 notarial
573 2672 678 2702 copy.
727 2662 784 2693 On
810 2663 874 2694 the
898 2663 992 2694 back
1018 2663 1224 2694 Amerbach
1249 2663 1315 2694 has
1339 2663 1508 2693 written:
1538 2661 1842 2702 ‘Autographum

275 2707 362 2738 oder
378 2706 449 2737 den
467 2706 572 2737 brieff
589 2706 703 2736 durch
721 2706 934 2738 Goelenium
951 2717 998 2738 an
1016 2707 1111 2737 mich
1129 2708 1216 2738 mitt
1233 2708 1330 2737 siner
1346 2707 1475 2747 eignen
1493 2705 1611 2736 handt
1628 2705 1841 2745 geschriben

275 2751 349 2781 hab
371 2751 428 2780 ich
453 2750 590 2780 Iudoco
611 2749 870 2791 Glavimberga
894 2751 977 2781 dem
1002 2751 1155 2781 Notario
1180 2761 1224 2781 zu
1249 2750 1345 2781 lesen
1370 2751 1406 2780 in
1432 2750 1604 2785 brabant,
1629 2748 1682 2779 als
1706 2758 1744 2779 er
1768 2758 1841 2779 von

275 2794 517 2825 vniversitate
541 2793 742 2824 Louanien.
790 2805 833 2826 zu
856 2795 926 2825 mir
946 2795 1072 2825 hieher
1092 2794 1280 2835 geschickt
1302 2804 1369 2834 pro
1393 2792 1555 2824 cedenda
1578 2802 1660 2823 mea
1683 2792 1840 2827 actione,

275 2848 387 2878 quarn
415 2841 595 2877 tanquam
624 2838 750 2868 haeres
777 2839 921 2869 Erasmi
946 2839 1119 2869 haberem
1148 2838 1185 2868 in
1214 2838 1407 2878 pecuniam
1431 2837 1532 2877 apud
1556 2836 1769 2867 Goelenium
1792 2835 1841 2865 ab

276 2882 429 2912 Erasmo
449 2881 656 2922 depositam
677 2886 715 2912 et
735 2883 883 2912 minime
903 2882 1169 2923 dispensatam,
1187 2892 1232 2912 zu
1253 2881 1453 2921 siirderung
1475 2885 1612 2921 genant
1635 2879 1709 2920 gelt
1732 2879 1841 2910 herus

616 2959 645 2989 A
659 2958 689 2989 2.
720 2968 769 2997 15⁴
795 2959 967 2990 effectum
985 2959 1065 2990 add.
1086 2958 1308 2990 Hartmamz:
1335 2968 1401 2989 om.
1422 2957 1502 2988 MS.
