1966 3379
276 157 327 193 24
702 157 959 195 LETTERS
989 157 1059 196 or
1089 158 1355 197 ERASMUS
1719 164 1839 211 [1532

277 261 497 298 nissimum
525 260 817 298 Romanorum
850 262 1008 311 Regem
1041 263 1358 300 Ferdinandum
1391 263 1537 301 multis
1568 265 1842 304 audientibus

279 319 366 351 tam
390 315 617 353 honorifica
640 317 853 353 mentione
878 329 1016 354 meum
1039 330 1210 354 ornasse
1226 330 1380 355 nomen
1398 324 1443 355 vt
1464 319 1564 356 mihi
1586 320 1701 369 apud
1724 321 1843 358 illum

279 369 437 406 nullius
459 371 629 407 omnino
658 372 1026 409 commendatione
1057 373 1111 409 sit
1143 385 1260 422 opus,
1321 372 1429 418 Quid
1458 373 1615 410 faceret
1645 375 1844 425 Princeps

280 424 623 470 humanissimus,
656 427 688 462 si
719 438 804 474 quo
835 426 1038 475 obsequio
1069 428 1334 464 maiestatem
1368 427 1480 464 illius
1511 428 1842 467 demeruissem‘!

220 492 260 523 15
281 478 383 515 Mihi
408 479 510 516 haec
535 484 654 517 aetas
679 480 761 517 iam
789 482 942 529 grauis,
972 481 1043 518 sed
1070 481 1293 530 aliquanto
1317 483 1485 530 grauior
1514 483 1731 529 valetudo,
1758 497 1841 521 non

279 533 362 570 alio
384 535 551 571 nomine
572 534 789 571 molestior
809 540 873 572 est
904 548 1031 584 quam
1060 536 1173 584 quod
1202 549 1275 585 per
1302 549 1372 573 cas
1403 549 1485 574 non
1517 537 1613 574 licet
1645 543 1732 575 tam
1762 540 1842 588 pio,

278 594 367 625 tam
383 589 576 634 candido,
592 593 679 626 tam
696 590 832 626 amico
848 590 1028 640 Principi
1048 591 1259 628 inseruire.
1310 591 1420 628 Nam
1439 604 1570 640 quum
1588 592 1844 630 Graecorum

277 642 436 691 adagiis
468 643 701 692 probentur
737 643 853 681 facta
890 645 1083 682 iuuenilis
1119 647 1287 690 aetatis,
1324 646 1500 683 consilia
1534 646 1708 692 mediae,
1742 653 1845 685 vota

276 702 503 742 extremae,
526 698 579 735 ad
603 698 711 735 hanc
734 698 888 735 lineam
909 699 1012 736 mihi
1033 699 1263 737 deuentum
1286 704 1363 745 est,
1391 706 1438 737 vt
1466 702 1631 750 optimo
1660 702 1842 752 Principi

218 767 258 788 20
278 752 380 788 nihil
411 752 527 789 aliud
558 765 686 801 quam
718 754 880 802 optima
919 755 1078 802 precari
1107 754 1283 800 valeam,
1321 755 1362 792 id
1398 756 1511 804 quod
1539 755 1648 794 facio
1683 757 1843 795 sedulo.

278 807 368 844 lam
391 807 515 843 semel
538 812 668 855 atque
696 808 851 845 iterum
880 809 921 845 in
948 808 1079 846 literis
1104 810 1307 846 admonet
1337 814 1411 846 tua
1442 811 1578 859 pietas
1605 816 1652 848 vt
1683 811 1844 860 aliquid

278 862 530 898 nominatim
556 866 699 911 petam
731 862 785 899 ab
814 863 1069 901 amicissimo
1098 863 1235 913 Rege:
1270 869 1311 901 te
1337 870 1585 902 curaturum
1612 870 1659 902 vt
1682 867 1842 915 optatis

278 917 429 965 potiar.
482 916 655 953 Vtinam
678 917 786 954 istuc
807 917 861 954 ad
884 930 949 955 me
970 920 1279 968 perscripsisset
1303 931 1494 956 summus
1523 919 1591 957 illo
1613 921 1844 958 monarcha

277 970 482 1008 Christus.
544 971 762 1009 Permulta
792 971 934 1009 forent
965 985 1072 1021 quae
1103 974 1157 1010 ab
1188 986 1236 1010 co
1268 979 1467 1023 peterem,
1496 974 1567 1011 scd
1594 975 1697 1012 nihil
1729 976 1843 1025 prius

217 1040 257 1069 25
277 1038 405 1074 quam
436 1029 624 1062 mentem
650 1027 742 1075 ipso
767 1026 950 1075 dignam.
1010 1027 1046 1064 A
1073 1027 1187 1077 Rege
1210 1028 1478 1066 Ferdinando
1500 1030 1571 1065 vix
1595 1030 1719 1067 video
1741 1030 1842 1079 quid

277 1084 434 1129 petam,
457 1084 628 1130 practer
649 1093 698 1118 ea
719 1093 828 1129 quae
850 1081 964 1118 vltro
985 1086 1178 1131 praestat
1200 1083 1311 1120 illius
1337 1084 1493 1120 eximia
1519 1084 1699 1122 bonitas,
1761 1085 1842 1122 Ex-

278 1136 410 1184 ceptis
435 1135 602 1180 studiis,
633 1135 787 1184 quibus
812 1136 980 1173 immori
1013 1136 1130 1182 libet,
1161 1137 1214 1174 ad
1246 1150 1412 1175 omnem
1438 1139 1550 1175 vitae
1581 1139 1842 1177 functionem

277 1203 370 1227 sum
404 1189 577 1227 inutilis,
637 1189 833 1239 Dignitas
864 1190 967 1228 nihil
998 1191 1113 1229 aliud
1144 1192 1227 1229 iam
1253 1197 1362 1229 esset
1388 1193 1490 1229 mihi
1519 1206 1647 1242 quam
1679 1195 1843 1231 sarcina

276 1257 385 1293 equo
416 1244 643 1282 collabenti
675 1258 775 1294 opes
805 1257 1025 1295 congerere
1056 1247 1139 1283 iam
1164 1247 1339 1284 decurso
1369 1248 1484 1284 vitae
1515 1249 1678 1297 spatio:
1711 1248 1844 1286 nihilo

217 1313 259 1343 30
279 1300 418 1336 minus
439 1299 673 1336 absurdum
695 1301 750 1336 sit
767 1312 894 1349 quam
913 1301 946 1337 si
964 1302 1058 1349 quis
1075 1301 1269 1339 confecto
1284 1303 1433 1339 itinere
1451 1307 1605 1352 augeat
1622 1304 1840 1341 viaticum.

279 1354 417 1391 Paruo
438 1354 569 1391 alitur
589 1354 828 1403 frugalitas,
850 1367 958 1404 quae
981 1355 1084 1392 mihi
1112 1369 1275 1405 semper
1301 1361 1424 1406 grata
1450 1357 1544 1401 fuit,
1574 1370 1685 1395 nunc
1713 1359 1843 1395 etiam

278 1412 341 1446 est
364 1409 610 1447 necessaria.
671 1408 866 1458 Optarim
889 1414 1035 1447 tamen
1053 1410 1327 1459 tranquillam
1346 1416 1621 1456 senectutem,
1640 1414 1672 1449 si
1690 1417 1843 1462 negata

277 1468 341 1500 est
364 1464 508 1500 hilaris
529 1476 576 1500 ac
598 1463 759 1508 florida,
782 1476 910 1512 quam
933 1465 1080 1502 multis
1103 1466 1225 1503 video
1253 1467 1507 1515 contingere.
1568 1466 1739 1504 Senium
1773 1467 1841 1509 de-

278 1518 442 1568 pellere,
460 1518 750 1555 valetudinem
768 1520 985 1568 corrigere,
1000 1532 1075 1557 nec
1090 1532 1279 1557 summus
1295 1521 1492 1558 Pontifex
1508 1534 1582 1558 nec
1599 1522 1843 1571 Principum

218 1586 258 1616 35
279 1574 491 1610 maximus
512 1571 666 1610 Caesar
691 1577 845 1622 potest.
907 1572 1045 1619 Quum
1072 1574 1251 1612 habeam
1278 1579 1507 1624 vtrumque
1533 1576 1636 1613 mihi
1663 1576 1840 1614 beneuo-

278 1627 448 1673 lentem,
472 1628 636 1664 vtinam
659 1627 809 1665 saltem
832 1628 1143 1666 oblatrantium
1165 1642 1239 1667 ora
1260 1635 1431 1679 possent
1453 1631 1666 1669 obturare.
1717 1631 1779 1669 Ne
1801 1632 1842 1669 id

278 1683 449 1731 quidem
470 1682 552 1719 illis
573 1683 615 1719 in
636 1695 767 1719 manu
786 1687 862 1720 est.

334 1737 508 1774 Praeter
528 1749 598 1774 eos
623 1741 767 1774 autem
794 1738 865 1786 qui
896 1738 1039 1787 palam
1070 1738 1254 1787 vndique
1284 1739 1553 1790 obstrepunt,
1579 1753 1664 1777 non
1690 1741 1843 1778 desunt

278 1793 350 1841 qui
380 1791 580 1829 maleficis
612 1791 777 1828 artibus
807 1805 856 1829 ac
887 1805 960 1842 per
985 1793 1201 1830 cuniculos
1231 1794 1463 1832 moliantur
1493 1796 1687 1833 exitium.
1748 1796 1842 1833 Scio

218 1860 260 1890 40
279 1847 547 1884 verissimum
562 1859 651 1884 esse
665 1846 779 1895 quod
796 1847 849 1884 ad
865 1847 1169 1885 consolandum
1188 1861 1253 1885 me
1268 1854 1572 1887 commemorat
1592 1854 1668 1887 tua
1681 1850 1818 1900 pietas
1836 1864 1842 1887 :

279 1914 443 1951 semper
465 1902 625 1942 virtute
647 1905 816 1950 partam
838 1901 1015 1951 gloriam
1040 1902 1168 1940 fuisse
1190 1903 1418 1941 obnoxiam
1445 1904 1639 1949 inuidiae,
1663 1917 1737 1942 nec
1766 1905 1844 1942 hoc

279 1957 406 1993 modo
422 1955 609 1993 seculum
626 1956 818 2005 genuisse
835 1969 883 1994 ac
900 1957 1123 2006 pertulisse
1139 1957 1296 1995 similes
1310 1959 1600 2008 improborum
1617 1959 1843 1997 tumultus.

280 2011 453 2048 Memini
469 2023 597 2060 quam
616 2011 808 2060 improbe
825 2012 880 2048 sit
897 2011 1159 2049 oblatratum
1177 2011 1452 2062 Hieronymo,
1471 2014 1543 2051 sed
1561 2013 1672 2051 illius
1689 2015 1845 2051 eximia

280 2066 418 2103 virtus
440 2070 516 2102 aut
537 2065 746 2103 obruebat
767 2065 984 2111 inuidiam,
1007 2071 1084 2104 aut
1105 2071 1217 2104 certe
1239 2069 1488 2116 pensatione
1510 2069 1717 2106 reddebat
1739 2068 1842 2106 tole-

219 2132 259 2162 45
280 2124 376 2157 ratu
404 2120 586 2157 facilem.
646 2120 735 2170 Ego
756 2120 858 2169 quid
879 2134 971 2158 sum
994 2121 1047 2158 ad
1070 2121 1176 2158 tales
1204 2121 1385 2159 collatus
1414 2124 1526 2160 viros
1543 2128 1558 2160 ’ί
1616 2122 1658 2160 Si
1686 2123 1841 2160 doctri-

279 2188 378 2212 nam
400 2188 448 2212 ac
474 2175 678 2224 pietatem
710 2175 940 2224 expendas,
962 2175 1158 2225 indignus
1186 2189 1279 2213 sum
1307 2178 1379 2225 qui
1407 2177 1487 2214 illis
1516 2177 1677 2215 calceos
1707 2182 1843 2215 exter-

280 2242 399 2279 gam:
433 2230 467 2266 si
492 2230 677 2267 inuidiae
700 2230 1049 2279 magnitudinem,
1077 2231 1179 2268 totis
1205 2233 1451 2281 parasangis
1483 2232 1576 2269 illos
1606 2245 1842 2282 praecurro,

280 2284 485 2321 Attamen
518 2285 696 2333 ingenue
730 2284 868 2322 fateor
904 2298 969 2322 me
1004 2285 1082 2322 hoc
1118 2285 1363 2335 Principum
1399 2287 1646 2325 clementiae
1681 2287 1845 2331 debere,

280 2339 395 2388 quod
416 2339 623 2376 hactenus
643 2339 849 2376 aduersus
872 2344 938 2376 tot
959 2344 1151 2377 excetras
1171 2340 1369 2379 subsisto.

221 2405 262 2434 50
336 2393 372 2430 A
394 2393 508 2443 Rege
530 2393 799 2431 Ferdinando
820 2394 923 2431 nihil
949 2399 1014 2432 est
1038 2394 1153 2443 quod
1177 2395 1219 2431 in
1244 2396 1484 2444 praesentia
1509 2400 1666 2446 petam,
1692 2397 1771 2434 nisi
1796 2400 1845 2434 vt

281 2448 314 2484 si
350 2448 452 2497 quid
484 2461 558 2498 per
590 2448 781 2486 aemulos
813 2461 928 2486 meos
963 2450 1157 2486 extiterit
1190 2450 1445 2499 tragoediae,
1483 2452 1548 2488 sui
1579 2451 1726 2488 similis
1755 2463 1845 2488 esse

282 2507 430 2552 pergat
447 2516 453 2540 :
477 2503 518 2540 id
534 2503 647 2552 quod
662 2507 705 2540 et
718 2515 795 2553 pro
810 2503 960 2553 regalis
977 2504 1128 2553 ingenii
1147 2503 1409 2553 benignitate
1426 2505 1675 2543 iamdudum
1693 2510 1844 2555 sponte

281 2558 398 2602 facit,
433 2561 478 2594 et
513 2562 589 2594 tua
628 2558 1010 2603 commendatione,
1047 2558 1114 2595 vel
1149 2558 1441 2597 admonitione
1477 2561 1630 2605 verius,
1666 2560 1844 2610 posthac

281 2611 542 2649 cumulatius
581 2612 797 2649 facturum
837 2612 1015 2650 confido.
1076 2613 1406 2651 Promerebatur
1445 2614 1551 2652 illud
1586 2615 1843 2652 sanctissimi

222 2677 262 2706 55
283 2665 410 2715 Regis
427 2667 574 2715 pietas,
591 2671 639 2704 vt
653 2667 902 2704 florentibus
918 2667 1244 2717 tranquillisque
1260 2668 1384 2706 rebus
1398 2674 1604 2719 perpetuo
1619 2669 1843 2706 frueretur.

282 2719 362 2757 Sed
384 2721 557 2769 quando
579 2721 737 2759 bellum
759 2734 1045 2759 commeruere
1067 2722 1226 2759 scelera
1251 2727 1410 2769 nostra,
1433 2736 1581 2773 precor
1602 2728 1651 2761 vt
1676 2725 1845 2773 auspice

282 2774 372 2812 Deo
392 2775 571 2812 feliciter
592 2780 685 2812 tum
707 2776 768 2813 illi
789 2781 881 2813 tum
904 2777 1025 2814 nobis
1046 2776 1243 2814 omnibus
1265 2778 1392 2815 cadat
1414 2778 1564 2815 Martis
1586 2778 1690 2815 alea.

337 2829 547 2867 Henricus
567 2828 801 2868 Glareanus
826 2831 1066 2868 studiorum
1091 2843 1263 2868 suorum
1292 2834 1503 2882 specimen
1524 2833 1661 2870 mittit
1682 2832 1845 2882 inclyto

282 2883 574 2922 Romanorum
593 2884 697 2934 Regi
714 2885 993 2931 Ferdinando,
1011 2885 1116 2923 nihil
1132 2886 1302 2935 quidem
1324 2887 1378 2924 ab
1394 2887 1467 2925 illo
1484 2900 1644 2925 venans
1661 2888 1847 2924 muneris

330 2950 557 3010 18.]{1agiis]
575 2971 629 3002 Cf.
649 2973 763 3012 Adaq.
782 2983 879 3013 2402.
1100 2974 1186 3005 sius.
1235 2974 1305 3005 For
1316 2975 1364 3006 its
1378 2975 1631 3015 presentation
1646 2979 1684 3005 to
1698 2975 1847 3005 Ferdin-

326 3015 379 3053 58.
406 3015 605 3054 specimen]
629 3016 706 3047 The
729 3017 872 3048 Froben
894 3017 1030 3058 Diony·
1100 3018 1172 3049 and
1190 3019 1235 3049 cf.
1254 3018 1351 3059 Epp.
1366 3021 1462 3058 2655,
1477 3020 1559 3058 2685
1574 3019 1645 3050 and
1659 3019 1729 3058 Ep.
1749 3019 1846 3049 2801.
