1966 3379
165 242 224 263 120

165 513 222 542 ¹25

164 786 222 814 ¹30

163 1058 219 1087 135

162 1330 220 1361 ¹40

160 1604 218 1634 145

155 2416 215 2442 100

248 124 322 161 138
671 125 926 165 LETTERS
957 126 1027 165 OF
1058 127 1322 166 ERASMUS

1685 132 1805 179 [1532

244 228 322 264 sub
346 227 415 264 illo
436 228 699 266 Cancellario
722 230 862 267 nullus
886 231 939 267 011
963 231 1202 280 improbata
1225 232 1426 281 dogmata
1449 234 1600 282 eapitis
1626 247 1802 283 poenam

244 282 375 324 dedit,
417 296 546 331 quum
591 284 631 320 in
673 290 853 333 Vtraque
893 286 1119 322 Germania
1159 286 1380 335 Galliaque
1426 294 1513 324 tam
1556 289 1679 325 multi
1720 291 1805 326 sint

243 337 383 373 affecti
407 338 625 386 supplicio.
668 338 733 375 An
757 352 839 376 11011
864 340 1092 377 elementer
1113 340 1203 377 odit
1226 342 1375 390 impios
1393 343 1476 390 (1111,
1495 355 1624 390 (11111111
1649 343 1803 380 habeat

246 392 306 427 ius
328 392 557 436 occidendi,
583 393 641 430 ita
668 394 811 431 studet
844 394 999 431 mederi
1031 395 1145 431 vitiis
1176 400 1221 432 vt
1255 395 1445 433 homines
1475 398 1551 446 ipsi
1580 398 1663 434 sint
1694 398 1801 435 ineo-

245 445 377 482 11111103
394 451 408 483 ¹!
467 446 580 484 Num
617 447 718 484 illud
758 448 992 497 postulant,
1029 454 1075 486 vt]
1111 449 1236 498 Regis
1273 451 1382 487 vices
1418 464 1563 499 gerens
1598 451 1802 489 aduersus

248 500 370 547 Regis
405 506 448 538 et
491 501 794 551 Episcoporum
838 505 1096 541 sententiam
1138 503 1281 541 faueat
1323 505 1548 542 seditiosae
1588 507 1802 544 nouitati?

248 554 469 603 Fingamus
493 556 609 593 illum
629 570 711 593 non
733 570 900 606 prorsus
918 558 1188 595 abhorruisse
1205 571 1229 596 a
1246 561 1367 596 nouis
1384 559 1655 609 dogmatibus
1674 561 1801 609 (quod

244 609 362 655 longe
386 623 502 647 secus
523 615 616 658 est),
640 616 782 649 tamen
805 617 878 649 aut
904 625 1055 649 munus
1077 613 1190 661 quod
1213 619 1455 663 susceperat
1478 620 1569 652 erat
1592 615 1800 664 deponen-

241 663 356 709 dum,
379 669 456 701 aut
477 665 808 703 dissimulandas
831 667 898 703 ille
921 667 1053 705 fauor.

302 718 531 762 Postremo,
556 725 603 757 vt
626 722 878 758 omittamus
902 722 966 758 hie
989 723 1306 759 contentionem
1329 723 1379 760 de
1401 723 1684 772 dogmatibus,
1708 725 1801 773 quis

243 774 387 815 nescit,
403 786 529 823 quam
551 775 674 812 multi
698 775 809 813 leues
831 789 878 813 ac
901 777 1087 813 seditiosi
1111 777 1188 814 sub
1212 777 1289 814 hae
1309 778 1457 815 vmbra
1483 780 1619 827 parati
1643 780 1727 816 sint
1747 779 1799 816 ad

241 829 427 865 omnium
447 829 651 866 scelerum
674 830 902 870 licentiam.
927 832 1005 868 nisi
1030 831 1273 878 gliscentem
1297 834 1582 870 temeritatem
1605 833 1797 871 cohibeat

242 883 567 929 nmmstratuum
593 886 796 922 seueritas
813 891 827 922 ¹!
881 885 936 922 Et
959 886 1236 933 indignantur
1258 887 1336 924 1100
1358 900 1383 924 a
1405 900 1572 924 summo
1594 889 1708 937 regni
1735 888 1798 925 Iu-

240 936 330 973 dice
352 937 511 975 factum
538 940 576 975 in
600 939 763 986 Angli&
787 940 898 988 quod
924 941 963 977 in
994 941 1243 978 ciuitatibus
1272 954 1380 990 quae
1410 942 1652 991 religionem
1683 944 1797 979 inno-

242 997 412 1037 uarunt,
436 993 648 1030 interdum
673 994 809 1031 facere
831 996 996 1044 cogitur
1017 1000 1218 1033 senatus?
1278 996 1398 1042 Quod
1422 998 1462 1033 ni
1487 997 1648 1034 factum
1675 1002 1797 1042 esset,

240 1047 487 1084 iamdudum
513 1048 891 1097 pseudeuangelici,
913 1050 952 1086 in
975 1049 1100 1087 cellas
1123 1055 1165 1087 et
1188 1051 1227 1087 in
1247 1051 1399 1088 scrinia
1421 1051 1602 1088 diuitum
1628 1052 1797 1101 irrupis-

239 1105 346 1145 sent,
368 1106 409 1138 et
434 1103 599 1151 papista
622 1103 771 1140 fuisset
795 1105 985 1153 quisquis
1009 1104 1183 1142 haberet
1205 1105 1379 1154 aliquid.
1439 1106 1495 1142 At
1518 1106 1796 1155 plurimorum

239 1160 363 1192 tanta
385 1161 447 1194 est
472 1157 661 1201 audacia,
686 1162 772 1194 tam
802 1158 969 1196 effrenis
995 1159 1173 1199 malicia,
1198 1165 1244 1197 vt
1275 1161 1352 1209 ipsi
1375 1173 1542 1209 quoque
1571 1162 1641 1209 qui
1670 1174 1796 1197 nouo-

241 1223 330 1247 rum
361 1210 609 1259 dogmatum
643 1217 745 1249 sunt
775 1218 946 1250 autores
976 1227 1024 1251 ac
1056 1219 1405 1263 propugnatores⁷
1437 1216 1592 1252 acriter
1624 1217 1664 1252 in
1697 1216 1798 1252 istos

239 1265 455 1311 stringant
491 1266 716 1304 calamum.
777 1267 833 1305 Et*
869 1281 1113 1317 supremum
1152 1268 1329 1317 Angliae
1366 1269 1554 1306 Iudicem
1597 1270 1797 1307 volebant

239 1320 477 1361 001111111010,
501 1320 633 1358 donec
662 1322 833 1371 impune
861 1322 960 1360 talis
988 1323 1191 1360 colluuies
1220 1323 1447 1361 inundaret
1476 1325 1515 1360 in
1546 1337 1732 1373 regnum,
1755 1330 1795 1361 et

238 1374 389 1423 opibus
417 1380 457 1412 01
490 1376 661 1424 ingeniis
689 1382 729 1414 et
761 1377 957 1426 religione
988 1390 1082 1414 cum
1115 1379 1260 1427 primis
1290 1378 1453 1416 florens.
1516 1379 1623 1416 Fieri
1656 1384 1797 1428 potest

240 1433 285 1465 vt
303 1441 449 1466 verum
469 1431 523 1466 sit
540 1435 580 1467 et
600 1430 716 1476 illud,
737 1432 776 1468 in
795 1433 975 1480 gratiam
995 1433 1092 1470 noui
1110 1432 1359 1470 Cancellarii
1377 1433 1583 1482 quosdam
1602 1433 1797 1471 dimissos

238 1496 258 1520 0
287 1484 536 1525 carceribus,
565 1485 629 1521 vel
659 1486 865 1530 innoxios,
896 1487 962 1524 vel
994 1487 1047 1524 ob
1080 1487 1237 1524 leuiora
1269 1489 1445 1525 crimina
1476 1489 1654 1528 vinctos,
1683 1489 1795 1537 quod

238 1537 291 1574 ad
317 1538 627 1576 conciliandum
651 1540 941 1578 multitudinis
964 1541 1151 1579 fauorem
1183 1543 1222 1579 in
1250 1543 1388 1591 primo
1415 1543 1577 1589 Regum
1607 1542 1795 1580 aduentu

239 1592 326 1629 fieri
348 1592 466 1630 solet.
519 1594 637 1631 Idem
660 1596 810 1644 opinor
831 1595 992 1633 factum
1010 1601 1053 1633 et
1076 1596 1194 1634 Moro
1211 1597 1465 1646 suscipiente
1482 1598 1794 1646 magistratum.

239 1646 316 1684 Sed
339 1647 439 1696 quid
463 1653 596 1697 agunt
618 1650 687 1686 isti
710 1649 974 1699 Triptolemi,
998 1652 1069 1700 qui
1093 1651 1199 1688 tales
1226 1656 1374 1689 serunt
1401 1651 1600 1689 fabulas?
1658 1652 1722 1688 An
1750 1657 1793 1689 vt

237 1702 533 1750 persuadeant,
556 1705 681 1741 sectis
703 1717 750 1741 ac
776 1710 987 1742 sectarum
1010 1706 1251 1743 fautoribus
1277 1706 1533 1755 praesidium
1561 1719 1649 1744 esse
1675 1719 1794 1756 para-

237 1761 328 1793 tum
361 1757 475 1806 apud
508 1757 696 1807 Anglos‘?
754 1759 886 1808 Atqui
921 1773 971 1797 ex
1006 1760 1238 1798 multorum
1274 1761 1607 1810 haudquaquam
1639 1760 1794 1798 leuium

238 1812 423 1848 virorum
456 1812 507 1849 ad
540 1825 604 1850 me
636 1813 790 1851 litteris
822 1814 968 1863 liquet,
1002 1814 1158 1864 Regem
1190 1815 1413 1864 aliquanto
1443 1817 1582 1853 minus
1613 1828 1793 1864 aequum

236 1878 324 1902 esse
359 1867 478 1903 1101113
497 1867 782 1916 dogmatibus
812 1881 941 1918 quam
977 1870 1208 1919 Episcopos
1239 1875 1315 1907 aut
1346 1870 1599 1908 sacerdotes.
1660 1870 1795 1907 Nemo

237 1921 330 1969 pius
366 1933 447 1957 non
482 1926 605 1970 optat
641 1922 839 1960 ecclesiae
875 1936 1013 1962 mores
1049 1925 1321 1962 emendatos:
1366 1930 1409 1962 at
1451 1938 1576 1962 nemo
1612 1925 1795 1974 prudens

235 1976 453 2012 existimat
476 1977 756 2026 recipiendam
779 1990 917 2015 rerum
940 1980 1126 2016 omnium
1150 1979 1453 2016 confusionem.

291 2028 430 2074 Quum
453 2032 705 2080 accepissem
725 2032 932 2070 Thomam
952 2033 1118 2071 Morum
1141 2034 1194 2071 ad
1217 2047 1426 2071 summam
1449 2038 1644 2071 euectum
1663 2033 1794 2081 digni-

237 2088 384 2129 tatem,
408 2087 608 2133 quoniam
639 2086 740 2123 mihi
763 2087 939 2125 videbar
965 2089 1178 2137 ingenium
1210 2088 1321 2125 illius
1349 2102 1399 2125 ex
1430 2089 1597 2125 diutina
1625 2101 1795 2125 eonsue-

204 2149 214 2153 ·
236 2138 384 2175 tudine
419 2139 562 2188 aliqua
595 2154 646 2178 ex
682 2146 802 2190 parte
838 2148 1108 2192 perspectum
1142 2143 1309 2187 habere,
1344 2144 1491 2192 scripsi
1529 2156 1592 2179 me
1630 2143 1796 2192 publice

237 2192 341 2242 Regi
364 2207 574 2243 regnoque
596 2196 815 2244 gratulari,
838 2198 1040 2246 priuatim
1062 2198 1142 2247 ipsi
1165 2210 1446 2246 nequaquam.
1507 2197 1629 2234 Nunc
1652 2202 1794 2234 autem

235 2261 285 2284 ex
315 2249 455 2286 animo
482 2250 685 2297 gratulor.
709 2252 774 2288 cui
804 2264 900 2288 cum
930 2264 1097 2289 summa
1127 2252 1332 2301 Principis
1359 2253 1509 2302 gratia,
1539 2265 1633 2289 cum
1663 2252 1795 2289 totius

234 2304 372 2350 gentis
395 2303 821 2343 honorificentissimo
843 2307 1090 2344 testimonio
1112 2311 1278 2344 mature
1301 2307 1527 2356 contigerit
1555 2319 1579 2343 a
1609 2307 1793 2355 negotio-

236 2369 328 2393 rum
360 2358 547 2395 ciuilium
580 2359 836 2409 labyrinthis
866 2361 1080 2410 explicari,
1113 2361 1226 2410 quod
1260 2374 1334 2398 nec
1368 2361 1548 2411 Scipioni
1582 2360 1793 2401 Africano,

235 2424 310 2448 1100
334 2412 486 2461 Magno
509 2413 721 2463 Pompeio,
744 2427 818 2452 nec
842 2415 895 2452 M.
920 2415 1060 2453 Tullio
1081 2416 1230 2454 datum
1252 2421 1330 2454 est.
1389 2415 1567 2465 Optauit
1592 2414 1795 2452 Octauius

234 2465 452 2515 Augustus
483 2468 645 2517 imperii
677 2470 885 2506 sarcinam
919 2470 1139 2520 deponere,
1172 2483 1256 2508 non
1290 2471 1420 2508 licuit.
1477 2470 1598 2507 Nunc.
1630 2470 1795 2518 integra

234 2521 469 2559 etiamnum
491 2526 608 2560 etate
631 2523 815 2561 Thomas
838 2524 980 2562 Morus
1003 2525 1079 2562 1100
1103 2526 1217 2563 vitae
1238 2538 1369 2575 genus
1397 2524 1578 2574 adeptus
1605 2528 1670 2561 est
1698 2537 1792 2562 cum

458 2604 526 2624 120.
555 2595 601 2624 L:
630 2605 766 2635 poenas
784 2595 866 2626 MS.
1025 2599 1139 2636 126—7.
1165 2597 1263 2637 quod
1284 2622 1289 2627 .
1312 2622 1317 2627 .
1340 2622 1344 2627 .
1364 2601 1419 2627 est
1437 2596 1516 2627 add.
1538 2596 1575 2626 L.

289 2713 299 2733 1
310 2713 357 2733 20.
385 2705 516 2743 eapitis
531 2705 700 2744 poenam]
716 2705 759 2735 In
771 2711 925 2745 support
942 2706 979 2736 of

232 2747 331 2777 what¹
350 2747 524 2777 Erasmus
541 2758 624 2787 says
641 2759 699 2778 see
718 2749 760 2778 R.
777 2748 830 2779 W.
849 2748 977 2779 Cham-

233 2791 326 2821 bers.
341 2790 495 2821 Thomas
510 2791 617 2826 More,
631 2802 665 2831 p.
683 2793 754 2822 281.
780 2792 979 2823 Chambers

233 2835 356 2873 points
373 2840 435 2864 out
456 2835 539 2865 that¹
552 2835 666 2865 under
678 2835 833 2875 Audley,
847 2836 978 2867 More’s

231 2888 426 2913 successor,
453 2879 556 2908 there
581 2889 672 2908 were
700 2889 737 2918 15
763 2890 802 2910 01
831 2882 868 2910 16
896 2891 976 2910 exe-

231 2922 375 2951 cutions
393 2922 448 2951 for
465 2922 603 2961 heresy.

280 2975 348 3003 ¹53-
376 2965 495 3001 Quum
541 2967 774 3006 accepissem]
821 2967 979 3006 lVriting

1048 2706 1150 2736 three
1171 2705 1261 2745 days
1283 2706 1378 2735 after
1398 2705 1453 2735 his
1473 2705 1731 2744 appointment
1756 2709 1794 2734 to

1049 2750 1110 2779 the
1138 2749 1433 2789 Chancellorship
1463 2749 1561 2778 More
1589 2748 1687 2778 said:
1716 2748 1793 2778 ‘Tu

1046 2793 1108 2833 qui
1134 2803 1189 2823 res
1211 2793 1391 2823 humanas
1415 2792 1507 2822 soles
1531 2791 1733 2832 prudenter
1756 2796 1793 2821 et

1045 2837 1209 2866 sollerter
1239 2836 1457 2876 expendere.
1490 2837 1661 2866 fortunae
1693 2845 1793 2865 meae

1047 2881 1201 2910 sortasse
1219 2880 1464 2910 misereberis'
1480 2891 1486 2915 ;
1514 2879 1582 2919 Ep.
1602 2880 1697 2908 2228.
1716 2881 1791 2918 4—6.

1094 2933 1163 2962 155.
1185 2923 1326 2964 scripsi]
1341 2923 1405 2953 We.
1417 2924 1510 2954 have
1523 2933 1569 2953 no
1580 2923 1689 2953 letter
1699 2923 1792 2952 from

1050 2967 1222 2997 Erasmus
1237 2972 1274 2998 to
1289 2967 1387 2997 More
1402 2966 1494 2997 later
1508 2967 1597 2997 than
1611 2966 1679 3006 Ep.
1697 2975 1789 2995 2211.
