1966 3379
205 543 223 572 5

186 817 223 837 10

184 1089 221 1119 Ι5

181 1363 220 1384 20

194 2495 211 2524 5

172 2764 211 2785 10

247 106 324 143 258
702 103 958 142 LETTERS
989 103 1059 141 or
1093 102 1355 142 ERASMUS
1689 107 1812 154 [1533

246 210 406 249 missing.
454 209 531 240 The
548 208 738 249 year-date
756 218 821 238 can
841 208 885 238 be
907 207 1078 248 supplied
1097 207 1185 238 with
1207 208 1391 247 certainty
1407 218 1447 238 as
1465 208 1528 239 the
1547 208 1656 239 letter
1673 210 1811 241 thanks

246 254 421 284 Erasmus
439 254 494 284 for
512 253 574 283 the
591 252 762 292 enlarged
780 253 919 283 edition
940 252 977 281 of
1001 252 1063 281 the
1082 252 1237 290 Adarst'a,
1260 251 1383 281 March
1404 261 1506 291 15333
1533 262 1592 282 see
1610 253 1679 293 Ep.
1698 255 1810 293 2773.]

300 312 425 358 Qvon
449 318 536 350 tam
559 317 755 349 amanter
777 325 825 349 ac
847 311 1040 356 fideliter,
1064 311 1181 347 Eras.
1207 311 1462 356 doctissime,
1487 324 1552 349 me
1580 312 1703 349 officii
1729 314 1810 350 mei

245 367 528 411 admonueriffi
563 380 635 416 prc
670 371 711 404 te
743 366 827 403 fers
861 368 925 413 (vt
965 366 1175 402 Ciceronis
1213 365 1351 402 verbis
1385 368 1498 413 vtar)
1540 371 1808 416 perspectum

245 422 347 458 mihi
387 421 571 470 quidem,
612 421 685 458 scd
726 425 869 458 tamen
911 420 1078 457 dulcem
1119 424 1162 456 et
1202 424 1402 469 optatum
1442 433 1629 457 amorem
1671 425 1806 460 tuum.

244 476 429 513 Consilio
457 480 533 513 tuo
561 488 637 525 pro
666 475 827 512 viribus
855 487 999 524 parere
1028 474 1222 511 studebo.
1282 474 1506 511 Caeterum
1536 475 1809 514 vehementer

244 531 366 568 doleo
406 543 479 580 pcr
519 535 689 567 tantum
732 529 1009 567 interuallum
1044 542 1129 577 quo
1162 530 1422 577 seiungimur
1458 542 1543 566 non
1577 529 1700 567 licere
1736 542 1809 579 per

244 585 388 623 literas
409 585 606 634 colloqui.
650 585 759 622 Nam
781 598 831 622 ex
855 584 1023 633 scriptis
1046 583 1127 620 illis
1148 584 1245 628 tuis,
1265 596 1432 621 summa
1448 588 1540 621 tum
1563 584 1809 633 eloquentia

243 644 335 677 tum
358 640 586 689 prudentia
608 639 904 683 refertissimis,
927 639 1200 688 praecipuum
1223 638 1474 675 cruditionis
1496 638 1683 676 fructum
1707 640 1807 677 mihi

243 707 406 744 semper
436 694 677 744 pollicebar.
736 694 828 731 Hoc
857 706 990 730 vnum
1020 697 1178 738 tamen,
1207 692 1505 730 candidissime
1535 694 1591 730 mi
1621 694 1806 740 Erasme,

242 750 330 786 sine
354 753 394 786 te
415 762 598 791 exorem,
617 753 677 793 vt,
695 749 728 785 si
750 748 937 786 crebrius
955 748 1115 785 mutuis
1132 748 1301 796 scriptis
1318 747 1502 796 colloqui
1519 760 1603 785 non
1621 748 1806 794 dabitur,

243 804 463 841 raritatem
487 803 600 841 illam
621 804 668 849 (si
686 816 767 852 que
790 803 936 840 futura
958 803 1028 849 sit)
1047 802 1331 851 amplitudine
1353 801 1505 839 saltem
1524 802 1608 840 stili
1631 815 1807 852 pensare

241 858 436 907 digneris.
496 858 561 896 Sic
583 859 694 895 enim
718 858 851 895 literis
873 859 958 894 tuis
983 857 1142 894 afficior
1168 861 1215 893 vt
1240 856 1396 894 eisdem
1426 856 1611 905 legendis
1640 858 1807 895 immori

242 913 372 951 iuuet.

296 968 357 1004 De
378 968 614 1005 accessione
643 967 932 1004 centuriarum
961 966 1233 1015 Adagiorum,
1256 978 1384 1015 quam
1414 966 1679 1015 praefatione
1705 967 1807 1005 mihi

242 1023 512 1072 nuncupasti,
547 1035 675 1071 quam
717 1021 913 1058 referrem
954 1021 1150 1070 gratiam,
1184 1034 1269 1058 non
1310 1021 1505 1062 inuenio:
1549 1021 1642 1059 ideo
1677 1034 1807 1071 quam

241 1078 411 1126 possim,
448 1089 526 1125 ago
563 1081 607 1114 et
643 1076 779 1113 habeo
814 1077 1058 1113 maximam.
1120 1075 1180 1112 Ac
1216 1080 1258 1113 te
1299 1088 1384 1119 oro,
1421 1076 1478 1112 mi
1520 1076 1707 1121 Erasme,
1744 1081 1805 1122 vt,

241 1133 443 1180 quoniam
465 1136 553 1168 tam
577 1131 724 1168 sedulo
746 1130 952 1168 hactenus
974 1130 1127 1167 studiis
1151 1131 1308 1167 nostris
1330 1130 1468 1167 calcar
1485 1131 1702 1176 addidisti,
1721 1132 1804 1168 iam

242 1198 326 1223 non
358 1186 539 1231 deseras,
563 1186 634 1223 sed
661 1198 810 1235 pergas
838 1198 914 1235 pro
939 1186 1072 1234 ceptis
1100 1197 1175 1222 nos
1203 1185 1444 1229 admonere,
1468 1185 1569 1234 quid
1599 1186 1653 1222 sit
1681 1198 1804 1235 agen-

240 1240 355 1285 dum,
379 1242 412 1278 si
437 1253 522 1278 non
548 1245 637 1277 tam
662 1240 907 1289 frequenter
932 1244 980 1276 vt
1006 1239 1121 1284 velis,
1150 1239 1303 1276 saltem
1333 1243 1381 1276 vt
1406 1251 1478 1288 per
1504 1241 1806 1290 occupationes

239 1299 283 1332 et
304 1295 388 1332 alia
413 1296 585 1345 negocia
610 1294 830 1333 commode
855 1295 1002 1344 possis.
1062 1294 1154 1331 Hoc
1179 1293 1283 1331 nihil
1306 1306 1436 1343 queas
1464 1294 1585 1332 nobis
1614 1299 1804 1345 prestare

238 1350 414 1399 gratius.

295 1404 408 1450 Vale,
432 1404 812 1449 westmonasterii,
837 1414 946 1441 XXVI
969 1403 1036 1440 die
1058 1402 1182 1441 Iunii.

950 1457 1066 1495 Tuus
1087 1471 1138 1495 ex
1161 1458 1302 1496 animo
1324 1457 1499 1496 Carolus
1522 1458 1748 1497 Blountus.

645 1583 774 1621 2831.
840 1580 976 1621 FROM
1009 1579 1209 1620 THOMAS
1242 1579 1396 1621 MORE.

287 1671 346 1703 De
366 1670 680 1715 Praeparatione
698 1682 737 1715 p.
763 1681 842 1704 112.
1526 1670 1703 1705 Chelsea.

285 1720 334 1752 N.
357 1731 395 1764 p.
421 1722 534 1763 1076:
564 1720 691 1753 Lond.
712 1719 834 1753 xxvii.
860 1729 923 1753 10:
955 1720 1037 1753 LB.
1058 1720 1164 1764 App.
1185 1721 1268 1764 466.
1474 1719 1603 1760 <June
1626 1729 1752 1764 1533.)

280 1786 371 1824 [The
397 1787 506 1818 letter
532 1797 692 1818 answers
720 1790 793 1817 two
819 1786 960 1822 letters,
988 1787 1132 1817 neither
1159 1790 1302 1821 extant,
1326 1797 1395 1817 one
1419 1787 1531 1817 dated
1556 1796 1574 1827 7
1598 1787 1684 1818 Feb.
1725 1788 1802 1819 The

235 1831 426 1869 year-date
451 1841 535 1871 may
561 1831 605 1861 be
630 1831 789 1861 inferred
814 1831 908 1861 from
932 1830 996 1861 the
1021 1831 1203 1861 reference
1227 1834 1267 1861 to
1294 1830 1478 1866 Cranmcr,
1509 1831 1590 1862 who
1617 1841 1691 1863 was
1718 1842 1800 1863 con-

235 1873 400 1904 secrated
433 1874 664 1915 Archbishop
695 1885 744 1905 on
777 1883 818 1914 30
850 1874 974 1904 March
1005 1883 1098 1914 1533.
1147 1873 1333 1911 Quirinus,
1366 1874 1448 1905 who
1476 1875 1562 1905 bore
1591 1875 1654 1906 the
1679 1875 1800 1912 letter,

236 1918 472 1957 presumably
493 1918 630 1948 carried
653 1918 730 1949 also
750 1918 848 1958 Epp.
870 1920 965 1958 2824,
985 1919 1092 1957 283o;
1119 1918 1148 1948 it
1165 1928 1281 1948 seems
1300 1917 1423 1958 likely,
1442 1918 1636 1955 therefore,
1655 1919 1739 1950 that
1756 1920 1801 1950 he

235 1961 302 1992 left
319 1961 488 2001 England
506 1966 571 1992 not
588 1963 716 1992 earlier
732 1962 824 1992 than
843 1964 883 1992 26
904 1962 1013 1992 June.
1062 1961 1119 1992 He
1142 1971 1216 1992 was
1238 1962 1275 1992 in
1297 1961 1471 2002 Tournay
1495 1972 1541 1992 on
1564 1972 1584 1999 9
1603 1962 1715 2003 July;
1742 1974 1800 1994 see

235 2005 304 2045 Ep.
336 2006 431 2045 2842.
479 2005 679 2036 Cochlaeus
700 2004 849 2046 print-ed
874 2005 937 2036 the
957 2005 1067 2036 letter
1090 2006 1184 2036 from
1202 2005 1225 2035 l.
1246 2014 1285 2042 29
1304 2010 1343 2036 to
1361 2005 1425 2036 the
1442 2005 1514 2036 end
1533 2006 1719 2047 including
1736 2007 1800 2038 the

234 2049 388 2089 epitaph
406 2049 442 2078 in
459 2049 608 2088 Antiqua
634 2072 641 2079 .
669 2072 676 2079 .
703 2073 710 2079 .
737 2049 892 2088 Epistola
909 2049 1042 2079 Nicolai
1066 2049 1159 2088 Pape
1183 2049 1215 2083 I,
1235 2049 1394 2089 Leipzig,
1413 2049 1459 2079 M.
1475 2049 1686 2085 Lottherus,
1703 2053 1797 2090 1536.

234 2091 322 2122 This
347 2092 377 2123 is
404 2092 467 2122 the
500 2092 571 2123 last
596 2093 706 2123 letter
726 2093 843 2123 which
866 2093 931 2123 has
954 2093 1127 2124 survived
1152 2093 1189 2123 of
1213 2093 1277 2123 the
1297 2093 1608 2133 correspondence
1632 2094 1798 2125 between

234 2135 411 2166 Erasmus
427 2136 500 2166 and
518 2136 645 2174 More]

524 2206 699 2233 THOMAS
721 2206 869 2234 MORVS
892 2207 1066 2234 ERASMO
1088 2206 1388 2233 ROTERODAMO
1411 2206 1442 2233 S.
1468 2207 1507 2233 D.

288 2264 426 2302 BINAS
448 2265 524 2302 abs
538 2269 580 2303 te
602 2265 748 2304 literas
769 2267 924 2316 accepi,
941 2267 1098 2304 alteras
1120 2266 1314 2316 Friburgi
1336 2266 1461 2304 datas
1476 2277 1551 2305 vn.
1576 2267 1795 2305 Februarii

233 2320 427 2368 proximi,
445 2320 602 2357 alteras
620 2320 685 2358 hic
703 2320 902 2366 Quirinus
919 2321 1082 2366 attulit,
1100 2321 1173 2370 qui
1190 2325 1357 2371 praeter
1373 2320 1538 2359 litteras
1556 2322 1797 2371 impartiuit

231 2373 327 2419 alia,
350 2386 456 2435 quae
484 2375 526 2412 in
549 2375 789 2424 regionibus
811 2376 902 2413 istis
923 2380 1021 2413 acta
1042 2375 1169 2425 digna
1190 2376 1362 2425 cognitu
1392 2380 1517 2416 sunt:
1550 2389 1658 2425 quae
1680 2377 1794 2457 quod

232 2440 298 2465 me
319 2429 423 2465 scire
445 2441 470 2465 v
461 2428 630 2474 oluisti,
654 2442 829 2480 magnas
851 2430 929 2467 tibi
949 2431 1110 2478 gratias
1132 2443 1222 2479 ago

287 2482 348 2519 De
366 2483 491 2520 rebus
509 2484 593 2521 tuis
611 2485 753 2522 omnia
769 2489 890 2534 potes
907 2497 927 2522 e
945 2484 1119 2530 Quirino
1136 2497 1395 2534 cognoscere,
1414 2485 1485 2534 qui
1504 2485 1606 2522 mihi
1623 2485 1794 2523 videtur

231 2541 275 2574 et
291 2537 449 2586 probus
465 2551 554 2575 esse
572 2543 613 2575 et
631 2539 821 2588 diligens.
871 2538 1047 2577 Gaudeo
1069 2543 1144 2576 tua
1165 2552 1305 2584 causa,
1323 2543 1379 2583 et,
1397 2540 1598 2588 quoniam
1621 2544 1662 2577 te
1683 2552 1791 2585 amo,

231 2592 360 2628 etiam
389 2604 493 2637 mea,
517 2598 781 2641 praesentem
810 2592 1064 2631 Cantuariae
1087 2593 1331 2631 Praesulem
1353 2606 1438 2631 non
1466 2594 1672 2631 minorem
1694 2607 1793 2644 erga

232 2650 274 2683 te
294 2658 479 2683 amorem
505 2659 606 2696 prae
626 2660 667 2684 se
689 2647 797 2685 ferre
820 2660 948 2709 quam
970 2649 1187 2698 praestitit
1208 2648 1308 2686 olim
1330 2648 1579 2693 Vuaramus,
1603 2661 1687 2697 quo
1708 2662 1791 2686 non

230 2699 338 2737 alius
355 2713 380 2736 v
386 2701 465 2737 ixit
483 2702 545 2738 tui
566 2702 797 2739 amantior:
824 2703 897 2751 qui
914 2703 947 2739 si
965 2704 1079 2740 visus
1095 2707 1160 2739 est
1178 2703 1220 2739 in
1236 2702 1317 2740 fine
1334 2702 1389 2740 ad
1406 2702 1595 2739 dandum
1613 2704 1789 2752 segnior,

229 2754 320 2804 ipsa
348 2767 412 2791 res
439 2755 597 2792 indicat
622 2757 803 2806 impares
828 2757 1069 2802 facultates,
1092 2769 1178 2794 non
1203 2758 1406 2806 imparem
1434 2758 1637 2802 animum,
1664 2757 1790 2795 fuisse

230 2809 271 2845 in
292 2821 443 2854 causa;
476 2821 575 2847 nam
597 2815 791 2848 mortuus
812 2815 876 2848 est
897 2824 1024 2860 supra
1046 2824 1174 2860 quam
1196 2812 1421 2860 quisquam
1444 2811 1590 2848 credat
1616 2824 1788 2861 pauper,

229 2863 308 2900 nisi
323 2863 437 2912 quod
455 2876 540 2901 non
557 2864 694 2902 defuit
708 2878 733 2901 v
738 2865 819 2902 nde
837 2865 1169 2903 dissoluerentur
1185 2865 1349 2903 debita:
1373 2878 1508 2914 neque
1527 2866 1586 2902 ita
1604 2865 1789 2903 multum

649 2963 745 2994 2830.
772 2974 801 2994 2.
827 2964 1023 3002 Ciceronis]
1041 2964 1098 2995 Ad
1116 2964 1217 2995 Fam.
1236 2974 1266 2995 2.
1288 2973 1315 2994 1.
1338 2974 1365 2994 1.
