1966 3379
245 96 318 136 184
670 96 924 136 LETTERS
955 98 1025 137 OF
1057 97 1321 136 ERASMUS
1681 100 1802 147 [1533

296 203 457 252 Regina
488 203 727 252 triumphat
760 203 854 240 illie.
915 203 983 240 Ita
1013 203 1263 250 narraba<t>
1293 202 1478 251 Legaffio,
1508 215 1616 251 quae
1646 203 1721 239 hae
1750 203 1802 239 ad

178 268 218 297 25
238 256 459 294 Caesarem
491 258 593 301 ibat,
631 258 817 306 principe
853 258 1004 294 iuuene
1035 257 1221 306 quodam
1252 257 1383 294 fratre
1414 256 1649 294 Cardinalis
1679 256 1802 294 Croii.

238 310 412 348 Gaudeo
434 311 548 359 quod
571 311 778 348 Dominus
800 311 860 348 illi
882 324 957 361 pro
979 311 1280 348 afflictionibus
1298 311 1525 348 reddiderit
1550 311 1626 348 hoc
1649 311 1801 348 solatii.

239 364 302 402 Tu
325 366 357 401 si
380 370 492 402 recte
516 365 644 409 vales,
667 370 732 403 est
753 366 868 414 quod
890 379 1142 415 magnopere
1164 366 1385 415 gaudeam.

293 419 419 469 Apud
443 419 694 469 Friburgum
720 420 931 470 Brisgoae.
956 432 990 469 9.
1015 420 1102 457 Cal:
1126 420 1257 469 April.
1287 429 1401 467 1533.

1038 475 1240 512 'Erasmus
1264 474 1466 512 Roterod:
1492 486 1618 511 manu
1643 487 1747 511 mea.

599 628 727 664 2784.
796 625 929 665 Fnom
953 625 1083 665 Jontx⁷
1109 625 1443 666 CARONDELET.

289 714 511 758 Esterhazy
531 714 613 747 MS.
635 725 717 758 344.
1498 715 1692 748 BrusselS.

287 762 369 796 OE.
391 773 473 805 325.
1424 773 1466 806 27
1486 764 1625 797 March
1650 774 1753 806 1533.

282 835 384 872 [This
403 835 512 865 letter
531 845 690 875 conveys
715 836 777 866 the
802 835 953 866 definite
979 836 1175 866 invitation
1202 841 1240 866 to
1265 846 1366 866 corne
1391 840 1430 866 to
1456 836 1518 866 the
1545 836 1803 869 Nethcrlands,

237 878 351 909 asked
369 879 426 909 for
443 879 491 918 by
510 879 685 910 Erasmus
704 880 739 909 in
758 879 827 919 Ep.
848 880 960 918 2762.]

376 954 568 981 IOANNES
590 954 959 981 ARCHIEPISCOPVS
981 955 1324 982 PANORMITANVS
1347 955 1520 981 ERASMO
1543 955 1664 981 ROTT.

293 1007 331 1046 S.
356 1009 400 1046 P.
461 1008 533 1046 Vir
554 1008 795 1046 clarissime.
857 1009 1225 1055 Quemadmodum
1254 1009 1501 1058 magnificus
1530 1009 1578 1047 D.
1602 1009 1804 1047 Nicolaus

238 1062 368 1100 Olaus
407 1068 550 1100 noster
589 1065 749 1101 amicus
790 1068 833 1101 et
874 1077 951 1113 ego
990 1064 1277 1113 superioribus
1317 1064 1466 1101 diebus
1507 1065 1803 1101 nunciauimus

238 1118 393 1155 nost-ris
421 1117 589 1163 litteris,
616 1131 721 1167 quas
749 1118 852 1156 D.T.
879 1131 963 1156 non
991 1119 1200 1168 accepisse
1229 1118 1525 1168 intelligimus:
1559 1119 1802 1156 sollicitaui-

238 1185 332 1209 mus
354 1172 468 1221 apud
491 1173 799 1210 serenissimam
819 1172 1026 1222 Reginam
1050 1173 1286 1222 patriarum
1309 1173 1551 1210 citeriorum
1575 1178 1802 1222 regentem,

199 1237 218 1266 5
239 1230 287 1263 vt
318 1226 420 1263 D.T.
453 1239 477 1264 a
507 1227 699 1264 tumultu
731 1226 981 1264 Germanico
1014 1227 1093 1264 hue
1125 1228 1166 1264 in
1197 1228 1383 1276 quietem
1415 1232 1455 1264 et
1490 1227 1627 1264 solum
1660 1228 1803 1265 natale

238 1286 469 1326 reuocaret,
504 1281 743 1318 exoluendo
783 1281 978 1330 deinceps
1014 1281 1273 1331 stipendium
1314 1282 1411 1319 olim
1452 1282 1671 1319 addictum
1708 1295 1803 1319 eum

238 1335 404 1384 aliquot
438 1335 621 1372 denariis
656 1336 865 1385 promptis
901 1349 977 1385 pro
1013 1336 1306 1373 transferenda
1347 1336 1427 1373 huc
1469 1336 1722 1386 supellectili
1761 1341 1804 1374 et

239 1390 407 1427 viatico.
467 1389 588 1435 Quod
617 1391 695 1427 etsi
725 1402 801 1427 sua
829 1391 1033 1427 serenitas
1063 1390 1334 1427 vehementer
1362 1391 1518 1440 cupiat,
1549 1403 1632 1427 non
1659 1396 1802 1428 tamen

239 1444 279 1480 id
320 1443 482 1481 factum
517 1444 612 1482 vult
647 1449 817 1493 praeter
851 1457 1102 1481 consensum
1139 1457 1282 1482 sacrae
1315 1444 1516 1482 Cesareae
1552 1446 1801 1482 maiestatis

180 1508 219 1529 10
239 1498 392 1547 Itaque
422 1499 559 1536 iussus
589 1511 614 1535 a
644 1499 873 1536 serenitate
905 1511 980 1536 sua
1011 1498 1148 1536 scribo
1179 1500 1220 1536 in
1254 1500 1566 1548 presenciarum
1598 1512 1647 1536 ea
1676 1499 1727 1536 de
1761 1513 1803 1536 re

239 1552 410 1590 domino
431 1551 726 1590 Granwellano
743 1556 884 1602 (quem
903 1553 969 1590 vel
992 1553 1106 1590 fama
1123 1554 1290 1591 nouisse
1308 1558 1443 1603 potes)
1468 1559 1515 1591 vt
1534 1555 1802 1591 maiestatem

239 1619 359 1644 suam
381 1619 620 1645 caesaream
642 1607 823 1657 desuper
844 1608 1084 1652 conueniat,
1107 1612 1149 1645 et
1171 1609 1359 1645 animum
1387 1609 1475 1645 eius
1504 1608 1625 1645 nobis
1654 1621 1800 1645 renun-

239 1662 320 1698 ciet
341 1674 470 1710 quam
492 1662 823 1711 diligentissime.
885 1662 1062 1699 Interim
1084 1675 1168 1699 non
1191 1667 1393 1711 grauetur
1422 1662 1523 1701 D.T.
1554 1675 1801 1712 responsum

239 1716 476 1753 maiestatis
497 1729 597 1753 suae
620 1716 839 1754 nobiscum
862 1717 1078 1766 pacienter
1098 1722 1335 1766 expectare.

180 1779 217 1809 15
294 1770 518 1808 Bruxellae
543 1781 591 1819 27
616 1770 761 1808 Marcii
782 1771 907 1808 Anno
932 1781 1045 1818 1533.

570 1914 836 1970 ²⁷⁰²27852792
899 1915 1036 1972 FROM
1059 1915 1301 1956 NICHOLAS
1326 1915 1472 1956 OLAH.

289 2003 512 2048 Esterhazy
531 2003 613 2037 MS.
635 2014 717 2048 342.
1485 2005 1679 2038 Brussels.

289 2051 371 2085 ΟΕ.
393 2053 475 2095 328.
1422 2064 1468 2095 29
1486 2054 1625 2087 March
1648 2064 1752 2097 1533.

584 2135 626 2161 N.
651 2135 751 2161 OLAI
772 2136 829 2162 AD
852 2135 1063 2162 ERASMVM
1084 2136 1179 2163 ROT.
1203 2136 1456 2163 RESPONSIO.

295 2188 455 2226 NVPER
493 2189 693 2226 dederam
732 2202 849 2227 meas
888 2191 1047 2228 vicario
1087 2191 1247 2228 domini
1288 2191 1591 2235 Panormitani,
1628 2191 1700 2239 qui
1740 2195 1803 2227 est

241 2242 440 2288 Bizonen,
464 2243 518 2280 ad
539 2248 581 2281 te
603 2243 781 2289 litteras,
803 2257 854 2281 ex
877 2245 1031 2293 quibus
1054 2245 1310 2282 intellexisse
1332 2246 1511 2294 potuisti
1533 2257 1608 2282 nos
1630 2249 1803 2294 propter

371 2331 467 2362 2783.
494 2340 545 2370 25.
572 2332 703 2363 iuuene
719 2332 881 2373 quodam
898 2334 1129 2373 scripsimus:
1156 2338 1242 2364 tuae
1258 2333 1409 2374 quidam
1427 2333 1626 2364 Goldastus.

372 2375 468 2405 2784.
494 2384 524 2413 5.
550 2375 628 2406 OE:
655 2376 871 2407 Germanica
887 2376 969 2408 MS.

285 2461 381 2491 2783.
407 2470 459 2501 24.
485 2462 708 2502 triumphat]
728 2462 780 2493 Cf.
800 2463 868 2503 Ep.
889 2472 985 2503 2741.
1055 2464 1140 2494 2820
1158 2463 1291 2494 introd.

240 2506 337 2535 6—10.
1102 2517 1151 2537 11.
1177 2507 1444 2545 Granwellano]
1457 2507 1602 2537 Nicolas
1614 2506 1801 2542 Perronet,

286 2557 336 2586 25.
363 2548 489 2586 fratre]
507 2548 655 2580 Charles
671 2549 776 2590 Croy,
791 2550 941 2581 brother
952 2551 988 2581 of
1056 2550 1100 2580 de
1110 2550 1552 2590 Granvelle.secretaryof
1564 2554 1660 2581 state
1673 2551 1728 2580 for
1739 2550 1802 2580 the

242 2591 411 2625 william,
437 2591 606 2622 Cardinal
630 2593 745 2633 Croy;
778 2604 799 2624 a
824 2594 928 2634 pupil
952 2594 989 2624 of
1056 2594 1296 2634 Burgundian
1325 2594 1582 2624 Netherlands.
1635 2593 1800 2631 (†1550);

243 2635 380 2665 Adrian
401 2635 572 2665 Barland.
621 2636 684 2667 See
705 2637 773 2677 Ep.
795 2640 889 2675 1695.
909 2646 987 2667 2211.
1056 2642 1095 2668 at
1113 2638 1187 2667 this
1204 2638 1293 2667 time
1309 2638 1432 2677 acting
1448 2647 1488 2667 as
1508 2638 1571 2668 the
1593 2637 1802 2677 Emperor’s

286 2679 382 2708 2784.
409 2687 439 2717 3.
466 2679 601 2709 nostris
639 2679 785 2718 litteris]
823 2681 866 2710 In
901 2681 989 2720 July
1056 2681 1259 2711 chancellor
1276 2681 1335 2716 (cf.
1354 2680 1423 2720 Ep.
1443 2681 1538 2719 2785.
1557 2682 1625 2716 61).

245 2730 325 2760 1532
344 2722 407 2752 the
425 2722 654 2763 Archbishop
668 2723 741 2753 had
752 2724 900 2754 written
918 2724 987 2763 Ep.
1100 2724 1195 2754 2785.
1223 2734 1252 2754 2.
1278 2724 1452 2761 Bizoncii]
1482 2724 1518 2754 It
1542 2734 1616 2754 was
1639 2724 1703 2754 the
1729 2724 1800 2753 ‘vi—

243 2766 328 2801 2689
367 2769 406 2795 to
445 2765 620 2796 Erasmus
661 2767 733 2796 and
779 2767 871 2798 Olah
916 2767 989 2797 had
1055 2768 1191 2797 carius'
1204 2768 1284 2797 who
1296 2767 1369 2798 had
1380 2768 1511 2808 passed
1522 2778 1568 2798 on
1579 2768 1642 2798 the
1653 2777 1802 2797 rumour

243 2809 390 2838 written
409 2808 476 2848 Ep.
498 2811 592 2847 2693.
641 2809 733 2840 Olah
751 2815 864 2840 wrote
881 2811 987 2850 again
1056 2811 1139 2841 that
1161 2811 1335 2841 Erasmus
1358 2821 1431 2841 was
1453 2812 1560 2850 going
1583 2815 1621 2841 to
1643 2811 1729 2841 take
1750 2820 1800 2850 up

243 2861 289 2882 on
315 2860 351 2890 31
386 2851 470 2882 Jan.
499 2861 592 2890 1533,
618 2853 687 2893 Ep.
715 2862 809 2892 2759,
843 2854 916 2884 and
944 2855 988 2884 he
1056 2855 1112 2884 his
1136 2854 1319 2884 residence
1344 2855 1381 2884 in
1406 2855 1617 2892 Besancon;
1647 2864 1705 2884 see
1730 2854 1799 2893 Ep.

243 2895 320 2925 also
336 2899 449 2925 wrote
466 2895 535 2935 Ep.
556 2896 638 2934 2785
657 2901 696 2927 at
714 2898 788 2927 this
805 2898 905 2928 time.
1057 2906 1151 2936 2759.
1199 2898 1276 2928 The
1288 2897 1396 2928 letter
1409 2897 1602 2929 entrusted
1614 2902 1653 2928 to
1666 2898 1741 2927 him
1753 2897 1801 2937 by

286 2948 316 2974 9.
344 2943 490 2978 praeter
531 2941 763 2978 consensum]
808 2941 872 2971 See
917 2941 986 2981 Ep.
1057 2941 1148 2972 Olah
1167 2941 1195 2971 is
1212 2941 1281 2981 Ep.
1302 2949 1395 2980 2759.
