<?xml version="1.0" encoding="UTF-8"?>
<!DOCTYPE html PUBLIC "-//W3C//DTD XHTML 1.0 Transitional//EN"
    "http://www.w3.org/TR/xhtml1/DTD/xhtml1-transitional.dtd">
<html xmlns="http://www.w3.org/1999/xhtml" xml:lang="en" lang="en">
 <head>
  <title>
</title>
<meta http-equiv="Content-Type" content="text/html;charset=utf-8" />
  <meta name='ocr-system' content='tesseract 3.04.00' />
  <meta name='ocr-capabilities' content='ocr_page ocr_carea ocr_par ocr_line ocrx_word'/>
</head>
<body>
  <div class='ocr_page' id='page_1' title='image "./opusepistolarum10eras_0388.png"; bbox 0 0 1966 3379; ppageno 0'>
   <div class='ocr_carea' id='block_1_1' title="bbox 262 106 1833 162">
    <p class='ocr_par' dir='ltr' id='par_1_1' title="bbox 262 106 1833 162">
     <span class='ocr_line' id='line_1_1' title="bbox 262 106 1833 162; baseline 0.004 -19"><span class='ocrx_word' id='word_1_1' title='bbox 262 106 340 143; x_wconf 82' lang='lat'>352</span> <span class='ocrx_word' id='word_1_2' title='bbox 691 108 947 146; x_wconf 78' lang='lat' dir='ltr'>LETTERs</span> <span class='ocrx_word' id='word_1_3' title='bbox 979 108 1049 147; x_wconf 87' lang='lat' dir='ltr'>OF</span> <span class='ocrx_word' id='word_1_4' title='bbox 1079 108 1345 148; x_wconf 81' lang='lat' dir='ltr'>ERASMUS</span> <span class='ocrx_word' id='word_1_5' title='bbox 1711 113 1833 162; x_wconf 83' lang='lat'>[1534</span> 
     </span>
    </p>
   </div>
   <div class='ocr_carea' id='block_1_2' title="bbox 205 213 1837 1953">
    <p class='ocr_par' dir='ltr' id='par_1_2' title="bbox 262 213 1832 317">
     <span class='ocr_line' id='line_1_2' title="bbox 262 213 1832 262; baseline 0.004 -16"><span class='ocrx_word' id='word_1_6' title='bbox 262 222 428 247; x_wconf 84' lang='lat' dir='ltr'>summa</span> <span class='ocrx_word' id='word_1_7' title='bbox 456 215 744 249; x_wconf 88' lang='lat' dir='ltr'>trecentorum</span> <span class='ocrx_word' id='word_1_8' title='bbox 770 225 993 250; x_wconf 84' lang='lat' dir='ltr'>aureorum</span> <span class='ocrx_word' id='word_1_9' title='bbox 1021 227 1045 251; x_wconf 90' lang='lat' dir='ltr'>a</span> <span class='ocrx_word' id='word_1_10' title='bbox 1074 226 1139 250; x_wconf 89' lang='lat' dir='ltr'>me</span> <span class='ocrx_word' id='word_1_11' title='bbox 1164 214 1396 262; x_wconf 78' lang='lat' dir='ltr'>quotannis</span> <span class='ocrx_word' id='word_1_12' title='bbox 1425 213 1638 252; x_wconf 84' lang='lat' dir='ltr'>honorarii</span> <span class='ocrx_word' id='word_1_13' title='bbox 1663 217 1832 253; x_wconf 88' lang='lat' dir='ltr'>nomine</span> 
     </span>
     <span class='ocr_line' id='line_1_3' title="bbox 262 266 1832 317; baseline 0.003 -16"><span class='ocrx_word' id='word_1_14' title='bbox 262 266 496 314; x_wconf 87' lang='lat' dir='ltr'>petitorum</span> <span class='ocrx_word' id='word_1_15' title='bbox 532 278 673 303; x_wconf 88' lang='lat' dir='ltr'>coram</span> <span class='ocrx_word' id='word_1_16' title='bbox 710 268 983 315; x_wconf 71' lang='lat' dir='ltr'>transigenda</span> <span class='ocrx_word' id='word_1_17' title='bbox 1019 280 1154 305; x_wconf 85' lang='lat' dir='ltr'>vocer.</span> <span class='ocrx_word' id='word_1_18' title='bbox 1211 268 1365 305; x_wconf 80' lang='lat' dir='ltr'>Verum</span> <span class='ocrx_word' id='word_1_19' title='bbox 1404 269 1679 317; x_wconf 73' lang='lat' dir='ltr'>magistratus</span> <span class='ocrx_word' id='word_1_20' title='bbox 1716 282 1832 307; x_wconf 86' lang='lat' dir='ltr'>meus</span> 
     </span>
    </p>

    <p class='ocr_par' dir='ltr' id='par_1_3' title="bbox 225 319 1833 589">
     <span class='ocr_line' id='line_1_4' title="bbox 225 319 1830 372; baseline 0.004 -17"><span class='ocrx_word' id='word_1_21' title='bbox 225 331 242 361; x_wconf 85' lang='lat'><strong>5</strong></span> <span class='ocrx_word' id='word_1_22' title='bbox 264 320 403 356; x_wconf 88' lang='lat' dir='ltr'>nescio</span> <span class='ocrx_word' id='word_1_23' title='bbox 427 319 529 368; x_wconf 91' lang='lat' dir='ltr'>quid</span> <span class='ocrx_word' id='word_1_24' title='bbox 556 320 842 358; x_wconf 73' lang='lat' dir='ltr'>subodoratus</span> <span class='ocrx_word' id='word_1_25' title='bbox 868 322 919 358; x_wconf 89' lang='lat' dir='ltr'>de</span> <span class='ocrx_word' id='word_1_26' title='bbox 945 335 1010 358; x_wconf 86' lang='lat' dir='ltr'>me</span> <span class='ocrx_word' id='word_1_27' title='bbox 1036 322 1257 359; x_wconf 86' lang='lat' dir='ltr'>retinendo</span> <span class='ocrx_word' id='word_1_28' title='bbox 1283 327 1370 359; x_wconf 87' lang='lat' dir='ltr'>tam</span> <span class='ocrx_word' id='word_1_29' title='bbox 1398 323 1505 360; x_wconf 88' lang='lat' dir='ltr'>serio</span> <span class='ocrx_word' id='word_1_30' title='bbox 1530 327 1738 372; x_wconf 89' lang='lat' dir='ltr'>tantoque</span> <span class='ocrx_word' id='word_1_31' title='bbox 1759 324 1830 361; x_wconf 89' lang='lat' dir='ltr'>ad-</span> 
     </span>
     <span class='ocr_line' id='line_1_5' title="bbox 262 373 1833 426; baseline 0.004 -16"><span class='ocrx_word' id='word_1_32' title='bbox 262 373 376 410; x_wconf 87' lang='lat' dir='ltr'>fectu</span> <span class='ocrx_word' id='word_1_33' title='bbox 399 375 486 421; x_wconf 76' lang='lat' dir='ltr'>agit</span> <span class='ocrx_word' id='word_1_34' title='bbox 509 378 557 411; x_wconf 86' lang='lat' dir='ltr'>vt</span> <span class='ocrx_word' id='word_1_35' title='bbox 579 375 691 412; x_wconf 84' lang='lat' dir='ltr'>hona</span> <span class='ocrx_word' id='word_1_36' title='bbox 712 376 808 412; x_wconf 84' lang='lat' dir='ltr'>hinc</span> <span class='ocrx_word' id='word_1_37' title='bbox 831 389 895 412; x_wconf 89' lang='lat' dir='ltr'>mc</span> <span class='ocrx_word' id='word_1_38' title='bbox 916 377 1053 423; x_wconf 74' lang='lat' dir='ltr'>gratia</span> <span class='ocrx_word' id='word_1_39' title='bbox 1078 376 1193 413; x_wconf 84' lang='lat' dir='ltr'>abire</span> <span class='ocrx_word' id='word_1_40' title='bbox 1219 389 1339 425; x_wconf 86' lang='lat' dir='ltr'>posse</span> <span class='ocrx_word' id='word_1_41' title='bbox 1367 377 1597 426; x_wconf 81' lang='lat' dir='ltr'>desperem.</span> <span class='ocrx_word' id='word_1_42' title='bbox 1660 378 1833 416; x_wconf 79' lang='lat' dir='ltr'>Praeter</span> 
     </span>
     <span class='ocr_line' id='line_1_6' title="bbox 263 428 1832 480; baseline 0.004 -16"><span class='ocrx_word' id='word_1_43' title='bbox 263 441 356 465; x_wconf 85' lang='lat' dir='ltr'>cam</span> <span class='ocrx_word' id='word_1_44' title='bbox 378 429 490 465; x_wconf 91' lang='lat' dir='ltr'>enim</span> <span class='ocrx_word' id='word_1_45' title='bbox 509 428 770 467; x_wconf 83' lang='lat' dir='ltr'>functionem</span> <span class='ocrx_word' id='word_1_46' title='bbox 790 431 856 467; x_wconf 88' lang='lat' dir='ltr'>cui</span> <span class='ocrx_word' id='word_1_47' title='bbox 873 443 984 467; x_wconf 91' lang='lat' dir='ltr'>nunc</span> <span class='ocrx_word' id='word_1_48' title='bbox 1002 443 1210 480; x_wconf 82' lang='lat' dir='ltr'>praesum,</span> <span class='ocrx_word' id='word_1_49' title='bbox 1230 435 1300 480; x_wconf 79' lang='grc' dir='ltr'>τῆς</span> <span class='ocrx_word' id='word_1_50' title='bbox 1316 430 1517 471; x_wconf 80' lang='grc' dir='ltr'>συνδικίας</span> <span class='ocrx_word' id='word_1_51' title='bbox 1535 444 1689 469; x_wconf 90' lang='lat' dir='ltr'>munus</span> <span class='ocrx_word' id='word_1_52' title='bbox 1707 433 1832 470; x_wconf 82' lang='lat' dir='ltr'>offert</span> 
     </span>
     <span class='ocr_line' id='line_1_7' title="bbox 263 483 1833 536; baseline 0.004 -18"><span class='ocrx_word' id='word_1_53' title='bbox 263 486 312 519; x_wconf 86' lang='lat' dir='ltr'>vt</span> <span class='ocrx_word' id='word_1_54' title='bbox 346 483 382 519; x_wconf 88' lang='lat' dir='ltr'>ei</span> <span class='ocrx_word' id='word_1_55' title='bbox 419 484 459 520; x_wconf 92' lang='lat' dir='ltr'>in</span> <span class='ocrx_word' id='word_1_56' title='bbox 494 485 631 521; x_wconf 88' lang='lat' dir='ltr'>causis</span> <span class='ocrx_word' id='word_1_57' title='bbox 666 485 935 521; x_wconf 86' lang='lat' dir='ltr'>iudicialibus</span> <span class='ocrx_word' id='word_1_58' title='bbox 970 498 995 522; x_wconf 92' lang='lat' dir='ltr'>a</span> <span class='ocrx_word' id='word_1_59' title='bbox 1030 485 1213 522; x_wconf 89' lang='lat' dir='ltr'>consiliis</span> <span class='ocrx_word' id='word_1_60' title='bbox 1248 487 1338 530; x_wconf 86' lang='lat' dir='ltr'>sim,</span> <span class='ocrx_word' id='word_1_61' title='bbox 1373 490 1417 522; x_wconf 87' lang='lat' dir='ltr'>et</span> <span class='ocrx_word' id='word_1_62' title='bbox 1448 485 1686 531; x_wconf 90' lang='lat' dir='ltr'>honorario,</span> <span class='ocrx_word' id='word_1_63' title='bbox 1718 487 1833 536; x_wconf 90' lang='lat' dir='ltr'>quod</span> 
     </span>
     <span class='ocr_line' id='line_1_8' title="bbox 264 537 1831 589; baseline 0.004 -16"><span class='ocrx_word' id='word_1_64' title='bbox 264 537 470 574; x_wconf 87' lang='lat' dir='ltr'>hactenus</span> <span class='ocrx_word' id='word_1_65' title='bbox 500 542 671 575; x_wconf 86' lang='lat' dir='ltr'>centum</span> <span class='ocrx_word' id='word_1_66' title='bbox 703 540 933 587; x_wconf 70' lang='lat' dir='ltr'>quotannis</span> <span class='ocrx_word' id='word_1_67' title='bbox 964 552 1187 576; x_wconf 88' lang='lat' dir='ltr'>aureorum</span> <span class='ocrx_word' id='word_1_68' title='bbox 1219 539 1313 584; x_wconf 83' lang='lat' dir='ltr'>fuit,</span> <span class='ocrx_word' id='word_1_69' title='bbox 1346 553 1433 577; x_wconf 85' lang='lat' dir='ltr'>sese</span> <span class='ocrx_word' id='word_1_70' title='bbox 1464 541 1687 589; x_wconf 73' lang='lat' dir='ltr'>sexaginta</span> <span class='ocrx_word' id='word_1_71' title='bbox 1714 541 1831 579; x_wconf 90' lang='lat' dir='ltr'>addi-</span> 
     </span>
    </p>

    <p class='ocr_par' dir='ltr' id='par_1_4' title="bbox 207 593 1834 858">
     <span class='ocr_line' id='line_1_9' title="bbox 207 593 1831 642; baseline 0.004 -15"><span class='ocrx_word' id='word_1_72' title='bbox 207 604 244 624; x_wconf 92' lang='lat'>10</span> <span class='ocrx_word' id='word_1_73' title='bbox 264 595 409 628; x_wconf 87' lang='lat' dir='ltr'>turum</span> <span class='ocrx_word' id='word_1_74' title='bbox 432 593 659 641; x_wconf 81' lang='lat' dir='ltr'>promittit.</span> <span class='ocrx_word' id='word_1_75' title='bbox 721 593 928 642; x_wconf 73' lang='lat' dir='ltr'>Equidem</span> <span class='ocrx_word' id='word_1_76' title='bbox 952 594 1054 642; x_wconf 85' lang='lat' dir='ltr'>quid</span> <span class='ocrx_word' id='word_1_77' title='bbox 1076 594 1268 631; x_wconf 84' lang='lat' dir='ltr'>facturus</span> <span class='ocrx_word' id='word_1_78' title='bbox 1289 595 1366 631; x_wconf 89' lang='lat' dir='ltr'>sim</span> <span class='ocrx_word' id='word_1_79' title='bbox 1385 599 1432 631; x_wconf 83' lang='lat' dir='ltr'>vt</span> <span class='ocrx_word' id='word_1_80' title='bbox 1455 595 1644 632; x_wconf 90' lang='lat' dir='ltr'>nondum</span> <span class='ocrx_word' id='word_1_81' title='bbox 1667 608 1831 633; x_wconf 88' lang='lat' dir='ltr'>mecum</span> 
     </span>
     <span class='ocr_line' id='line_1_10' title="bbox 264 646 1833 697; baseline 0.003 -15"><span class='ocrx_word' id='word_1_82' title='bbox 264 646 442 691; x_wconf 76' lang='lat' dir='ltr'>decroni,</span> <span class='ocrx_word' id='word_1_83' title='bbox 476 647 536 684; x_wconf 85' lang='lat' dir='ltr'>ita</span> <span class='ocrx_word' id='word_1_84' title='bbox 566 647 619 684; x_wconf 90' lang='lat' dir='ltr'>ad</span> <span class='ocrx_word' id='word_1_85' title='bbox 652 649 834 697; x_wconf 84' lang='lat' dir='ltr'>patriam</span> <span class='ocrx_word' id='word_1_86' title='bbox 868 661 932 685; x_wconf 85' lang='lat' dir='ltr'>mc</span> <span class='ocrx_word' id='word_1_87' title='bbox 963 648 1145 685; x_wconf 79' lang='lat' dir='ltr'>inultum</span> <span class='ocrx_word' id='word_1_88' title='bbox 1178 649 1417 686; x_wconf 88' lang='lat' dir='ltr'>animatum</span> <span class='ocrx_word' id='word_1_89' title='bbox 1447 662 1536 686; x_wconf 86' lang='lat' dir='ltr'>esse</span> <span class='ocrx_word' id='word_1_90' title='bbox 1566 662 1717 697; x_wconf 68' lang='lat' dir='ltr'>negare</span> <span class='ocrx_word' id='word_1_91' title='bbox 1747 662 1833 687; x_wconf 91' lang='lat' dir='ltr'>non</span> 
     </span>
     <span class='ocr_line' id='line_1_11' title="bbox 264 702 1834 751; baseline 0.004 -15"><span class='ocrx_word' id='word_1_92' title='bbox 264 713 448 750; x_wconf 83' lang='lat' dir='ltr'>possum,</span> <span class='ocrx_word' id='word_1_93' title='bbox 476 706 523 738; x_wconf 86' lang='lat' dir='ltr'>vt</span> <span class='ocrx_word' id='word_1_94' title='bbox 552 703 617 738; x_wconf 92' lang='lat' dir='ltr'>cui</span> <span class='ocrx_word' id='word_1_95' title='bbox 649 703 808 751; x_wconf 81' lang='lat' dir='ltr'>primae</span> <span class='ocrx_word' id='word_1_96' title='bbox 834 703 1056 747; x_wconf 74' lang='lat' dir='ltr'>debentur,</span> <span class='ocrx_word' id='word_1_97' title='bbox 1086 704 1119 739; x_wconf 85' lang='lat' dir='ltr'>si</span> <span class='ocrx_word' id='word_1_98' title='bbox 1145 703 1272 740; x_wconf 86' lang='lat' dir='ltr'>modo</span> <span class='ocrx_word' id='word_1_99' title='bbox 1299 702 1539 740; x_wconf 81' lang='lat' dir='ltr'>Ciceronem</span> <span class='ocrx_word' id='word_1_100' title='bbox 1562 704 1736 742; x_wconf 82' lang='lat' dir='ltr'>audiero</span> <span class='ocrx_word' id='word_1_101' title='bbox 1758 717 1834 742; x_wconf 87' lang='lat' dir='ltr'>nos</span> 
     </span>
     <span class='ocr_line' id='line_1_12' title="bbox 265 755 1834 808; baseline 0.003 -17"><span class='ocrx_word' id='word_1_102' title='bbox 265 768 347 792; x_wconf 91' lang='lat' dir='ltr'>non</span> <span class='ocrx_word' id='word_1_103' title='bbox 371 755 507 792; x_wconf 85' lang='lat' dir='ltr'>solum</span> <span class='ocrx_word' id='word_1_104' title='bbox 530 757 651 793; x_wconf 89' lang='lat' dir='ltr'>nobis</span> <span class='ocrx_word' id='word_1_105' title='bbox 673 757 744 793; x_wconf 87' lang='lat' dir='ltr'>scd</span> <span class='ocrx_word' id='word_1_106' title='bbox 767 762 810 793; x_wconf 83' lang='lat' dir='ltr'>et</span> <span class='ocrx_word' id='word_1_107' title='bbox 832 758 994 806; x_wconf 76' lang='lat' dir='ltr'>patriie</span> <span class='ocrx_word' id='word_1_108' title='bbox 1017 762 1141 794; x_wconf 86' lang='lat' dir='ltr'>natos</span> <span class='ocrx_word' id='word_1_109' title='bbox 1163 757 1398 795; x_wconf 77' lang='lat' dir='ltr'>docentem</span> <span class='ocrx_word' id='word_1_110' title='bbox 1459 758 1634 796; x_wconf 88' lang='lat' dir='ltr'>Accedit</span> <span class='ocrx_word' id='word_1_111' title='bbox 1655 759 1769 808; x_wconf 86' lang='lat' dir='ltr'>quod</span> <span class='ocrx_word' id='word_1_112' title='bbox 1790 763 1834 797; x_wconf 92' lang='lat' dir='ltr'>et</span> 
     </span>
     <span class='ocr_line' id='line_1_13' title="bbox 266 810 1833 871; baseline 0.003 -25"><span class='ocrx_word' id='word_1_113' title='bbox 266 810 290 846; x_wconf 93' lang='lat' dir='ltr'>ii</span> <span class='ocrx_word' id='word_1_114' title='bbox 313 822 337 846; x_wconf 90' lang='lat' dir='ltr'>a</span> <span class='ocrx_word' id='word_1_115' title='bbox 358 810 513 871; x_wconf 82' lang='lat' dir='ltr'>quibus</span> <span class='ocrx_word' id='word_1_116' title='bbox 534 811 710 855; x_wconf 86' lang='lat' dir='ltr'>ambior,</span> <span class='ocrx_word' id='word_1_117' title='bbox 734 824 771 848; x_wconf 88' lang='lat' dir='ltr'>m</span> <span class='ocrx_word' id='word_1_118' title='bbox 778 813 1008 858; x_wconf 67' lang='lat' dir='ltr'>1‹gistr·1.t11s</span> <span class='ocrx_word' id='word_1_119' title='bbox 1030 813 1110 849; x_wconf 89' lang='lat' dir='ltr'>mei</span> <span class='ocrx_word' id='word_1_120' title='bbox 1132 824 1382 849; x_wconf 79' lang='lat' dir='ltr'>consensum</span> <span class='ocrx_word' id='word_1_121' title='bbox 1405 816 1448 849; x_wconf 89' lang='lat' dir='ltr'>ct</span> <span class='ocrx_word' id='word_1_122' title='bbox 1469 812 1660 850; x_wconf 83' lang='lat' dir='ltr'>fauorem</span> <span class='ocrx_word' id='word_1_123' title='bbox 1685 814 1833 851; x_wconf 83' lang='lat' dir='ltr'>statim</span> 
     </span>
    </p>

    <p class='ocr_par' dir='ltr' id='par_1_5' title="bbox 208 865 1836 1134">
     <span class='ocr_line' id='line_1_14' title="bbox 208 865 1834 925; baseline 0.004 -27"><span class='ocrx_word' id='word_1_124' title='bbox 208 876 244 906; x_wconf 85' lang='lat'>15</span> <span class='ocrx_word' id='word_1_125' title='bbox 264 877 289 901; x_wconf 86' lang='lat' dir='ltr'>a</span> <span class='ocrx_word' id='word_1_126' title='bbox 311 865 526 925; x_wconf 33' lang='lat' dir='ltr'>princ—,ipio</span> <span class='ocrx_word' id='word_1_127' title='bbox 550 878 634 914; x_wconf 84' lang='lat' dir='ltr'>qua</span> <span class='ocrx_word' id='word_1_128' title='bbox 659 870 759 903; x_wconf 84' lang='lat' dir='ltr'>sunt</span> <span class='ocrx_word' id='word_1_129' title='bbox 789 867 898 902; x_wconf 87' lang='lat' dir='ltr'>int‹r</span> <span class='ocrx_word' id='word_1_130' title='bbox 922 880 964 902; x_wconf 78' lang='lat' dir='ltr'>s(</span> <span class='ocrx_word' id='word_1_131' title='bbox 992 866 1312 910; x_wconf 69' lang='lat' dir='ltr'>necessitudine,</span> <span class='ocrx_word' id='word_1_132' title='bbox 1334 872 1605 916; x_wconf 78' lang='lat' dir='ltr'>exceperunt,</span> <span class='ocrx_word' id='word_1_133' title='bbox 1628 881 1778 917; x_wconf 87' lang='lat' dir='ltr'>nempe</span> <span class='ocrx_word' id='word_1_134' title='bbox 1800 869 1834 905; x_wconf 91' lang='lat' dir='ltr'>si</span> 
     </span>
     <span class='ocr_line' id='line_1_15' title="bbox 267 919 1833 967; baseline 0.003 -13"><span class='ocrx_word' id='word_1_135' title='bbox 267 919 376 955; x_wconf 85' lang='lat' dir='ltr'>bona</span> <span class='ocrx_word' id='word_1_136' title='bbox 397 920 485 955; x_wconf 89' lang='lat' dir='ltr'>cius</span> <span class='ocrx_word' id='word_1_137' title='bbox 506 932 564 967; x_wconf 78' lang='lat' dir='ltr'>gr</span> <span class='ocrx_word' id='word_1_138' title='bbox 555 921 643 957; x_wconf 62' lang='lat' dir='ltr'>itia</span> <span class='ocrx_word' id='word_1_139' title='bbox 665 920 878 957; x_wconf 82' lang='lat' dir='ltr'>discedere</span> <span class='ocrx_word' id='word_1_140' title='bbox 902 921 1037 958; x_wconf 88' lang='lat' dir='ltr'>liceat.</span> <span class='ocrx_word' id='word_1_141' title='bbox 1099 921 1320 958; x_wconf 87' lang='lat' dir='ltr'>Postremo</span> <span class='ocrx_word' id='word_1_142' title='bbox 1346 934 1396 958; x_wconf 87' lang='lat' dir='ltr'>ne</span> <span class='ocrx_word' id='word_1_143' title='bbox 1421 923 1628 959; x_wconf 87' lang='lat' dir='ltr'>auaritiae</span> <span class='ocrx_word' id='word_1_144' title='bbox 1650 927 1726 959; x_wconf 86' lang='lat' dir='ltr'>aut</span> <span class='ocrx_word' id='word_1_145' title='bbox 1748 935 1833 959; x_wconf 89' lang='lat' dir='ltr'>sor-</span> 
     </span>
     <span class='ocr_line' id='line_1_16' title="bbox 265 973 1833 1025; baseline 0.003 -16"><span class='ocrx_word' id='word_1_146' title='bbox 265 973 381 1010; x_wconf 84' lang='lat' dir='ltr'>dium</span> <span class='ocrx_word' id='word_1_147' title='bbox 406 974 622 1011; x_wconf 73' lang='lat' dir='ltr'>insimulor</span> <span class='ocrx_word' id='word_1_148' title='bbox 643 974 882 1019; x_wconf 83' lang='lat' dir='ltr'>submetuo,</span> <span class='ocrx_word' id='word_1_149' title='bbox 908 980 953 1012; x_wconf 75' lang='lat' dir='ltr'>vt</span> <span class='ocrx_word' id='word_1_150' title='bbox 975 976 1047 1024; x_wconf 86' lang='lat' dir='ltr'>qui</span> <span class='ocrx_word' id='word_1_151' title='bbox 1069 988 1151 1012; x_wconf 88' lang='lat' dir='ltr'>non</span> <span class='ocrx_word' id='word_1_152' title='bbox 1179 976 1349 1024; x_wconf 87' lang='lat' dir='ltr'>quidem</span> <span class='ocrx_word' id='word_1_153' title='bbox 1377 989 1625 1025; x_wconf 83' lang='lat' dir='ltr'>magnarum</span> <span class='ocrx_word' id='word_1_154' title='bbox 1654 976 1833 1014; x_wconf 86' lang='lat' dir='ltr'>faculta-</span> 
     </span>
     <span class='ocr_line' id='line_1_17' title="bbox 266 1028 1836 1079; baseline 0.003 -15"><span class='ocrx_word' id='word_1_155' title='bbox 266 1032 371 1071; x_wconf 83' lang='lat' dir='ltr'>tum,</span> <span class='ocrx_word' id='word_1_156' title='bbox 408 1028 479 1065; x_wconf 88' lang='lat' dir='ltr'>sed</span> <span class='ocrx_word' id='word_1_157' title='bbox 516 1032 660 1066; x_wconf 85' lang='lat' dir='ltr'>tamen</span> <span class='ocrx_word' id='word_1_158' title='bbox 695 1042 778 1066; x_wconf 92' lang='lat' dir='ltr'>non</span> <span class='ocrx_word' id='word_1_159' title='bbox 813 1029 1041 1074; x_wconf 75' lang='lat' dir='ltr'>mendicus,</span> <span class='ocrx_word' id='word_1_160' title='bbox 1077 1031 1199 1079; x_wconf 85' lang='lat' dir='ltr'>quasi</span> <span class='ocrx_word' id='word_1_161' title='bbox 1234 1032 1455 1079; x_wconf 88' lang='lat' dir='ltr'>pecuniam</span> <span class='ocrx_word' id='word_1_162' title='bbox 1489 1031 1585 1068; x_wconf 88' lang='lat' dir='ltr'>hinc</span> <span class='ocrx_word' id='word_1_163' title='bbox 1618 1031 1836 1068; x_wconf 72' lang='lat' dir='ltr'>discedens</span> 
     </span>
     <span class='ocr_line' id='line_1_18' title="bbox 266 1083 1836 1134; baseline 0.003 -16"><span class='ocrx_word' id='word_1_164' title='bbox 266 1083 428 1131; x_wconf 80' lang='lat' dir='ltr'>patriae</span> <span class='ocrx_word' id='word_1_165' title='bbox 450 1083 698 1131; x_wconf 82' lang='lat' dir='ltr'>praetulisse</span> <span class='ocrx_word' id='word_1_166' title='bbox 720 1084 878 1121; x_wconf 77' lang='lat' dir='ltr'>videar.</span> <span class='ocrx_word' id='word_1_167' title='bbox 922 1084 1102 1121; x_wconf 84' lang='lat' dir='ltr'>Proinde</span> <span class='ocrx_word' id='word_1_168' title='bbox 1119 1084 1290 1133; x_wconf 92' lang='lat' dir='ltr'>quando</span> <span class='ocrx_word' id='word_1_169' title='bbox 1307 1085 1410 1122; x_wconf 83' lang='lat' dir='ltr'>mihi</span> <span class='ocrx_word' id='word_1_170' title='bbox 1426 1085 1643 1134; x_wconf 84' lang='lat' dir='ltr'>hucusque</span> <span class='ocrx_word' id='word_1_171' title='bbox 1665 1085 1836 1123; x_wconf 82' lang='lat' dir='ltr'>solenne</span> 
     </span>
    </p>

    <p class='ocr_par' dir='ltr' id='par_1_6' title="bbox 205 1137 1835 1392">
     <span class='ocr_line' id='line_1_19' title="bbox 205 1137 1834 1188; baseline 0.004 -18"><span class='ocrx_word' id='word_1_172' title='bbox 205 1149 246 1170; x_wconf 86' lang='lat'>20</span> <span class='ocrx_word' id='word_1_173' title='bbox 265 1137 348 1173; x_wconf 82' lang='lat' dir='ltr'>fuit</span> <span class='ocrx_word' id='word_1_174' title='bbox 369 1138 512 1174; x_wconf 82' lang='lat' dir='ltr'>onmia</span> <span class='ocrx_word' id='word_1_175' title='bbox 533 1151 625 1175; x_wconf 78' lang='lat' dir='ltr'>mea</span> <span class='ocrx_word' id='word_1_176' title='bbox 650 1138 705 1175; x_wconf 89' lang='lat' dir='ltr'>ad</span> <span class='ocrx_word' id='word_1_177' title='bbox 732 1143 774 1175; x_wconf 87' lang='lat' dir='ltr'>te</span> <span class='ocrx_word' id='word_1_178' title='bbox 800 1151 939 1175; x_wconf 83' lang='lat' dir='ltr'>mcum</span> <span class='ocrx_word' id='word_1_179' title='bbox 966 1143 1193 1188; x_wconf 85' lang='lat' dir='ltr'>patronum</span> <span class='ocrx_word' id='word_1_180' title='bbox 1219 1139 1416 1176; x_wconf 84' lang='lat' dir='ltr'>omnibus</span> <span class='ocrx_word' id='word_1_181' title='bbox 1441 1140 1576 1177; x_wconf 87' lang='lat' dir='ltr'>modis</span> <span class='ocrx_word' id='word_1_182' title='bbox 1602 1141 1834 1177; x_wconf 80' lang='lat' dir='ltr'>maximum</span> 
     </span>
     <span class='ocr_line' id='line_1_20' title="bbox 266 1190 1835 1244; baseline 0.003 -16"><span class='ocrx_word' id='word_1_183' title='bbox 266 1190 432 1236; x_wconf 84' lang='lat' dir='ltr'>referre,</span> <span class='ocrx_word' id='word_1_184' title='bbox 462 1196 508 1229; x_wconf 74' lang='lat' dir='ltr'>vt</span> <span class='ocrx_word' id='word_1_185' title='bbox 535 1205 646 1229; x_wconf 88' lang='lat' dir='ltr'>nunc</span> <span class='ocrx_word' id='word_1_186' title='bbox 674 1205 809 1229; x_wconf 86' lang='lat' dir='ltr'>meam</span> <span class='ocrx_word' id='word_1_187' title='bbox 838 1206 1006 1242; x_wconf 85' lang='lat' dir='ltr'>quoque</span> <span class='ocrx_word' id='word_1_188' title='bbox 1035 1193 1361 1230; x_wconf 82' lang='lat' dir='ltr'>translationem</span> <span class='ocrx_word' id='word_1_189' title='bbox 1393 1207 1544 1243; x_wconf 77' lang='lat' dir='ltr'>regere,</span> <span class='ocrx_word' id='word_1_190' title='bbox 1571 1199 1701 1244; x_wconf 83' lang='lat' dir='ltr'>atque</span> <span class='ocrx_word' id='word_1_191' title='bbox 1729 1194 1835 1232; x_wconf 89' lang='lat' dir='ltr'>adeo</span> 
     </span>
     <span class='ocr_line' id='line_1_21' title="bbox 266 1247 1834 1298; baseline 0.003 -16"><span class='ocrx_word' id='word_1_192' title='bbox 266 1251 385 1283; x_wconf 86' lang='lat' dir='ltr'>tuam</span> <span class='ocrx_word' id='word_1_193' title='bbox 412 1247 514 1283; x_wconf 88' lang='lat' dir='ltr'>mihi</span> <span class='ocrx_word' id='word_1_194' title='bbox 541 1248 796 1284; x_wconf 85' lang='lat' dir='ltr'>sentent-iam</span> <span class='ocrx_word' id='word_1_195' title='bbox 827 1260 910 1284; x_wconf 84' lang='lat' dir='ltr'>vno</span> <span class='ocrx_word' id='word_1_196' title='bbox 935 1253 1011 1285; x_wconf 85' lang='lat' dir='ltr'>aut</span> <span class='ocrx_word' id='word_1_197' title='bbox 1038 1248 1174 1285; x_wconf 86' lang='lat' dir='ltr'>altero</span> <span class='ocrx_word' id='word_1_198' title='bbox 1200 1248 1329 1285; x_wconf 82' lang='lat' dir='ltr'>verbo</span> <span class='ocrx_word' id='word_1_199' title='bbox 1358 1250 1407 1292; x_wconf 86' lang='lat' dir='ltr'>(si</span> <span class='ocrx_word' id='word_1_200' title='bbox 1428 1249 1554 1286; x_wconf 89' lang='lat' dir='ltr'>modo</span> <span class='ocrx_word' id='word_1_201' title='bbox 1576 1262 1649 1298; x_wconf 86' lang='lat' dir='ltr'>per</span> <span class='ocrx_word' id='word_1_202' title='bbox 1670 1249 1834 1286; x_wconf 76' lang='lat' dir='ltr'>valetu-</span> 
     </span>
     <span class='ocr_line' id='line_1_22' title="bbox 266 1300 1834 1353; baseline 0.003 -17"><span class='ocrx_word' id='word_1_203' title='bbox 266 1300 407 1337; x_wconf 86' lang='lat' dir='ltr'>dinem</span> <span class='ocrx_word' id='word_1_204' title='bbox 430 1306 506 1338; x_wconf 86' lang='lat' dir='ltr'>aut</span> <span class='ocrx_word' id='word_1_205' title='bbox 527 1302 696 1350; x_wconf 78' lang='lat' dir='ltr'>negocia</span> <span class='ocrx_word' id='word_1_206' title='bbox 716 1306 852 1351; x_wconf 84' lang='lat' dir='ltr'>potes)</span> <span class='ocrx_word' id='word_1_207' title='bbox 870 1302 1115 1351; x_wconf 71' lang='lat' dir='ltr'>significare,</span> <span class='ocrx_word' id='word_1_208' title='bbox 1134 1315 1184 1340; x_wconf 86' lang='lat' dir='ltr'>ne</span> <span class='ocrx_word' id='word_1_209' title='bbox 1201 1304 1387 1352; x_wconf 80' lang='lat' dir='ltr'>graueris</span> <span class='ocrx_word' id='word_1_210' title='bbox 1404 1304 1531 1340; x_wconf 82' lang='lat' dir='ltr'>etiarn</span> <span class='ocrx_word' id='word_1_211' title='bbox 1555 1308 1684 1353; x_wconf 88' lang='lat' dir='ltr'>atquc</span> <span class='ocrx_word' id='word_1_212' title='bbox 1705 1304 1834 1341; x_wconf 90' lang='lat' dir='ltr'>etiam</span> 
     </span>
     <span class='ocr_line' id='line_1_23' title="bbox 265 1355 469 1392; baseline 0.005 -1"><span class='ocrx_word' id='word_1_213' title='bbox 265 1355 469 1392; x_wconf 88' lang='lat' dir='ltr'>obtestor.</span> 
     </span>
    </p>

    <p class='ocr_par' dir='ltr' id='par_1_7' title="bbox 207 1410 1836 1675">
     <span class='ocr_line' id='line_1_24' title="bbox 207 1410 1836 1461; baseline 0.003 -16"><span class='ocrx_word' id='word_1_214' title='bbox 207 1420 245 1450; x_wconf 78' lang='lat'>25</span> <span class='ocrx_word' id='word_1_215' title='bbox 323 1410 534 1447; x_wconf 78' lang='lat' dir='ltr'>Valetudo</span> <span class='ocrx_word' id='word_1_216' title='bbox 559 1414 635 1447; x_wconf 87' lang='lat' dir='ltr'>tua</span> <span class='ocrx_word' id='word_1_217' title='bbox 662 1410 865 1448; x_wconf 87' lang='lat' dir='ltr'>infirmior</span> <span class='ocrx_word' id='word_1_218' title='bbox 890 1412 1193 1461; x_wconf 80' lang='lat' dir='ltr'>supramodum</span> <span class='ocrx_word' id='word_1_219' title='bbox 1226 1425 1291 1450; x_wconf 88' lang='lat' dir='ltr'>me</span> <span class='ocrx_word' id='word_1_220' title='bbox 1318 1413 1592 1457; x_wconf 83' lang='lat' dir='ltr'>excruciaret,</span> <span class='ocrx_word' id='word_1_221' title='bbox 1622 1414 1700 1450; x_wconf 86' lang='lat' dir='ltr'>nisi</span> <span class='ocrx_word' id='word_1_222' title='bbox 1732 1413 1836 1450; x_wconf 87' lang='lat' dir='ltr'>bene</span> 
     </span>
     <span class='ocr_line' id='line_1_25' title="bbox 267 1465 1834 1516; baseline 0.002 -15"><span class='ocrx_word' id='word_1_223' title='bbox 267 1477 332 1501; x_wconf 89' lang='lat' dir='ltr'>me</span> <span class='ocrx_word' id='word_1_224' title='bbox 355 1477 522 1513; x_wconf 86' lang='lat' dir='ltr'>sperare</span> <span class='ocrx_word' id='word_1_225' title='bbox 545 1465 709 1502; x_wconf 85' lang='lat' dir='ltr'>iuberet</span> <span class='ocrx_word' id='word_1_226' title='bbox 731 1465 1044 1515; x_wconf 66' lang='lat' dir='ltr'>Hieronymus:</span> <span class='ocrx_word' id='word_1_227' title='bbox 1077 1467 1131 1503; x_wconf 91' lang='lat' dir='ltr'>ad</span> <span class='ocrx_word' id='word_1_228' title='bbox 1157 1479 1282 1515; x_wconf 89' lang='lat' dir='ltr'>quem</span> <span class='ocrx_word' id='word_1_229' title='bbox 1311 1480 1445 1516; x_wconf 87' lang='lat' dir='ltr'>nuper</span> <span class='ocrx_word' id='word_1_230' title='bbox 1473 1467 1639 1505; x_wconf 76' lang='lat' dir='ltr'>litteras</span> <span class='ocrx_word' id='word_1_231' title='bbox 1666 1467 1834 1504; x_wconf 89' lang='lat' dir='ltr'>dedisti.</span> 
     </span>
     <span class='ocr_line' id='line_1_26' title="bbox 268 1519 1836 1570; baseline 0.003 -15"><span class='ocrx_word' id='word_1_232' title='bbox 268 1519 416 1556; x_wconf 82' lang='lat' dir='ltr'>Faciat</span> <span class='ocrx_word' id='word_1_233' title='bbox 446 1519 639 1557; x_wconf 86' lang='lat' dir='ltr'>Christus</span> <span class='ocrx_word' id='word_1_234' title='bbox 668 1525 716 1557; x_wconf 73' lang='lat' dir='ltr'>vt</span> <span class='ocrx_word' id='word_1_235' title='bbox 744 1521 785 1556; x_wconf 93' lang='lat' dir='ltr'>in</span> <span class='ocrx_word' id='word_1_236' title='bbox 815 1520 938 1558; x_wconf 82' lang='lat' dir='ltr'>horas</span> <span class='ocrx_word' id='word_1_237' title='bbox 963 1521 1199 1558; x_wconf 83' lang='lat' dir='ltr'>renalescas</span> <span class='ocrx_word' id='word_1_238' title='bbox 1225 1535 1273 1558; x_wconf 87' lang='lat' dir='ltr'>ac</span> <span class='ocrx_word' id='word_1_239' title='bbox 1300 1522 1421 1559; x_wconf 89' lang='lat' dir='ltr'>nobis</span> <span class='ocrx_word' id='word_1_240' title='bbox 1450 1522 1653 1570; x_wconf 74' lang='lat' dir='ltr'>bonisque</span> <span class='ocrx_word' id='word_1_241' title='bbox 1685 1522 1836 1559; x_wconf 86' lang='lat' dir='ltr'>studiis</span> 
     </span>
     <span class='ocr_line' id='line_1_27' title="bbox 267 1574 1835 1624; baseline 0.002 -14"><span class='ocrx_word' id='word_1_242' title='bbox 267 1574 566 1623; x_wconf 84' lang='lat' dir='ltr'>promouendis</span> <span class='ocrx_word' id='word_1_243' title='bbox 588 1575 957 1623; x_wconf 79' lang='lat' dir='ltr'>quamdiutissimc</span> <span class='ocrx_word' id='word_1_244' title='bbox 979 1577 1173 1624; x_wconf 85' lang='lat' dir='ltr'>supersis.</span> <span class='ocrx_word' id='word_1_245' title='bbox 1215 1575 1336 1621; x_wconf 83' lang='lat' dir='ltr'>Quod</span> <span class='ocrx_word' id='word_1_246' title='bbox 1354 1576 1407 1613; x_wconf 87' lang='lat' dir='ltr'>ad</span> <span class='ocrx_word' id='word_1_247' title='bbox 1424 1589 1560 1613; x_wconf 87' lang='lat' dir='ltr'>meam</span> <span class='ocrx_word' id='word_1_248' title='bbox 1580 1578 1620 1613; x_wconf 91' lang='lat' dir='ltr'>in</span> <span class='ocrx_word' id='word_1_249' title='bbox 1638 1581 1680 1613; x_wconf 90' lang='lat' dir='ltr'>te</span> <span class='ocrx_word' id='word_1_250' title='bbox 1698 1577 1835 1614; x_wconf 84' lang='lat' dir='ltr'>obser-</span> 
     </span>
     <span class='ocr_line' id='line_1_28' title="bbox 268 1629 1835 1675; baseline 0.003 -11"><span class='ocrx_word' id='word_1_251' title='bbox 268 1629 459 1665; x_wconf 85' lang='lat' dir='ltr'>uantiam</span> <span class='ocrx_word' id='word_1_252' title='bbox 492 1630 662 1671; x_wconf 83' lang='lat' dir='ltr'>attinet,</span> <span class='ocrx_word' id='word_1_253' title='bbox 693 1630 851 1666; x_wconf 79' lang='lat' dir='ltr'>nouisti</span> <span class='ocrx_word' id='word_1_254' title='bbox 883 1634 1070 1668; x_wconf 75' lang='lat' dir='ltr'>veterem</span> <span class='ocrx_word' id='word_1_255' title='bbox 1102 1643 1239 1667; x_wconf 86' lang='lat' dir='ltr'>meam</span> <span class='ocrx_word' id='word_1_256' title='bbox 1270 1632 1525 1675; x_wconf 88' lang='lat' dir='ltr'>cantionem,</span> <span class='ocrx_word' id='word_1_257' title='bbox 1559 1631 1699 1668; x_wconf 84' lang='lat' dir='ltr'>‘Tuus</span> <span class='ocrx_word' id='word_1_258' title='bbox 1730 1644 1835 1675; x_wconf 90' lang='lat' dir='ltr'>sum,</span> 
     </span>
    </p>

    <p class='ocr_par' dir='ltr' id='par_1_8' title="bbox 207 1684 1837 1953">
     <span class='ocr_line' id='line_1_29' title="bbox 207 1684 1836 1735; baseline 0.002 -16"><span class='ocrx_word' id='word_1_259' title='bbox 207 1694 248 1723; x_wconf 84' lang='lat'>30</span> <span class='ocrx_word' id='word_1_260' title='bbox 269 1687 369 1719; x_wconf 85' lang='lat' dir='ltr'>tuus</span> <span class='ocrx_word' id='word_1_261' title='bbox 396 1695 484 1720; x_wconf 84' lang='lat' dir='ltr'>esse</span> <span class='ocrx_word' id='word_1_262' title='bbox 513 1684 660 1732; x_wconf 77' lang='lat' dir='ltr'>cupio&#39;</span> <span class='ocrx_word' id='word_1_263' title='bbox 691 1684 810 1731; x_wconf 85' lang='lat' dir='ltr'>(nihil</span> <span class='ocrx_word' id='word_1_264' title='bbox 841 1697 924 1721; x_wconf 89' lang='lat' dir='ltr'>non</span> <span class='ocrx_word' id='word_1_265' title='bbox 954 1690 1028 1721; x_wconf 84' lang='lat' dir='ltr'>tua</span> <span class='ocrx_word' id='word_1_266' title='bbox 1057 1698 1185 1722; x_wconf 88' lang='lat' dir='ltr'>causa</span> <span class='ocrx_word' id='word_1_267' title='bbox 1212 1685 1349 1722; x_wconf 77' lang='lat' dir='ltr'>facere</span> <span class='ocrx_word' id='word_1_268' title='bbox 1377 1698 1470 1722; x_wconf 88' lang='lat' dir='ltr'>sum</span> <span class='ocrx_word' id='word_1_269' title='bbox 1499 1688 1706 1735; x_wconf 83' lang='lat' dir='ltr'>paratus),</span> <span class='ocrx_word' id='word_1_270' title='bbox 1729 1698 1836 1734; x_wconf 89' lang='lat' dir='ltr'>quae</span> 
     </span>
     <span class='ocr_line' id='line_1_30' title="bbox 267 1739 1837 1789; baseline 0.002 -16"><span class='ocrx_word' id='word_1_271' title='bbox 267 1742 493 1786; x_wconf 86' lang='lat' dir='ltr'>propterea</span> <span class='ocrx_word' id='word_1_272' title='bbox 514 1739 642 1774; x_wconf 80' lang='lat' dir='ltr'>toties</span> <span class='ocrx_word' id='word_1_273' title='bbox 664 1740 845 1787; x_wconf 85' lang='lat' dir='ltr'>repetita</span> <span class='ocrx_word' id='word_1_274' title='bbox 864 1740 1000 1776; x_wconf 89' lang='lat' dir='ltr'>minus</span> <span class='ocrx_word' id='word_1_275' title='bbox 1022 1739 1199 1777; x_wconf 84' lang='lat' dir='ltr'>molesta</span> <span class='ocrx_word' id='word_1_276' title='bbox 1216 1753 1304 1776; x_wconf 75' lang='lat' dir='ltr'>esse</span> <span class='ocrx_word' id='word_1_277' title='bbox 1321 1740 1447 1777; x_wconf 85' lang='lat' dir='ltr'>debet</span> <span class='ocrx_word' id='word_1_278' title='bbox 1465 1740 1579 1789; x_wconf 87' lang='lat' dir='ltr'>quod</span> <span class='ocrx_word' id='word_1_279' title='bbox 1597 1753 1695 1777; x_wconf 82' lang='lat' dir='ltr'>vera</span> <span class='ocrx_word' id='word_1_280' title='bbox 1713 1744 1777 1777; x_wconf 90' lang='lat' dir='ltr'>est</span> <span class='ocrx_word' id='word_1_281' title='bbox 1794 1744 1837 1776; x_wconf 88' lang='lat' dir='ltr'>et</span> 
     </span>
     <span class='ocr_line' id='line_1_31' title="bbox 267 1791 1837 1843; baseline 0.002 -15"><span class='ocrx_word' id='word_1_282' title='bbox 267 1791 321 1828; x_wconf 84' lang='lat' dir='ltr'>ab</span> <span class='ocrx_word' id='word_1_283' title='bbox 337 1791 504 1829; x_wconf 84' lang='lat' dir='ltr'>homine</span> <span class='ocrx_word' id='word_1_284' title='bbox 518 1793 705 1829; x_wconf 87' lang='lat' dir='ltr'>omnium</span> <span class='ocrx_word' id='word_1_285' title='bbox 722 1793 848 1839; x_wconf 81' lang='lat' dir='ltr'>(absit</span> <span class='ocrx_word' id='word_1_286' title='bbox 864 1794 992 1830; x_wconf 80' lang='lat' dir='ltr'>verbo</span> <span class='ocrx_word' id='word_1_287' title='bbox 1008 1794 1182 1840; x_wconf 89' lang='lat' dir='ltr'>inuidia)</span> <span class='ocrx_word' id='word_1_288' title='bbox 1196 1795 1267 1843; x_wconf 87' lang='lat' dir='ltr'>qui</span> <span class='ocrx_word' id='word_1_289' title='bbox 1283 1795 1437 1831; x_wconf 82' lang='lat' dir='ltr'>viuunt</span> <span class='ocrx_word' id='word_1_290' title='bbox 1452 1795 1514 1831; x_wconf 87' lang='lat' dir='ltr'>tui</span> <span class='ocrx_word' id='word_1_291' title='bbox 1529 1795 1837 1832; x_wconf 84' lang='lat' dir='ltr'>studiosissimo</span> 
     </span>
     <span class='ocr_line' id='line_1_32' title="bbox 268 1845 1837 1898; baseline 0.002 -16"><span class='ocrx_word' id='word_1_292' title='bbox 268 1845 558 1898; x_wconf 78' lang='lat' dir='ltr'>proficiscitur.</span> <span class='ocrx_word' id='word_1_293' title='bbox 609 1846 674 1884; x_wconf 68' lang='lat' dir='ltr'>Sic</span> <span class='ocrx_word' id='word_1_294' title='bbox 703 1849 813 1884; x_wconf 84' lang='lat' dir='ltr'>enim</span> <span class='ocrx_word' id='word_1_295' title='bbox 842 1850 922 1891; x_wconf 88' lang='lat' dir='ltr'>(me</span> <span class='ocrx_word' id='word_1_296' title='bbox 950 1848 1062 1885; x_wconf 89' lang='lat' dir='ltr'>Deus</span> <span class='ocrx_word' id='word_1_297' title='bbox 1088 1849 1192 1885; x_wconf 84' lang='lat' dir='ltr'>hene</span> <span class='ocrx_word' id='word_1_298' title='bbox 1214 1852 1344 1896; x_wconf 85' lang='lat' dir='ltr'>amet)</span> <span class='ocrx_word' id='word_1_299' title='bbox 1369 1849 1569 1886; x_wconf 83' lang='lat' dir='ltr'>beneficio</span> <span class='ocrx_word' id='word_1_300' title='bbox 1591 1849 1692 1886; x_wconf 88' lang='lat' dir='ltr'>mihi</span> <span class='ocrx_word' id='word_1_301' title='bbox 1713 1848 1837 1886; x_wconf 86' lang='lat' dir='ltr'>adfici</span> 
     </span>
     <span class='ocr_line' id='line_1_33' title="bbox 269 1900 1835 1953; baseline 0.002 -16"><span class='ocrx_word' id='word_1_302' title='bbox 269 1900 480 1945; x_wconf 74' lang='lat' dir='ltr'>vide01·,et</span> <span class='ocrx_word' id='word_1_303' title='bbox 496 1901 666 1950; x_wconf 86' lang='lat' dir='ltr'>quidem</span> <span class='ocrx_word' id='word_1_304' title='bbox 682 1915 766 1939; x_wconf 92' lang='lat' dir='ltr'>non</span> <span class='ocrx_word' id='word_1_305' title='bbox 782 1902 1140 1951; x_wconf 71' lang='lat' dir='ltr'>v11151a1·i,quoties</span> <span class='ocrx_word' id='word_1_306' title='bbox 1152 1916 1245 1940; x_wconf 89' lang='lat' dir='ltr'>mea</span> <span class='ocrx_word' id='word_1_307' title='bbox 1260 1903 1398 1953; x_wconf 88' lang='lat' dir='ltr'>opella</span> <span class='ocrx_word' id='word_1_308' title='bbox 1410 1905 1473 1940; x_wconf 82' lang='lat' dir='ltr'>vti</span> <span class='ocrx_word' id='word_1_309' title='bbox 1488 1916 1572 1941; x_wconf 88' lang='lat' dir='ltr'>non</span> <span class='ocrx_word' id='word_1_310' title='bbox 1584 1903 1835 1953; x_wconf 81' lang='lat' dir='ltr'>dedignaris.</span> 
     </span>
    </p>
   </div>
   <div class='ocr_carea' id='block_1_3' title="bbox 209 1955 1837 2059">
    <p class='ocr_par' dir='ltr' id='par_1_9' title="bbox 209 1955 1837 2059">
     <span class='ocr_line' id='line_1_34' title="bbox 209 1955 1837 2008; baseline 0.002 -17"><span class='ocrx_word' id='word_1_311' title='bbox 209 1966 248 1995; x_wconf 84' lang='lat'>35</span> <span class='ocrx_word' id='word_1_312' title='bbox 324 1955 466 1992; x_wconf 87' lang='lat' dir='ltr'>Etiam</span> <span class='ocrx_word' id='word_1_313' title='bbox 488 1960 618 2004; x_wconf 83' lang='lat' dir='ltr'>atque</span> <span class='ocrx_word' id='word_1_314' title='bbox 639 1958 769 1994; x_wconf 87' lang='lat' dir='ltr'>etiam</span> <span class='ocrx_word' id='word_1_315' title='bbox 792 1957 899 1999; x_wconf 77' lang='lat' dir='ltr'>vale,</span> <span class='ocrx_word' id='word_1_316' title='bbox 928 1957 1155 1995; x_wconf 85' lang='lat' dir='ltr'>clarissime</span> <span class='ocrx_word' id='word_1_317' title='bbox 1186 1958 1372 2003; x_wconf 83' lang='lat' dir='ltr'>Erasme,</span> <span class='ocrx_word' id='word_1_318' title='bbox 1395 1958 1563 1996; x_wconf 87' lang='lat' dir='ltr'>domine</span> <span class='ocrx_word' id='word_1_319' title='bbox 1588 1962 1631 1995; x_wconf 90' lang='lat' dir='ltr'>et</span> <span class='ocrx_word' id='word_1_320' title='bbox 1659 1962 1837 2008; x_wconf 89' lang='lat' dir='ltr'>patrone</span> 
     </span>
     <span class='ocr_line' id='line_1_35' title="bbox 269 2009 622 2059; baseline 0.006 -13"><span class='ocrx_word' id='word_1_321' title='bbox 269 2009 622 2059; x_wconf 80' lang='lat' dir='ltr'>incomparabilis.</span> 
     </span>
    </p>
   </div>
   <div class='ocr_carea' id='block_1_4' title="bbox 553 2182 1544 2238">
    <p class='ocr_par' dir='ltr' id='par_1_10' title="bbox 553 2182 1544 2238">
     <span class='ocr_line' id='line_1_36' title="bbox 553 2182 1544 2238; baseline 0.003 -17.059"><span class='ocrx_word' id='word_1_322' title='bbox 553 2182 624 2205; x_wconf 76' lang='grc'><strong>2992</strong></span> <span class='ocrx_word' id='word_1_323' title='bbox 631 2185 818 2238; x_wconf 72' lang='lat'>2903290-</span> <span class='ocrx_word' id='word_1_324' title='bbox 882 2184 949 2224; x_wconf 93' lang='lat' dir='ltr'>To</span> <span class='ocrx_word' id='word_1_325' title='bbox 983 2183 1227 2224; x_wconf 72' lang='lat' dir='ltr'>BONIFAcE</span> <span class='ocrx_word' id='word_1_326' title='bbox 1261 2184 1544 2224; x_wconf 70' lang='lat' dir='ltr'>AMERBACH.</span> 
     </span>
    </p>
   </div>
   <div class='ocr_carea' id='block_1_5' title="bbox 318 2271 1787 2366">
    <p class='ocr_par' dir='ltr' id='par_1_11' title="bbox 318 2271 1787 2366">
     <span class='ocr_line' id='line_1_37' title="bbox 322 2271 1704 2316; baseline 0.003 -13"><span class='ocrx_word' id='word_1_327' title='bbox 322 2271 438 2304; x_wconf 84' lang='lat' dir='ltr'>Basle</span> <span class='ocrx_word' id='word_1_328' title='bbox 457 2271 538 2304; x_wconf 82' lang='lat' dir='ltr'>MS.</span> <span class='ocrx_word' id='word_1_329' title='bbox 561 2272 648 2305; x_wconf 76' lang='lat' dir='ltr'>AN.</span> <span class='ocrx_word' id='word_1_330' title='bbox 670 2273 747 2306; x_wconf 88' lang='grc' dir='ltr'><strong>ΙΙΙ.</strong></span> <span class='ocrx_word' id='word_1_331' title='bbox 774 2283 827 2314; x_wconf 81' lang='lat'>15.</span> <span class='ocrx_word' id='word_1_332' title='bbox 854 2283 908 2314; x_wconf 75' lang='lat'>15.</span> <span class='ocrx_word' id='word_1_333' title='bbox 1456 2273 1704 2316; x_wconf 64' lang='lat' dir='ltr'>(Freiburg.)</span> 
     </span>
     <span class='ocr_line' id='line_1_38' title="bbox 318 2320 1787 2366; baseline 0.003 -14"><span class='ocrx_word' id='word_1_334' title='bbox 318 2320 363 2360; x_wconf 79' lang='lat' dir='ltr'>Q.</span> <span class='ocrx_word' id='word_1_335' title='bbox 390 2330 443 2352; x_wconf 79' lang='lat'>12.</span> <span class='ocrx_word' id='word_1_336' title='bbox 1368 2324 1388 2356; x_wconf 83' lang='lat'>8</span> <span class='ocrx_word' id='word_1_337' title='bbox 1410 2323 1618 2366; x_wconf 81' lang='lat' dir='ltr'>February</span> <span class='ocrx_word' id='word_1_338' title='bbox 1637 2327 1787 2366; x_wconf 78' lang='lat'>&lt;1534&gt;.</span> 
     </span>
    </p>
   </div>
   <div class='ocr_carea' id='block_1_6' title="bbox 270 2403 1839 2486">
    <p class='ocr_par' dir='ltr' id='par_1_12' title="bbox 270 2403 1839 2486">
     <span class='ocr_line' id='line_1_39' title="bbox 314 2403 1839 2446; baseline 0.003 -14"><span class='ocrx_word' id='word_1_339' title='bbox 314 2403 387 2440; x_wconf 81' lang='lat' dir='ltr'>[An</span> <span class='ocrx_word' id='word_1_340' title='bbox 412 2403 564 2442; x_wconf 67' lang='lat' dir='ltr'>original</span> <span class='ocrx_word' id='word_1_341' title='bbox 591 2404 710 2439; x_wconf 65' lang='lat' dir='ltr'>letter,</span> <span class='ocrx_word' id='word_1_342' title='bbox 737 2406 945 2445; x_wconf 77' lang='lat' dir='ltr'>autograph</span> <span class='ocrx_word' id='word_1_343' title='bbox 972 2406 1212 2446; x_wconf 78' lang='lat' dir='ltr'>throughout.</span> <span class='ocrx_word' id='word_1_344' title='bbox 1263 2406 1334 2436; x_wconf 85' lang='lat' dir='ltr'>For</span> <span class='ocrx_word' id='word_1_345' title='bbox 1363 2407 1425 2437; x_wconf 83' lang='lat' dir='ltr'>the</span> <span class='ocrx_word' id='word_1_346' title='bbox 1452 2406 1642 2445; x_wconf 79' lang='lat' dir='ltr'>year-date.</span> <span class='ocrx_word' id='word_1_347' title='bbox 1670 2405 1839 2446; x_wconf 80' lang='lat' dir='ltr'>assigned</span> 
     </span>
     <span class='ocr_line' id='line_1_40' title="bbox 270 2447 686 2486; baseline 0.002 -10"><span class='ocrx_word' id='word_1_348' title='bbox 270 2457 328 2477; x_wconf 85' lang='lat' dir='ltr'>see</span> <span class='ocrx_word' id='word_1_349' title='bbox 342 2447 411 2486; x_wconf 88' lang='lat' dir='ltr'>Ep.</span> <span class='ocrx_word' id='word_1_350' title='bbox 432 2456 511 2484; x_wconf 75' lang='lat'>2901</span> <span class='ocrx_word' id='word_1_351' title='bbox 533 2448 686 2485; x_wconf 78' lang='lat' dir='ltr'>intr0d.]</span> 
     </span>
    </p>
   </div>
   <div class='ocr_carea' id='block_1_7' title="bbox 271 2521 1839 2683">
    <p class='ocr_par' dir='ltr' id='par_1_13' title="bbox 271 2521 1839 2683">
     <span class='ocr_line' id='line_1_41' title="bbox 327 2521 1839 2574; baseline 0.003 -16"><span class='ocrx_word' id='word_1_352' title='bbox 327 2521 363 2559; x_wconf 84' lang='lat' dir='ltr'>S.</span> <span class='ocrx_word' id='word_1_353' title='bbox 424 2521 533 2567; x_wconf 86' lang='lat' dir='ltr'>Quid</span> <span class='ocrx_word' id='word_1_354' title='bbox 559 2525 770 2572; x_wconf 84' lang='lat' dir='ltr'>scripseris</span> <span class='ocrx_word' id='word_1_355' title='bbox 795 2525 1081 2574; x_wconf 86' lang='lat' dir='ltr'>superioribus</span> <span class='ocrx_word' id='word_1_356' title='bbox 1102 2526 1329 2570; x_wconf 83' lang='lat' dir='ltr'>mensibus,</span> <span class='ocrx_word' id='word_1_357' title='bbox 1352 2538 1436 2562; x_wconf 88' lang='lat' dir='ltr'>non</span> <span class='ocrx_word' id='word_1_358' title='bbox 1457 2526 1640 2570; x_wconf 88' lang='lat' dir='ltr'>memini,</span> <span class='ocrx_word' id='word_1_359' title='bbox 1663 2525 1743 2562; x_wconf 88' lang='lat' dir='ltr'>nisi</span> <span class='ocrx_word' id='word_1_360' title='bbox 1764 2537 1839 2562; x_wconf 92' lang='lat' dir='ltr'>ceu</span> 
     </span>
     <span class='ocr_line' id='line_1_42' title="bbox 271 2578 1839 2629; baseline 0.002 -16"><span class='ocrx_word' id='word_1_361' title='bbox 271 2589 345 2626; x_wconf 87' lang='lat' dir='ltr'>per</span> <span class='ocrx_word' id='word_1_362' title='bbox 366 2589 574 2614; x_wconf 88' lang='lat' dir='ltr'>somnum.</span> <span class='ocrx_word' id='word_1_363' title='bbox 618 2578 729 2615; x_wconf 89' lang='lat' dir='ltr'>Illud</span> <span class='ocrx_word' id='word_1_364' title='bbox 752 2584 864 2616; x_wconf 87' lang='lat' dir='ltr'>certe</span> <span class='ocrx_word' id='word_1_365' title='bbox 880 2580 1055 2627; x_wconf 69' lang='lat' dir='ltr'>gaudeo,</span> <span class='ocrx_word' id='word_1_366' title='bbox 1073 2581 1257 2629; x_wconf 86' lang='lat' dir='ltr'>patriam</span> <span class='ocrx_word' id='word_1_367' title='bbox 1279 2592 1516 2629; x_wconf 77' lang='lat' dir='ltr'>agnoscere,</span> <span class='ocrx_word' id='word_1_368' title='bbox 1534 2592 1660 2628; x_wconf 88' lang='lat' dir='ltr'>quem</span> <span class='ocrx_word' id='word_1_369' title='bbox 1682 2579 1839 2617; x_wconf 85' lang='lat' dir='ltr'>habeat</span> 
     </span>
     <span class='ocr_line' id='line_1_43' title="bbox 271 2631 1839 2683; baseline 0.003 -16"><span class='ocrx_word' id='word_1_370' title='bbox 271 2631 532 2676; x_wconf 87' lang='lat' dir='ltr'>thesaurum,</span> <span class='ocrx_word' id='word_1_371' title='bbox 567 2636 691 2681; x_wconf 87' lang='lat' dir='ltr'>teque</span> <span class='ocrx_word' id='word_1_372' title='bbox 725 2634 782 2670; x_wconf 89' lang='lat' dir='ltr'>sic</span> <span class='ocrx_word' id='word_1_373' title='bbox 815 2647 839 2670; x_wconf 86' lang='lat' dir='ltr'>a</span> <span class='ocrx_word' id='word_1_374' title='bbox 872 2634 1050 2671; x_wconf 86' lang='lat' dir='ltr'>diuersis</span> <span class='ocrx_word' id='word_1_375' title='bbox 1084 2634 1334 2672; x_wconf 87' lang='lat' dir='ltr'>ciuitatibus</span> <span class='ocrx_word' id='word_1_376' title='bbox 1366 2634 1541 2679; x_wconf 75' lang='lat' dir='ltr'>ambiri,</span> <span class='ocrx_word' id='word_1_377' title='bbox 1578 2646 1839 2683; x_wconf 84' lang='lat' dir='ltr'>quanquam,</span> 
     </span>
    </p>
   </div>
   <div class='ocr_carea' id='block_1_8' title="bbox 595 2720 1518 2760">
    <p class='ocr_par' dir='ltr' id='par_1_14' title="bbox 595 2720 1518 2760">
     <span class='ocr_line' id='line_1_44' title="bbox 595 2720 1518 2760; baseline 0.002 -11"><span class='ocrx_word' id='word_1_378' title='bbox 595 2720 689 2750; x_wconf 74' lang='lat'>2902.</span> <span class='ocrx_word' id='word_1_379' title='bbox 719 2730 768 2760; x_wconf 83' lang='lat'>13.</span> <span class='ocrx_word' id='word_1_380' title='bbox 794 2722 960 2752; x_wconf 84' lang='lat' dir='ltr'>docentis</span> <span class='ocrx_word' id='word_1_381' title='bbox 976 2721 1058 2753; x_wconf 86' lang='lat' dir='ltr'>MS.</span> <span class='ocrx_word' id='word_1_382' title='bbox 1075 2734 1081 2752; x_wconf 93' lang='lat'>:</span> <span class='ocrx_word' id='word_1_383' title='bbox 1121 2722 1267 2752; x_wconf 72' lang='lat' dir='ltr'>correxit</span> <span class='ocrx_word' id='word_1_384' title='bbox 1285 2722 1326 2752; x_wconf 85' lang='lat' dir='ltr'>P.</span> <span class='ocrx_word' id='word_1_385' title='bbox 1345 2722 1382 2752; x_wconf 82' lang='lat' dir='ltr'>S.</span> <span class='ocrx_word' id='word_1_386' title='bbox 1403 2721 1518 2752; x_wconf 78' lang='lat' dir='ltr'>Allen.</span> 
     </span>
    </p>
   </div>
   <div class='ocr_carea' id='block_1_9' title="bbox 272 2817 1840 2992">
    <p class='ocr_par' dir='ltr' id='par_1_15' title="bbox 272 2817 1840 2992">
     <span class='ocr_line' id='line_1_45' title="bbox 316 2817 1392 2858; baseline 0.003 -11"><span class='ocrx_word' id='word_1_387' title='bbox 316 2817 410 2847; x_wconf 74' lang='lat'>2902.</span> <span class='ocrx_word' id='word_1_388' title='bbox 440 2827 489 2855; x_wconf 86' lang='lat'>15.</span> <span class='ocrx_word' id='word_1_389' title='bbox 516 2819 755 2857; x_wconf 73' lang='lat' dir='ltr'>exceperunt]</span> <span class='ocrx_word' id='word_1_390' title='bbox 792 2819 868 2849; x_wconf 77' lang='lat' dir='ltr'>The</span> <span class='ocrx_word' id='word_1_391' title='bbox 905 2820 1020 2850; x_wconf 79' lang='lat' dir='ltr'>Stras-</span> <span class='ocrx_word' id='word_1_392' title='bbox 1090 2820 1135 2850; x_wconf 77' lang='lat' dir='ltr'>cf.</span> <span class='ocrx_word' id='word_1_393' title='bbox 1156 2821 1237 2850; x_wconf 86' lang='lat' dir='ltr'>Am.</span> <span class='ocrx_word' id='word_1_394' title='bbox 1257 2820 1298 2849; x_wconf 85' lang='lat' dir='ltr'>E.</span> <span class='ocrx_word' id='word_1_395' title='bbox 1320 2829 1392 2858; x_wconf 81' lang='lat'>104.</span> 
     </span>
     <span class='ocr_line' id='line_1_46' title="bbox 272 2861 1626 2900; baseline 0.001 -9"><span class='ocrx_word' id='word_1_396' title='bbox 272 2861 391 2900; x_wconf 82' lang='lat' dir='ltr'>bourg</span> <span class='ocrx_word' id='word_1_397' title='bbox 416 2861 564 2891; x_wconf 88' lang='lat' dir='ltr'>Council</span> <span class='ocrx_word' id='word_1_398' title='bbox 593 2862 698 2891; x_wconf 77' lang='lat' dir='ltr'>made</span> <span class='ocrx_word' id='word_1_399' title='bbox 728 2863 753 2892; x_wconf 83' lang='lat' dir='ltr'>it</span> <span class='ocrx_word' id='word_1_400' title='bbox 785 2873 805 2892; x_wconf 86' lang='lat' dir='ltr'>a</span> <span class='ocrx_word' id='word_1_401' title='bbox 833 2863 1022 2894; x_wconf 87' lang='lat' dir='ltr'>condition</span> <span class='ocrx_word' id='word_1_402' title='bbox 1136 2865 1187 2893; x_wconf 79' lang='lat'>26.</span> <span class='ocrx_word' id='word_1_403' title='bbox 1214 2863 1372 2900; x_wconf 83' lang='lat' dir='ltr'>litteras]</span> <span class='ocrx_word' id='word_1_404' title='bbox 1391 2863 1465 2893; x_wconf 87' lang='lat' dir='ltr'>Not</span> <span class='ocrx_word' id='word_1_405' title='bbox 1482 2866 1626 2893; x_wconf 82' lang='lat' dir='ltr'>extant.</span> 
     </span>
     <span class='ocr_line' id='line_1_47' title="bbox 272 2904 1840 2946; baseline 0.001 -11"><span class='ocrx_word' id='word_1_406' title='bbox 272 2905 357 2935; x_wconf 85' lang='lat' dir='ltr'>that</span> <span class='ocrx_word' id='word_1_407' title='bbox 389 2904 563 2935; x_wconf 83' lang='lat' dir='ltr'>Bonifaco</span> <span class='ocrx_word' id='word_1_408' title='bbox 595 2905 726 2935; x_wconf 86' lang='lat' dir='ltr'>should</span> <span class='ocrx_word' id='word_1_409' title='bbox 758 2911 823 2936; x_wconf 79' lang='lat' dir='ltr'>not</span> <span class='ocrx_word' id='word_1_410' title='bbox 855 2917 956 2936; x_wconf 85' lang='lat' dir='ltr'>come</span> <span class='ocrx_word' id='word_1_411' title='bbox 985 2911 1024 2937; x_wconf 86' lang='lat' dir='ltr'>to</span> <span class='ocrx_word' id='word_1_412' title='bbox 1136 2916 1252 2945; x_wconf 78' lang='lat'>29—30.</span> <span class='ocrx_word' id='word_1_413' title='bbox 1280 2907 1381 2937; x_wconf 84' lang='lat' dir='ltr'>Tuus</span> <span class='ocrx_word' id='word_1_414' title='bbox 1405 2930 1411 2936; x_wconf 92' lang='lat'>.</span> <span class='ocrx_word' id='word_1_415' title='bbox 1438 2931 1443 2936; x_wconf 90' lang='lat'>.</span> <span class='ocrx_word' id='word_1_416' title='bbox 1471 2931 1476 2936; x_wconf 98' lang='lat'>.</span> <span class='ocrx_word' id='word_1_417' title='bbox 1501 2906 1624 2946; x_wconf 86' lang='lat' dir='ltr'>cupio]</span> <span class='ocrx_word' id='word_1_418' title='bbox 1651 2907 1681 2936; x_wconf 87' lang='lat' dir='ltr'><strong>A</strong></span> <span class='ocrx_word' id='word_1_419' title='bbox 1705 2905 1840 2936; x_wconf 80' lang='lat' dir='ltr'>refrain</span> 
     </span>
     <span class='ocr_line' id='line_1_48' title="bbox 274 2948 1765 2992; baseline 0.001 -15"><span class='ocrx_word' id='word_1_420' title='bbox 274 2948 376 2981; x_wconf 86' lang='lat' dir='ltr'>them</span> <span class='ocrx_word' id='word_1_421' title='bbox 401 2952 503 2981; x_wconf 86' lang='lat' dir='ltr'>‘curn</span> <span class='ocrx_word' id='word_1_422' title='bbox 526 2948 782 2980; x_wconf 75' lang='lat' dir='ltr'>Basiliensium</span> <span class='ocrx_word' id='word_1_423' title='bbox 805 2950 1022 2991; x_wconf 75' lang='lat' dir='ltr'>disgratia&#39;2</span> <span class='ocrx_word' id='word_1_424' title='bbox 1093 2950 1267 2992; x_wconf 79' lang='lat' dir='ltr'>repeated</span> <span class='ocrx_word' id='word_1_425' title='bbox 1285 2951 1322 2980; x_wconf 88' lang='lat' dir='ltr'>in</span> <span class='ocrx_word' id='word_1_426' title='bbox 1339 2950 1435 2990; x_wconf 86' lang='lat' dir='ltr'>Epp.</span> <span class='ocrx_word' id='word_1_427' title='bbox 1455 2959 1550 2989; x_wconf 76' lang='lat'>2420.</span> <span class='ocrx_word' id='word_1_428' title='bbox 1570 2959 1600 2989; x_wconf 91' lang='lat'>7,</span> <span class='ocrx_word' id='word_1_429' title='bbox 1621 2952 1717 2989; x_wconf 75' lang='lat'>2426.</span> <span class='ocrx_word' id='word_1_430' title='bbox 1734 2960 1765 2990; x_wconf 91' lang='lat'>4.</span> 
     </span>
    </p>
   </div>
  </div>
 </body>
</html>
