1966 3379
202 384 219 413 5

185 657 222 677 IO

186 931 221 960 15

183 1206 223 1227 20

184 1481 222 1510 25

185 1755 226 1786 30

187 2019 226 2049 35

186 2306 229 2337 40

189 2570 230 2601 45

239 97 319 134 294
672 95 931 134 LETTERS
962 95 1033 134 OF
1064 96 1330 135 ERASMUS
1692 97 1815 144 [1533

239 202 490 252 iampridem
521 201 775 239 satisfecerit
805 201 948 239 animo
976 213 1092 242 meo:
1126 202 1356 250 pociusque
1389 214 1484 239 vere
1515 205 1559 239 et
1589 214 1641 239 ex
1672 203 1815 240 animo

239 256 430 306 gratulor
452 257 616 306 patriae
637 255 753 305 quod
776 256 915 305 plures
937 255 1096 293 habeat
1117 268 1183 293 me
1204 260 1248 293 et
1270 255 1419 293 melius
1441 256 1492 293 de
1513 269 1556 294 se
1578 257 1751 294 meritos
1772 261 1815 294 et

240 311 294 349 ad
315 324 386 349 eos
409 311 589 348 honores
620 311 823 359 Principis
854 310 1009 347 iudicio
1036 310 1248 359 digniores
1275 323 1381 359 quos
1410 315 1458 348 tu
1488 312 1648 348 meritis
1676 313 1816 349 nescio

241 366 395 415 quibus
418 367 519 403 meis
542 378 618 416 pro
639 370 716 403 tuo
738 366 779 402 in
801 378 866 402 me
888 378 1032 402 amore
1060 365 1225 404 tribuis.
1286 365 1496 414 Equidem
1522 378 1608 403 non
1636 378 1728 403 sum
1756 367 1816 404 ita

240 433 433 458 morosus
455 425 503 457 vt
524 425 777 470 accepturus
798 432 884 457 non
905 419 1072 463 fuerim,
1094 420 1127 456 si
1148 419 1250 468 quid
1272 419 1506 468 obtigisset.
1548 419 1628 457 Sed
1651 424 1697 457 vt
1720 433 1817 458 vere

241 476 394 517 dicam,
413 479 585 512 tantum
608 475 730 512 abest
752 479 801 512 vt
822 474 924 524 quid
946 474 1197 512 ambiuerim
1220 478 1282 519 vt,
1305 475 1385 511 etsi
1407 474 1607 524 Princeps
1629 476 1715 524 ipse
1733 488 1816 512 non

243 530 380 567 multo
402 535 530 567 antea
552 543 669 580 spem
693 529 808 568 haud
836 541 1053 578 quaquam
1083 528 1242 566 nudam
1271 528 1477 566 euehendi
1506 531 1587 566 mei
1616 529 1815 573 dedisset,

242 598 379 634 neque
401 589 545 622 tamen
569 586 683 634 prius
704 597 770 622 me
798 584 853 621 ad
877 584 1019 621 aulam
1049 583 1300 621 contulerim
1329 596 1457 633 quam
1486 584 1684 621 omnibus
1709 597 1817 633 quae

243 644 345 677 tunc
385 639 441 677 ad
482 652 657 677 manum
697 643 819 677 erant
859 638 1114 683 distributis,
1147 642 1191 675 et
1224 639 1382 676 amicos
1414 639 1486 688 qui
1521 644 1613 676 tum
1647 639 1687 676 in
1718 639 1817 676 aula

243 694 345 731 mihi
366 694 574 732 fauebant
595 694 724 732 semel
746 699 877 743 atquc
899 695 1052 730 iterum
1077 706 1148 743 per
1169 693 1314 731 literas
1330 693 1637 737 admonuerim,
1661 706 1712 730 ne
1734 706 1818 743 quo

242 749 370 787 modo
398 762 492 787 mea
520 762 648 787 causa
677 749 863 798 Principi
894 748 1061 785 molesti
1086 752 1239 785 essent.
1301 748 1469 797 Alioqui
1502 761 1576 785 nec
1608 749 1649 785 in
1680 747 1818 786 Gallia

241 808 444 853 negatum
466 804 630 849 fuisset,
654 805 687 841 si
709 803 811 853 quid
836 804 1061 852 petiissem.
1124 802 1180 840 Et
1206 804 1246 839 in
1277 803 1497 850 Hungaria
1524 804 1817 853 episcopatum

244 859 356 896 vltro
382 859 577 896 oblatum
606 858 784 907 neglexi.
845 858 955 903 Quin
984 862 1027 895 ct
1056 857 1292 895 hereditate
1323 870 1432 907 quae
1463 871 1487 894 a
1518 859 1652 907 patris
1683 863 1819 895 morte

242 926 325 951 non
361 926 532 963 prorsus
567 914 715 962 vtique
749 912 1060 950 contemnenda
1092 912 1326 950 obuenerat
1358 914 1459 949 cessi
1490 912 1707 957 fratribus,
1741 912 1818 949 hoc

243 968 332 1006 solo
353 968 522 1006 abunde
545 973 774 1006 contentus
796 967 911 1016 quod
932 980 953 1004 e
975 967 1225 1004 sacerdociis
1247 968 1456 1016 prouenit.
1500 967 1714 1016 Planeque
1737 969 1819 1004 iam

242 1022 393 1061 Cresus
414 1036 530 1061 eram
552 1023 726 1060 futurus
744 1023 823 1059 nisi
842 1022 1048 1071 Vngarica
1067 1022 1169 1059 haec
1192 1022 1382 1071 tragedia
1400 1023 1441 1059 in
1459 1035 1586 1071 quam
1606 1035 1671 1059 mc
1688 1022 1821 1059 frater

243 1079 384 1116 nescio
401 1091 486 1128 quo
504 1082 631 1128 pacto
648 1082 930 1127 pertraxerat,
948 1081 1120 1114 tantum
1135 1076 1443 1126 absumpsisset
1457 1081 1668 1126 quantum
1687 1076 1821 1126 pudet

243 1134 403 1178 dicere;
455 1137 504 1170 vt
544 1132 670 1170 michi
710 1131 1020 1182 propemodum
1061 1131 1250 1169 curanda
1289 1131 1431 1169 denuo
1470 1131 1629 1169 fuerint
1665 1132 1819 1168 omnia.

244 1188 430 1225 Patruus
451 1200 570 1225 meus
591 1200 676 1236 quo
698 1187 740 1224 in
763 1191 805 1224 te
827 1186 957 1224 fucrit
983 1187 1125 1224 animo
1153 1187 1333 1236 ipsemet
1361 1187 1444 1224 iam
1477 1187 1559 1224 iam
1590 1187 1821 1223 moriturus

242 1243 498 1287 declarauit;
522 1243 594 1291 qui
608 1246 750 1292 preter
764 1241 1234 1279 honorificentissimam
1249 1242 1312 1278 tui
1327 1242 1586 1279 mentionem
1601 1241 1820 1285 annulum,

243 1310 370 1347 quem
392 1297 472 1334 tibi
494 1298 634 1342 mitto,
657 1310 682 1334 a
704 1309 746 1334 se
767 1299 976 1346 perpetuo
996 1297 1154 1345 gestari
1175 1296 1349 1334 solitum
1372 1297 1450 1333 tibi
1474 1296 1643 1345 legauit,
1660 1296 1822 1344 reliqua

244 1353 495 1402 permittens
525 1352 703 1389 arbitrio
730 1364 834 1389 meo.
896 1350 984 1388 Nec
1012 1350 1139 1388 aliam
1168 1351 1353 1388 arbitror
1380 1351 1509 1388 fuisse
1537 1363 1709 1388 causam
1732 1355 1821 1387 tam

243 1407 436 1444 diuturni
472 1408 604 1456 ipsius
640 1406 797 1443 silentii
829 1419 959 1455 quam
990 1405 1229 1443 absentiam
1262 1419 1425 1447 meam:
1458 1406 1530 1455 qui
1562 1410 1610 1442 vt
1641 1405 1695 1442 ab
1727 1405 1822 1442 hinc

243 1462 633 1511 quadri[g]ennium
664 1474 731 1498 me
762 1461 885 1498 fratri
914 1460 1209 1505 adiunxeram,
1231 1473 1280 1498 ac
1312 1461 1483 1498 demum
1517 1461 1557 1498 in
1594 1460 1823 1509 Vngariam

243 1516 522 1561 contuleram,
555 1517 616 1553 ita
651 1516 850 1565 deinceps
886 1528 960 1565 per
992 1516 1164 1565 negotia
1192 1528 1276 1553 non
1308 1516 1429 1565 potui
1457 1515 1570 1552 illius
1598 1518 1820 1552 consuetu-

244 1571 343 1609 dine
372 1572 479 1612 fruiz
512 1583 663 1620 meque
691 1571 868 1608 absente
898 1575 1094 1608 mortuus
1121 1574 1198 1615 est,
1229 1574 1277 1608 vt
1304 1583 1381 1617 ego
1409 1583 1509 1608 sane
1538 1570 1609 1607 vix
1639 1570 1823 1619 optarim

246 1627 352 1664 mori
385 1626 560 1663 felicius.
621 1625 703 1663 Sed
731 1638 845 1663 nunc
874 1625 1000 1662 nimis
1031 1624 1203 1674 longum
1234 1624 1363 1662 fuerit
1394 1637 1608 1662 recensere
1641 1637 1749 1674 quae
1781 1625 1823 1661 in

245 1685 383 1719 morte
405 1682 548 1730 egerit.
611 1680 794 1718 Posthac
816 1693 891 1730 per
911 1681 1050 1717 ocium
1073 1679 1115 1717 id
1138 1679 1283 1717 licebit
1303 1679 1579 1717 commodius

302 1735 425 1782 Quod
447 1735 502 1773 ad
524 1735 829 1773 bibliothecam
851 1735 1031 1779 adtinet,
1054 1734 1162 1772 adeo
1182 1747 1250 1772 me
1272 1747 1356 1772 non
1377 1735 1542 1784 penitet
1563 1738 1822 1777 contractus,

246 1792 303 1828 mi
332 1791 518 1835 Erasme,
548 1794 597 1827 vt
629 1790 707 1827 hoc
737 1791 907 1827 nomine
937 1789 1041 1827 mihi
1071 1789 1174 1827 felix
1205 1790 1377 1827 omnino
1408 1789 1565 1834 videar,
1588 1788 1703 1838 quod
1734 1793 1824 1826 tam

246 1846 481 1896 preciosam
503 1858 597 1882 sum
615 1845 841 1882 habiturus
858 1843 1195 1894 suppellectilem
1212 1858 1220 1890 ;
1252 1857 1361 1894 quae
1379 1844 1481 1881 mihi
1499 1856 1662 1894 semper
1678 1843 1825 1881 futura

247 1905 312 1938 cst
352 1897 519 1938 summi
542 1900 733 1937 thesauri
768 1900 871 1937 vice.
931 1898 1158 1937 Caeterum
1194 1899 1310 1948 quod
1343 1899 1394 1936 de
1430 1899 1626 1936 ducentis
1658 1898 1825 1936 ducatis

249 1955 392 1992 dicato
428 1955 653 1992 Ambrosio
689 1953 955 2004 imputandis
991 1954 1150 1999 scribis,
1186 1953 1529 2004 predicandaque
1563 1953 1826 2002 benignitate

249 2023 353 2055 mea,
377 2010 574 2059 equidem
597 2009 786 2059 intelligo
807 2009 911 2047 mihi
933 2008 1037 2046 nihil
1059 2021 1182 2059 posse
1208 2009 1451 2058 contingere
1480 2007 1826 2046 honorificentius

248 2078 376 2114 quam
392 2078 416 2102 3
434 2068 559 2102 tanto
576 2065 667 2102 viro
681 2063 901 2114 predicari,
917 2076 1042 2113 quem
1057 2076 1221 2113 semper
1237 2063 1501 2101 admiratura
1515 2064 1570 2100 sit
1586 2063 1824 2112 posteritas,

248 2119 438 2168 nihilque
478 2119 660 2168 denique
700 2119 863 2168 gratius
898 2131 1026 2167 quam
1063 2131 1088 2156 a
1127 2118 1428 2168 probatissimo
1468 2118 1657 2155 omnium
1693 2118 1825 2155 eciam

248 2174 510 2211 aemolorum
546 2174 719 2211 calculis
754 2174 846 2211 viro
879 2173 1062 2223 probari,
1100 2173 1228 2210 modo
1261 2173 1364 2222 quid
1398 2174 1439 2210 in
1474 2186 1541 2210 me
1575 2173 1705 2209 situm
1737 2184 1826 2209 esse

249 2229 438 2266 viderem
473 2229 648 2278 dignum
681 2229 767 2266 tuis
800 2229 1021 2278 presertim
1054 2227 1267 2265 laudibus.
1329 2227 1409 2266 Sed
1443 2240 1580 2277 neque
1613 2239 1706 2277 spes
1740 2225 1827 2263 vlla

249 2283 521 2333 praedicandi
546 2284 729 2321 nominis
755 2287 832 2320 aut
861 2283 1137 2332 benignitatis
1162 2295 1291 2328 meae,
1319 2295 1456 2332 neque
1483 2283 1711 2332 quicquam
1739 2293 1824 2318 om-

249 2339 349 2375 nino
369 2338 487 2376 aliud
504 2342 677 2376 tantum
695 2338 813 2375 valet
833 2337 949 2387 apud
972 2350 1050 2383 me,
1068 2339 1125 2375 mi
1147 2337 1334 2383 Erasme,
1350 2342 1562 2387 quantum
1580 2336 1827 2374 humanitas

249 2393 321 2430 illa
351 2397 439 2437 tua,
469 2405 554 2442 qua
579 2405 658 2438 me,
685 2405 818 2442 quum
847 2397 988 2430 tecum
1015 2405 1162 2437 essem,
1185 2405 1233 2430 ac
1261 2392 1473 2442 deinceps,
1496 2404 1660 2441 semper
1687 2403 1825 2440 prose-

250 2452 375 2485 cutus
405 2460 460 2492 es,
493 2451 541 2484 vt
572 2447 630 2484 illi
661 2449 733 2484 vix
766 2460 955 2496 vnquam
987 2447 1090 2485 mihi
1121 2446 1267 2484 videar
1298 2448 1418 2496 paria
1450 2459 1571 2497 posse
1603 2446 1752 2489 facere,
1784 2449 1827 2482 et

250 2515 359 2551 quae
382 2515 447 2539 me
469 2503 531 2539 ita
552 2502 676 2551 plane
700 2503 843 2552 rapuit
864 2503 905 2539 in
928 2515 1115 2540 amorem
1137 2502 1202 2539 tui
1223 2506 1285 2547 vt,
1308 2501 1423 2551 quod
1445 2501 1545 2539 olim
1566 2514 1640 2551 per
1661 2500 1827 2538 litteras

251 2557 331 2594 tibi
368 2570 460 2594 sum
498 2557 726 2606 pollicitus,
762 2558 840 2594 sim
873 2557 916 2594 id
956 2557 1300 2594 constantissime
1340 2569 1504 2606 semper
1543 2559 1825 2606 prestaturus.

251 2611 399 2661 Neque
421 2612 650 2661 quicquam
673 2613 807 2662 possis
829 2612 931 2649 mihi
953 2612 1091 2649 facere
1116 2612 1278 2661 gratius
1306 2624 1434 2661 quam
1463 2612 1496 2649 si
1524 2624 1591 2648 me
1616 2610 1827 2659 rebusque

251 2679 299 2704 ac
335 2666 520 2704 fortunis
560 2667 663 2703 meis
704 2679 788 2704 non
829 2679 948 2704 secus
988 2667 1122 2704 vtaris
1162 2679 1291 2716 quam
1332 2667 1429 2704 tuis.
1489 2665 1631 2715 Atque
1663 2665 1736 2709 ita,
1770 2664 1828 2701 mi

300 2801 350 2831 13.
377 2793 1006 2833 episcopatum]Daltonrefersthis
1120 2803 1172 2823 21.
1199 2793 1393 2830 annulum]
1439 2793 1469 2823 A
1513 2791 1688 2832 sapphire
1734 2790 1826 2830 ring,

253 2840 293 2866 to
328 2837 392 2866 the
430 2836 614 2876 bishopric
650 2837 687 2867 of
722 2837 905 2877 Vesprim.
942 2837 1006 2867 the
1075 2836 1314 2867 enumerated
1347 2837 1382 2867 in
1412 2837 1475 2867 the
1501 2836 1562 2866 list
1586 2836 1624 2866 of
1649 2835 1705 2865 his
1730 2835 1828 2874 rings

254 2890 432 2910 revenues
463 2880 501 2910 of
532 2880 650 2910 which
679 2890 773 2911 were
801 2881 938 2911 offered
967 2885 1007 2911 to
1074 2881 1148 2911 and
1173 2881 1313 2911 monies
1334 2880 1441 2910 made
1465 2880 1515 2920 by
1535 2879 1711 2910 Erasmus
1735 2878 1826 2908 him-

252 2924 353 2954 John
382 2924 492 2954 Laski
521 2924 570 2964 by
599 2924 772 2965 Zapolya.
798 2925 869 2955 but
896 2925 1007 2955 Laski
1076 2924 1143 2955 sels
1161 2925 1197 2954 in
1216 2924 1319 2964 April
1341 2932 1435 2963 1534,
1450 2934 1509 2954 see
1523 2923 1698 2954 Bodleian
1715 2922 1827 2959 Quar-

255 2977 366 2998 never
383 2967 480 2998 drew
500 2968 615 2998 thern.
1075 2969 1161 3008 terly
1178 2968 1320 3003 Record,
1340 2969 1375 3004 ii,
1398 2968 1493 3004 1018,
1511 2977 1574 3008 pp.
1596 2976 1712 3007 143—4.
