<?xml version="1.0" encoding="UTF-8"?>
<!DOCTYPE html PUBLIC "-//W3C//DTD XHTML 1.0 Transitional//EN"
    "http://www.w3.org/TR/xhtml1/DTD/xhtml1-transitional.dtd">
<html xmlns="http://www.w3.org/1999/xhtml" xml:lang="en" lang="en">
 <head>
  <title>
</title>
<meta http-equiv="Content-Type" content="text/html;charset=utf-8" />
  <meta name='ocr-system' content='tesseract 3.04.00' />
  <meta name='ocr-capabilities' content='ocr_page ocr_carea ocr_par ocr_line ocrx_word'/>
</head>
<body>
  <div class='ocr_page' id='page_1' title='image "./opusepistolarum10eras_0349.png"; bbox 0 0 1966 3379; ppageno 0'>
   <div class='ocr_carea' id='block_1_1' title="bbox 132 110 1691 166">
    <p class='ocr_par' dir='ltr' id='par_1_1' title="bbox 132 110 1691 166">
     <span class='ocr_line' id='line_1_1' title="bbox 132 110 1691 166; baseline -0.004 -12"><span class='ocrx_word' id='word_1_1' title='bbox 132 117 252 166; x_wconf 68' lang='lat'><strong>2874]</strong></span> <span class='ocrx_word' id='word_1_2' title='bbox 639 113 710 152; x_wconf 85' lang='lat' dir='ltr'>To</span> <span class='ocrx_word' id='word_1_3' title='bbox 739 112 950 152; x_wconf 80' lang='lat' dir='ltr'><strong>JUSTUS</strong></span> <span class='ocrx_word' id='word_1_4' title='bbox 981 111 1188 150; x_wconf 80' lang='lat' dir='ltr'><strong>DECIUS</strong></span> <span class='ocrx_word' id='word_1_5' title='bbox 1613 110 1691 148; x_wconf 88' lang='lat'>313</span> 
     </span>
    </p>
   </div>
   <div class='ocr_carea' id='block_1_2' title="bbox 125 214 1693 2284">
    <p class='ocr_par' dir='ltr' id='par_1_2' title="bbox 125 214 1693 2284">
     <span class='ocr_line' id='line_1_2' title="bbox 133 214 1688 268; baseline -0.004 -11"><span class='ocrx_word' id='word_1_6' title='bbox 133 219 269 257; x_wconf 89' lang='lat' dir='ltr'>Mouit</span> <span class='ocrx_word' id='word_1_7' title='bbox 296 222 437 268; x_wconf 89' lang='lat' dir='ltr'>caput.</span> <span class='ocrx_word' id='word_1_8' title='bbox 498 218 722 255; x_wconf 88' lang='lat' dir='ltr'>Praeterea</span> <span class='ocrx_word' id='word_1_9' title='bbox 750 217 1021 254; x_wconf 87' lang='lat' dir='ltr'>Franciscum</span> <span class='ocrx_word' id='word_1_10' title='bbox 1052 214 1246 264; x_wconf 83' lang='lat' dir='ltr'>Syluium</span> <span class='ocrx_word' id='word_1_11' title='bbox 1275 215 1454 251; x_wconf 89' lang='lat' dir='ltr'>Louanii</span> <span class='ocrx_word' id='word_1_12' title='bbox 1485 214 1688 251; x_wconf 81' lang='lat' dir='ltr'>videram.</span> 
     </span>
     <span class='ocr_line' id='line_1_3' title="bbox 133 269 1690 322; baseline -0.003 -11"><span class='ocrx_word' id='word_1_13' title='bbox 133 273 330 322; x_wconf 79' lang='lat' dir='ltr'>Vterque,</span> <span class='ocrx_word' id='word_1_14' title='bbox 367 273 506 321; x_wconf 90' lang='lat' dir='ltr'>inquit</span> <span class='ocrx_word' id='word_1_15' title='bbox 546 271 784 321; x_wconf 82' lang='lat' dir='ltr'>Longolius,</span> <span class='ocrx_word' id='word_1_16' title='bbox 822 270 992 308; x_wconf 86' lang='lat' dir='ltr'>vetulus</span> <span class='ocrx_word' id='word_1_17' title='bbox 1027 274 1116 309; x_wconf 86' lang='lat' dir='ltr'>est:</span> <span class='ocrx_word' id='word_1_18' title='bbox 1159 269 1225 306; x_wconf 92' lang='lat' dir='ltr'>hic</span> <span class='ocrx_word' id='word_1_19' title='bbox 1260 269 1311 306; x_wconf 91' lang='lat' dir='ltr'>de</span> <span class='ocrx_word' id='word_1_20' title='bbox 1347 281 1430 317; x_wconf 88' lang='lat' dir='ltr'>quo</span> <span class='ocrx_word' id='word_1_21' title='bbox 1465 273 1690 317; x_wconf 86' lang='lat' dir='ltr'>percontor</span> 
     </span>
     <span class='ocr_line' id='line_1_4' title="bbox 132 322 1689 377; baseline -0.004 -12"><span class='ocrx_word' id='word_1_22' title='bbox 132 327 433 377; x_wconf 76' lang='lat' dir='ltr'>septemdecim</span> <span class='ocrx_word' id='word_1_23' title='bbox 468 330 544 363; x_wconf 90' lang='lat' dir='ltr'>aut</span> <span class='ocrx_word' id='word_1_24' title='bbox 579 326 813 364; x_wconf 77' lang='lat' dir='ltr'>octodecim</span> <span class='ocrx_word' id='word_1_25' title='bbox 849 329 941 362; x_wconf 89' lang='lat' dir='ltr'>erat</span> <span class='ocrx_word' id='word_1_26' title='bbox 976 336 1195 361; x_wconf 89' lang='lat' dir='ltr'>annorum.</span> <span class='ocrx_word' id='word_1_27' title='bbox 1252 322 1390 368; x_wconf 83' lang='lat' dir='ltr'>Quum</span> <span class='ocrx_word' id='word_1_28' title='bbox 1425 323 1589 360; x_wconf 76' lang='lat' dir='ltr'>videret</span> <span class='ocrx_word' id='word_1_29' title='bbox 1623 336 1689 360; x_wconf 91' lang='lat' dir='ltr'>me</span> 
     </span>
     <span class='ocr_line' id='line_1_5' title="bbox 132 377 1688 429; baseline -0.004 -10"><span class='ocrx_word' id='word_1_30' title='bbox 132 395 216 419; x_wconf 88' lang='lat' dir='ltr'>non</span> <span class='ocrx_word' id='word_1_31' title='bbox 237 381 367 419; x_wconf 90' lang='lat' dir='ltr'>alium</span> <span class='ocrx_word' id='word_1_32' title='bbox 393 393 514 418; x_wconf 88' lang='lat' dir='ltr'>nosse</span> <span class='ocrx_word' id='word_1_33' title='bbox 542 380 746 429; x_wconf 78' lang='lat' dir='ltr'>Syluium,</span> <span class='ocrx_word' id='word_1_34' title='bbox 775 380 949 429; x_wconf 79' lang='lat' dir='ltr'>exponit</span> <span class='ocrx_word' id='word_1_35' title='bbox 977 391 1064 415; x_wconf 90' lang='lat' dir='ltr'>rem</span> <span class='ocrx_word' id='word_1_36' title='bbox 1092 377 1217 427; x_wconf 86' lang='lat' dir='ltr'>plane</span> <span class='ocrx_word' id='word_1_37' title='bbox 1245 377 1442 414; x_wconf 84' lang='lat' dir='ltr'>iocularis</span> <span class='ocrx_word' id='word_1_38' title='bbox 1473 377 1688 422; x_wconf 76' lang='lat' dir='ltr'>audaciae,</span> 
     </span>
     <span class='ocr_line' id='line_1_6' title="bbox 132 432 1690 480; baseline -0.004 -7"><span class='ocrx_word' id='word_1_39' title='bbox 132 440 180 473; x_wconf 86' lang='lat' dir='ltr'>vt</span> <span class='ocrx_word' id='word_1_40' title='bbox 219 437 280 473; x_wconf 89' lang='lat' dir='ltr'>ait</span> <span class='ocrx_word' id='word_1_41' title='bbox 319 435 525 473; x_wconf 90' lang='lat' dir='ltr'>Comicus.</span> <span class='ocrx_word' id='word_1_42' title='bbox 576 435 760 472; x_wconf 84' lang='lat' dir='ltr'>Venerat</span> <span class='ocrx_word' id='word_1_43' title='bbox 800 434 982 471; x_wconf 86' lang='lat' dir='ltr'>Romam</span> <span class='ocrx_word' id='word_1_44' title='bbox 1018 432 1273 476; x_wconf 76' lang='lat' dir='ltr'>aclolescenS‚</span> <span class='ocrx_word' id='word_1_45' title='bbox 1310 432 1381 480; x_wconf 91' lang='lat' dir='ltr'>qui</span> <span class='ocrx_word' id='word_1_46' title='bbox 1417 444 1458 468; x_wconf 91' lang='lat' dir='ltr'>se</span> <span class='ocrx_word' id='word_1_47' title='bbox 1493 432 1605 476; x_wconf 84' lang='lat' dir='ltr'>ficto,</span> <span class='ocrx_word' id='word_1_48' title='bbox 1642 436 1690 468; x_wconf 78' lang='lat' dir='ltr'>vt</span> 
     </span>
     <span class='ocr_line' id='line_1_7' title="bbox 132 485 1687 540; baseline -0.004 -13"><span class='ocrx_word' id='word_1_49' title='bbox 132 491 333 540; x_wconf 87' lang='lat' dir='ltr'>suspicor,</span> <span class='ocrx_word' id='word_1_50' title='bbox 365 490 534 527; x_wconf 90' lang='lat' dir='ltr'>nomine</span> <span class='ocrx_word' id='word_1_51' title='bbox 564 488 757 538; x_wconf 82' lang='lat' dir='ltr'>Syluium</span> <span class='ocrx_word' id='word_1_52' title='bbox 785 487 1043 537; x_wconf 85' lang='lat' dir='ltr'>appellabat,</span> <span class='ocrx_word' id='word_1_53' title='bbox 1072 486 1253 535; x_wconf 82' lang='lat' dir='ltr'>elapsus,</span> <span class='ocrx_word' id='word_1_54' title='bbox 1283 490 1331 522; x_wconf 82' lang='lat' dir='ltr'>vt</span> <span class='ocrx_word' id='word_1_55' title='bbox 1359 486 1501 523; x_wconf 89' lang='lat' dir='ltr'>aiebat</span> <span class='ocrx_word' id='word_1_56' title='bbox 1529 485 1687 534; x_wconf 80' lang='lat' dir='ltr'>Longo-</span> 
     </span>
     <span class='ocr_line' id='line_1_8' title="bbox 130 540 1689 590; baseline -0.004 -8"><span class='ocrx_word' id='word_1_57' title='bbox 130 544 221 589; x_wconf 89' lang='lat' dir='ltr'>lius,</span> <span class='ocrx_word' id='word_1_58' title='bbox 244 557 266 581; x_wconf 91' lang='lat' dir='ltr'>e</span> <span class='ocrx_word' id='word_1_59' title='bbox 287 544 566 582; x_wconf 88' lang='lat' dir='ltr'>contubernio</span> <span class='ocrx_word' id='word_1_60' title='bbox 586 543 972 581; x_wconf 88' lang='lat' dir='ltr'>Benedictinorum.</span> <span class='ocrx_word' id='word_1_61' title='bbox 1022 541 1256 590; x_wconf 84' lang='lat' dir='ltr'>Acceperat</span> <span class='ocrx_word' id='word_1_62' title='bbox 1281 540 1383 577; x_wconf 90' lang='lat' dir='ltr'>mihi</span> <span class='ocrx_word' id='word_1_63' title='bbox 1408 540 1689 577; x_wconf 71' lang='lat' dir='ltr'>arctissimam</span> 
     </span>
     <span class='ocr_line' id='line_1_9' title="bbox 130 594 1688 643; baseline -0.004 -7"><span class='ocrx_word' id='word_1_64' title='bbox 130 611 218 636; x_wconf 83' lang='lat' dir='ltr'>esse</span> <span class='ocrx_word' id='word_1_65' title='bbox 249 598 599 636; x_wconf 81' lang='lat' dir='ltr'>necessitudinem</span> <span class='ocrx_word' id='word_1_66' title='bbox 631 611 725 635; x_wconf 88' lang='lat' dir='ltr'>cum</span> <span class='ocrx_word' id='word_1_67' title='bbox 755 596 888 634; x_wconf 90' lang='lat' dir='ltr'>Paulo</span> <span class='ocrx_word' id='word_1_68' title='bbox 913 595 1152 639; x_wconf 88' lang='lat' dir='ltr'>Bombasio,</span> <span class='ocrx_word' id='word_1_69' title='bbox 1180 607 1264 643; x_wconf 92' lang='lat' dir='ltr'>quo</span> <span class='ocrx_word' id='word_1_70' title='bbox 1292 595 1502 632; x_wconf 89' lang='lat' dir='ltr'>neminem</span> <span class='ocrx_word' id='word_1_71' title='bbox 1531 594 1688 631; x_wconf 88' lang='lat' dir='ltr'>Italum</span> 
     </span>
     <span class='ocr_line' id='line_1_10' title="bbox 130 649 1687 702; baseline -0.004 -12"><span class='ocrx_word' id='word_1_72' title='bbox 130 657 331 702; x_wconf 88' lang='lat' dir='ltr'>expertus</span> <span class='ocrx_word' id='word_1_73' title='bbox 352 666 445 690; x_wconf 86' lang='lat' dir='ltr'>sum</span> <span class='ocrx_word' id='word_1_74' title='bbox 463 653 627 702; x_wconf 82' lang='lat' dir='ltr'>ingenio</span> <span class='ocrx_word' id='word_1_75' title='bbox 644 651 896 689; x_wconf 80' lang='lat' dir='ltr'>candidiore.</span> <span class='ocrx_word' id='word_1_76' title='bbox 946 649 1143 687; x_wconf 81' lang='lat' dir='ltr'>Senserat</span> <span class='ocrx_word' id='word_1_77' title='bbox 1165 649 1316 686; x_wconf 87' lang='lat' dir='ltr'>Leonis</span> <span class='ocrx_word' id='word_1_78' title='bbox 1333 649 1494 686; x_wconf 88' lang='lat' dir='ltr'>Decimi</span> <span class='ocrx_word' id='word_1_79' title='bbox 1512 661 1687 698; x_wconf 90' lang='lat' dir='ltr'>propen-</span> 
     </span>
     <span class='ocr_line' id='line_1_11' title="bbox 133 703 1689 755; baseline -0.003 -11"><span class='ocrx_word' id='word_1_80' title='bbox 133 720 225 744; x_wconf 91' lang='lat' dir='ltr'>sum</span> <span class='ocrx_word' id='word_1_81' title='bbox 262 708 304 744; x_wconf 87' lang='lat' dir='ltr'>in</span> <span class='ocrx_word' id='word_1_82' title='bbox 340 720 405 744; x_wconf 87' lang='lat' dir='ltr'>me</span> <span class='ocrx_word' id='word_1_83' title='bbox 439 707 643 752; x_wconf 81' lang='lat' dir='ltr'>fauorem,</span> <span class='ocrx_word' id='word_1_84' title='bbox 677 719 761 755; x_wconf 94' lang='lat' dir='ltr'>quo</span> <span class='ocrx_word' id='word_1_85' title='bbox 794 706 957 742; x_wconf 91' lang='lat' dir='ltr'>vtinam</span> <span class='ocrx_word' id='word_1_86' title='bbox 989 704 1161 741; x_wconf 84' lang='lat' dir='ltr'>fuissem</span> <span class='ocrx_word' id='word_1_87' title='bbox 1195 703 1413 741; x_wconf 86' lang='lat' dir='ltr'>dexterius</span> <span class='ocrx_word' id='word_1_88' title='bbox 1446 716 1557 740; x_wconf 83' lang='lat' dir='ltr'>vsus.</span> <span class='ocrx_word' id='word_1_89' title='bbox 1610 703 1689 740; x_wconf 89' lang='lat' dir='ltr'>Hie</span> 
     </span>
     <span class='ocr_line' id='line_1_12' title="bbox 131 758 1689 811; baseline -0.004 -12"><span class='ocrx_word' id='word_1_90' title='bbox 131 760 301 810; x_wconf 82' lang='lat' dir='ltr'>Syluius</span> <span class='ocrx_word' id='word_1_91' title='bbox 323 761 525 811; x_wconf 80' lang='lat' dir='ltr'>confingit</span> <span class='ocrx_word' id='word_1_92' title='bbox 546 761 651 799; x_wconf 88' lang='lat' dir='ltr'>duas</span> <span class='ocrx_word' id='word_1_93' title='bbox 672 759 874 810; x_wconf 81' lang='lat' dir='ltr'>epistolas</span> <span class='ocrx_word' id='word_1_94' title='bbox 902 764 1109 807; x_wconf 82' lang='lat' dir='ltr'>tanquam</span> <span class='ocrx_word' id='word_1_95' title='bbox 1137 771 1162 795; x_wconf 89' lang='lat' dir='ltr'>a</span> <span class='ocrx_word' id='word_1_96' title='bbox 1190 771 1256 795; x_wconf 90' lang='lat' dir='ltr'>me</span> <span class='ocrx_word' id='word_1_97' title='bbox 1284 758 1463 807; x_wconf 85' lang='lat' dir='ltr'>scriptas</span> <span class='ocrx_word' id='word_1_98' title='bbox 1492 758 1533 794; x_wconf 89' lang='lat' dir='ltr'>in</span> <span class='ocrx_word' id='word_1_99' title='bbox 1560 758 1689 806; x_wconf 76' lang='lat' dir='ltr'>ipsius</span> 
     </span>
     <span class='ocr_line' id='line_1_13' title="bbox 129 812 1687 861; baseline -0.004 -7"><span class='ocrx_word' id='word_1_100' title='bbox 129 816 555 861; x_wconf 84' lang='lat' dir='ltr'>commendationem,</span> <span class='ocrx_word' id='word_1_101' title='bbox 587 816 765 853; x_wconf 89' lang='lat' dir='ltr'>alteram</span> <span class='ocrx_word' id='word_1_102' title='bbox 796 814 849 851; x_wconf 90' lang='lat' dir='ltr'>ad</span> <span class='ocrx_word' id='word_1_103' title='bbox 881 813 1170 857; x_wconf 86' lang='lat' dir='ltr'>Bombasium,</span> <span class='ocrx_word' id='word_1_104' title='bbox 1201 812 1380 850; x_wconf 88' lang='lat' dir='ltr'>alteram</span> <span class='ocrx_word' id='word_1_105' title='bbox 1409 812 1463 849; x_wconf 88' lang='lat' dir='ltr'>ad</span> <span class='ocrx_word' id='word_1_106' title='bbox 1492 812 1687 849; x_wconf 86' lang='lat' dir='ltr'>Leonem.</span> 
     </span>
     <span class='ocr_line' id='line_1_14' title="bbox 130 866 1689 920; baseline -0.003 -12"><span class='ocrx_word' id='word_1_107' title='bbox 130 870 356 908; x_wconf 85' lang='lat' dir='ltr'>Bombasio</span> <span class='ocrx_word' id='word_1_108' title='bbox 378 870 499 908; x_wconf 87' lang='lat' dir='ltr'>facile</span> <span class='ocrx_word' id='word_1_109' title='bbox 521 871 736 920; x_wconf 82' lang='lat' dir='ltr'>imposuit,</span> <span class='ocrx_word' id='word_1_110' title='bbox 759 869 919 906; x_wconf 90' lang='lat' dir='ltr'>homini</span> <span class='ocrx_word' id='word_1_111' title='bbox 940 868 1111 905; x_wconf 90' lang='lat' dir='ltr'>minime</span> <span class='ocrx_word' id='word_1_112' title='bbox 1133 868 1374 916; x_wconf 87' lang='lat' dir='ltr'>suspicioso,</span> <span class='ocrx_word' id='word_1_113' title='bbox 1398 872 1489 908; x_wconf 88' lang='lat' dir='ltr'>tum</span> <span class='ocrx_word' id='word_1_114' title='bbox 1512 866 1615 903; x_wconf 87' lang='lat' dir='ltr'>mihi</span> <span class='ocrx_word' id='word_1_115' title='bbox 1633 867 1689 903; x_wconf 87' lang='lat' dir='ltr'>sie</span> 
     </span>
     <span class='ocr_line' id='line_1_15' title="bbox 129 921 1690 974; baseline -0.003 -12"><span class='ocrx_word' id='word_1_116' title='bbox 129 926 263 962; x_wconf 89' lang='lat' dir='ltr'>amico</span> <span class='ocrx_word' id='word_1_117' title='bbox 294 930 355 968; x_wconf 85' lang='lat' dir='ltr'>vt,</span> <span class='ocrx_word' id='word_1_118' title='bbox 387 926 420 962; x_wconf 91' lang='lat' dir='ltr'>si</span> <span class='ocrx_word' id='word_1_119' title='bbox 451 926 544 974; x_wconf 89' lang='lat' dir='ltr'>quis</span> <span class='ocrx_word' id='word_1_120' title='bbox 572 925 639 962; x_wconf 87' lang='lat' dir='ltr'>vel</span> <span class='ocrx_word' id='word_1_121' title='bbox 671 924 851 961; x_wconf 88' lang='lat' dir='ltr'>salutem</span> <span class='ocrx_word' id='word_1_122' title='bbox 882 922 1099 960; x_wconf 80' lang='lat' dir='ltr'>attulisset</span> <span class='ocrx_word' id='word_1_123' title='bbox 1129 921 1182 958; x_wconf 90' lang='lat' dir='ltr'>ab</span> <span class='ocrx_word' id='word_1_124' title='bbox 1214 921 1405 966; x_wconf 85' lang='lat' dir='ltr'>Erasmo,</span> <span class='ocrx_word' id='word_1_125' title='bbox 1436 921 1565 958; x_wconf 88' lang='lat' dir='ltr'>fuerit</span> <span class='ocrx_word' id='word_1_126' title='bbox 1596 926 1690 958; x_wconf 84' lang='lat' dir='ltr'>toto</span> 
     </span>
     <span class='ocr_line' id='line_1_16' title="bbox 129 975 1688 1029; baseline -0.003 -12"><span class='ocrx_word' id='word_1_127' title='bbox 129 984 299 1028; x_wconf 86' lang='lat' dir='ltr'>pectore</span> <span class='ocrx_word' id='word_1_128' title='bbox 314 980 624 1029; x_wconf 81' lang='lat' dir='ltr'>complexurus.</span> <span class='ocrx_word' id='word_1_129' title='bbox 648 978 762 1016; x_wconf 87' lang='lat' dir='ltr'>Illud</span> <span class='ocrx_word' id='word_1_130' title='bbox 777 989 1001 1027; x_wconf 83' lang='lat' dir='ltr'>generosae</span> <span class='ocrx_word' id='word_1_131' title='bbox 1015 976 1236 1013; x_wconf 89' lang='lat' dir='ltr'>cuiusdam</span> <span class='ocrx_word' id='word_1_132' title='bbox 1248 976 1451 1013; x_wconf 89' lang='lat' dir='ltr'>audaciae</span> <span class='ocrx_word' id='word_1_133' title='bbox 1465 975 1548 1013; x_wconf 84' lang='lat' dir='ltr'>fuit</span> <span class='ocrx_word' id='word_1_134' title='bbox 1562 975 1688 1025; x_wconf 89' lang='lat' dir='ltr'>quod,</span> 
     </span>
     <span class='ocr_line' id='line_1_17' title="bbox 128 1030 1689 1083; baseline -0.003 -12"><span class='ocrx_word' id='word_1_135' title='bbox 128 1033 207 1070; x_wconf 85' lang='lat' dir='ltr'>sibi</span> <span class='ocrx_word' id='word_1_136' title='bbox 229 1038 317 1071; x_wconf 87' lang='lat' dir='ltr'>tam</span> <span class='ocrx_word' id='word_1_137' title='bbox 340 1033 599 1083; x_wconf 89' lang='lat' dir='ltr'>impudentis</span> <span class='ocrx_word' id='word_1_138' title='bbox 619 1033 704 1070; x_wconf 85' lang='lat' dir='ltr'>fuci</span> <span class='ocrx_word' id='word_1_139' title='bbox 725 1033 929 1077; x_wconf 80' lang='lat' dir='ltr'>conscius,</span> <span class='ocrx_word' id='word_1_140' title='bbox 947 1044 1031 1069; x_wconf 89' lang='lat' dir='ltr'>non</span> <span class='ocrx_word' id='word_1_141' title='bbox 1048 1031 1211 1068; x_wconf 82' lang='lat' dir='ltr'>veritus</span> <span class='ocrx_word' id='word_1_142' title='bbox 1231 1035 1297 1068; x_wconf 85' lang='lat' dir='ltr'>est</span> <span class='ocrx_word' id='word_1_143' title='bbox 1317 1031 1433 1067; x_wconf 90' lang='lat' dir='ltr'>adire</span> <span class='ocrx_word' id='word_1_144' title='bbox 1451 1030 1689 1080; x_wconf 87' lang='lat' dir='ltr'>Principem</span> 
     </span>
     <span class='ocr_line' id='line_1_18' title="bbox 129 1085 1688 1134; baseline -0.002 -9"><span class='ocrx_word' id='word_1_145' title='bbox 129 1089 263 1125; x_wconf 88' lang='lat' dir='ltr'>totius</span> <span class='ocrx_word' id='word_1_146' title='bbox 284 1088 408 1133; x_wconf 79' lang='lat' dir='ltr'>orbis,</span> <span class='ocrx_word' id='word_1_147' title='bbox 433 1089 667 1125; x_wconf 84' lang='lat' dir='ltr'>maximum</span> <span class='ocrx_word' id='word_1_148' title='bbox 684 1087 866 1124; x_wconf 91' lang='lat' dir='ltr'>Leonem</span> <span class='ocrx_word' id='word_1_149' title='bbox 885 1085 1146 1123; x_wconf 83' lang='lat' dir='ltr'>Pontificem.</span> <span class='ocrx_word' id='word_1_150' title='bbox 1188 1085 1350 1127; x_wconf 87' lang='lat' dir='ltr'>Habeo,</span> <span class='ocrx_word' id='word_1_151' title='bbox 1367 1086 1517 1134; x_wconf 90' lang='lat' dir='ltr'>inquit,</span> <span class='ocrx_word' id='word_1_152' title='bbox 1535 1086 1688 1134; x_wconf 82' lang='lat' dir='ltr'>episto-</span> 
     </span>
     <span class='ocr_line' id='line_1_19' title="bbox 129 1139 1690 1185; baseline -0.003 -5"><span class='ocrx_word' id='word_1_153' title='bbox 129 1142 213 1179; x_wconf 91' lang='lat' dir='ltr'>lam</span> <span class='ocrx_word' id='word_1_154' title='bbox 235 1143 288 1179; x_wconf 88' lang='lat' dir='ltr'>ab</span> <span class='ocrx_word' id='word_1_155' title='bbox 311 1143 500 1180; x_wconf 84' lang='lat' dir='ltr'>Erasmo.</span> <span class='ocrx_word' id='word_1_156' title='bbox 546 1143 766 1180; x_wconf 81' lang='lat' dir='ltr'>Admissus</span> <span class='ocrx_word' id='word_1_157' title='bbox 786 1146 862 1179; x_wconf 82' lang='lat' dir='ltr'>est.</span> <span class='ocrx_word' id='word_1_158' title='bbox 910 1139 1116 1178; x_wconf 81' lang='lat' dir='ltr'>Reddidit</span> <span class='ocrx_word' id='word_1_159' title='bbox 1138 1139 1341 1177; x_wconf 81' lang='lat' dir='ltr'>confictas</span> <span class='ocrx_word' id='word_1_160' title='bbox 1363 1140 1541 1177; x_wconf 76' lang='lat' dir='ltr'>litteras.</span> <span class='ocrx_word' id='word_1_161' title='bbox 1588 1139 1690 1185; x_wconf 84' lang='lat' dir='ltr'>Quis</span> 
     </span>
     <span class='ocr_line' id='line_1_20' title="bbox 129 1195 1690 1246; baseline -0.001 -13"><span class='ocrx_word' id='word_1_162' title='bbox 129 1198 415 1246; x_wconf 81' lang='lat' dir='ltr'>suspicaretur</span> <span class='ocrx_word' id='word_1_163' title='bbox 437 1198 577 1234; x_wconf 90' lang='lat' dir='ltr'>iuueni</span> <span class='ocrx_word' id='word_1_164' title='bbox 600 1202 689 1234; x_wconf 86' lang='lat' dir='ltr'>tam</span> <span class='ocrx_word' id='word_1_165' title='bbox 711 1196 853 1234; x_wconf 81' lang='lat' dir='ltr'>audax</span> <span class='ocrx_word' id='word_1_166' title='bbox 870 1195 1032 1232; x_wconf 82' lang='lat' dir='ltr'>facinus</span> <span class='ocrx_word' id='word_1_167' title='bbox 1050 1195 1093 1231; x_wconf 88' lang='lat' dir='ltr'>in</span> <span class='ocrx_word' id='word_1_168' title='bbox 1110 1198 1296 1231; x_wconf 83' lang='lat' dir='ltr'>mentem</span> <span class='ocrx_word' id='word_1_169' title='bbox 1317 1195 1458 1232; x_wconf 83' lang='lat' dir='ltr'>venire</span> <span class='ocrx_word' id='word_1_170' title='bbox 1476 1195 1690 1244; x_wconf 73' lang='lat' dir='ltr'>potuisse?</span> 
     </span>
     <span class='ocr_line' id='line_1_21' title="bbox 128 1249 1690 1301; baseline -0.002 -12"><span class='ocrx_word' id='word_1_171' title='bbox 128 1251 212 1289; x_wconf 92' lang='lat' dir='ltr'>Leo</span> <span class='ocrx_word' id='word_1_172' title='bbox 251 1265 326 1301; x_wconf 92' lang='lat' dir='ltr'>pro</span> <span class='ocrx_word' id='word_1_173' title='bbox 366 1265 442 1289; x_wconf 89' lang='lat' dir='ltr'>sua</span> <span class='ocrx_word' id='word_1_174' title='bbox 477 1252 748 1289; x_wconf 85' lang='lat' dir='ltr'>humanitate</span> <span class='ocrx_word' id='word_1_175' title='bbox 783 1250 1029 1299; x_wconf 83' lang='lat' dir='ltr'>complexus</span> <span class='ocrx_word' id='word_1_176' title='bbox 1069 1253 1134 1286; x_wconf 82' lang='lat' dir='ltr'>est</span> <span class='ocrx_word' id='word_1_177' title='bbox 1167 1249 1392 1293; x_wconf 85' lang='lat' dir='ltr'>hominem,</span> <span class='ocrx_word' id='word_1_178' title='bbox 1428 1253 1473 1286; x_wconf 92' lang='lat' dir='ltr'>et</span> <span class='ocrx_word' id='word_1_179' title='bbox 1508 1253 1690 1298; x_wconf 80' lang='lat' dir='ltr'>vtroque</span> 
     </span>
     <span class='ocr_line' id='line_1_22' title="bbox 128 1303 1689 1355; baseline -0.002 -12"><span class='ocrx_word' id='word_1_180' title='bbox 128 1305 301 1343; x_wconf 86' lang='lat' dir='ltr'>brachio</span> <span class='ocrx_word' id='word_1_181' title='bbox 340 1307 584 1344; x_wconf 84' lang='lat' dir='ltr'>subleuauit</span> <span class='ocrx_word' id='word_1_182' title='bbox 623 1305 986 1355; x_wconf 86' lang='lat' dir='ltr'>procumbentem,</span> <span class='ocrx_word' id='word_1_183' title='bbox 1028 1304 1171 1341; x_wconf 84' lang='lat' dir='ltr'>omnia</span> <span class='ocrx_word' id='word_1_184' title='bbox 1214 1303 1443 1353; x_wconf 79' lang='lat' dir='ltr'>pollicitus,</span> <span class='ocrx_word' id='word_1_185' title='bbox 1502 1304 1689 1341; x_wconf 89' lang='lat' dir='ltr'>Tantum</span> 
     </span>
     <span class='ocr_line' id='line_1_23' title="bbox 128 1356 1688 1407; baseline -0.001 -10"><span class='ocrx_word' id='word_1_186' title='bbox 128 1360 264 1398; x_wconf 86' lang='lat' dir='ltr'>valuit</span> <span class='ocrx_word' id='word_1_187' title='bbox 287 1361 451 1398; x_wconf 87' lang='lat' dir='ltr'>Erasmi</span> <span class='ocrx_word' id='word_1_188' title='bbox 473 1361 571 1398; x_wconf 90' lang='lat' dir='ltr'>ficta</span> <span class='ocrx_word' id='word_1_189' title='bbox 596 1360 923 1398; x_wconf 86' lang='lat' dir='ltr'>commendatio.</span> <span class='ocrx_word' id='word_1_190' title='bbox 974 1358 1113 1404; x_wconf 83' lang='lat' dir='ltr'>Quum</span> <span class='ocrx_word' id='word_1_191' title='bbox 1139 1362 1283 1395; x_wconf 89' lang='lat' dir='ltr'>autem</span> <span class='ocrx_word' id='word_1_192' title='bbox 1311 1356 1482 1407; x_wconf 75' lang='lat' dir='ltr'>Syluius</span> <span class='ocrx_word' id='word_1_193' title='bbox 1508 1371 1688 1396; x_wconf 86' lang='lat' dir='ltr'>morare-</span> 
     </span>
     <span class='ocr_line' id='line_1_24' title="bbox 127 1412 1690 1463; baseline -0.001 -11"><span class='ocrx_word' id='word_1_194' title='bbox 127 1418 198 1452; x_wconf 91' lang='lat' dir='ltr'>tur</span> <span class='ocrx_word' id='word_1_195' title='bbox 225 1415 358 1453; x_wconf 89' lang='lat' dir='ltr'>redire</span> <span class='ocrx_word' id='word_1_196' title='bbox 386 1416 439 1453; x_wconf 86' lang='lat' dir='ltr'>ad</span> <span class='ocrx_word' id='word_1_197' title='bbox 471 1428 683 1453; x_wconf 88' lang='lat' dir='ltr'>summum</span> <span class='ocrx_word' id='word_1_198' title='bbox 712 1414 975 1458; x_wconf 85' lang='lat' dir='ltr'>Pontificem,</span> <span class='ocrx_word' id='word_1_199' title='bbox 1004 1414 1091 1463; x_wconf 90' lang='lat' dir='ltr'>ipse</span> <span class='ocrx_word' id='word_1_200' title='bbox 1119 1412 1202 1450; x_wconf 91' lang='lat' dir='ltr'>Leo</span> <span class='ocrx_word' id='word_1_201' title='bbox 1229 1426 1304 1450; x_wconf 87' lang='lat' dir='ltr'>sua</span> <span class='ocrx_word' id='word_1_202' title='bbox 1332 1417 1482 1462; x_wconf 87' lang='lat' dir='ltr'>sponte</span> <span class='ocrx_word' id='word_1_203' title='bbox 1510 1414 1690 1462; x_wconf 81' lang='lat' dir='ltr'>rogauit,</span> 
     </span>
     <span class='ocr_line' id='line_1_25' title="bbox 127 1467 1691 1507; baseline -0.001 -2"><span class='ocrx_word' id='word_1_204' title='bbox 127 1469 199 1506; x_wconf 88' lang='lat' dir='ltr'>vbi</span> <span class='ocrx_word' id='word_1_205' title='bbox 229 1475 338 1507; x_wconf 82' lang='lat' dir='ltr'>esset</span> <span class='ocrx_word' id='word_1_206' title='bbox 372 1470 438 1507; x_wconf 93' lang='lat' dir='ltr'>ille</span> <span class='ocrx_word' id='word_1_207' title='bbox 466 1471 629 1507; x_wconf 87' lang='lat' dir='ltr'>iuuenis</span> <span class='ocrx_word' id='word_1_208' title='bbox 656 1470 710 1507; x_wconf 89' lang='lat' dir='ltr'>ab</span> <span class='ocrx_word' id='word_1_209' title='bbox 738 1469 915 1506; x_wconf 87' lang='lat' dir='ltr'>Erasmo</span> <span class='ocrx_word' id='word_1_210' title='bbox 945 1467 1282 1505; x_wconf 92' lang='lat' dir='ltr'>commendatus.</span> <span class='ocrx_word' id='word_1_211' title='bbox 1335 1467 1376 1504; x_wconf 83' lang='lat' dir='ltr'>Is</span> <span class='ocrx_word' id='word_1_212' title='bbox 1403 1472 1547 1505; x_wconf 88' lang='lat' dir='ltr'>autem</span> <span class='ocrx_word' id='word_1_213' title='bbox 1576 1468 1691 1504; x_wconf 80' lang='lat' dir='ltr'>febre</span> 
     </span>
     <span class='ocr_line' id='line_1_26' title="bbox 127 1522 1690 1574; baseline -0.001 -14"><span class='ocrx_word' id='word_1_214' title='bbox 127 1529 344 1573; x_wconf 86' lang='lat' dir='ltr'>correptus</span> <span class='ocrx_word' id='word_1_215' title='bbox 376 1526 417 1561; x_wconf 94' lang='lat' dir='ltr'>in</span> <span class='ocrx_word' id='word_1_216' title='bbox 448 1525 596 1562; x_wconf 91' lang='lat' dir='ltr'>itinere</span> <span class='ocrx_word' id='word_1_217' title='bbox 624 1525 760 1574; x_wconf 88' lang='lat' dir='ltr'>periit,</span> <span class='ocrx_word' id='word_1_218' title='bbox 793 1525 1039 1573; x_wconf 87' lang='lat' dir='ltr'>priusquam</span> <span class='ocrx_word' id='word_1_219' title='bbox 1071 1522 1126 1559; x_wconf 88' lang='lat' dir='ltr'>ad</span> <span class='ocrx_word' id='word_1_220' title='bbox 1157 1522 1405 1559; x_wconf 87' lang='lat' dir='ltr'>Pontificem</span> <span class='ocrx_word' id='word_1_221' title='bbox 1436 1523 1690 1571; x_wconf 84' lang='lat' dir='ltr'>perueniret,</span> 
     </span>
     <span class='ocr_line' id='line_1_27' title="bbox 127 1577 1691 1628; baseline -0.002 -12"><span class='ocrx_word' id='word_1_222' title='bbox 127 1580 199 1627; x_wconf 91' lang='lat' dir='ltr'>qui</span> <span class='ocrx_word' id='word_1_223' title='bbox 239 1583 331 1616; x_wconf 83' lang='lat' dir='ltr'>tum</span> <span class='ocrx_word' id='word_1_224' title='bbox 372 1579 526 1628; x_wconf 78' lang='lat' dir='ltr'>agebat</span> <span class='ocrx_word' id='word_1_225' title='bbox 565 1578 720 1616; x_wconf 87' lang='lat' dir='ltr'>Ostiae.</span> <span class='ocrx_word' id='word_1_226' title='bbox 772 1578 837 1615; x_wconf 76' lang='lat' dir='ltr'>Sic</span> <span class='ocrx_word' id='word_1_227' title='bbox 873 1579 1115 1626; x_wconf 85' lang='lat' dir='ltr'>interrupta</span> <span class='ocrx_word' id='word_1_228' title='bbox 1150 1581 1215 1614; x_wconf 81' lang='lat' dir='ltr'>est</span> <span class='ocrx_word' id='word_1_229' title='bbox 1250 1590 1298 1614; x_wconf 91' lang='lat' dir='ltr'>ea</span> <span class='ocrx_word' id='word_1_230' title='bbox 1333 1577 1492 1623; x_wconf 79' lang='lat' dir='ltr'>fabula,</span> <span class='ocrx_word' id='word_1_231' title='bbox 1533 1577 1691 1626; x_wconf 89' lang='lat' dir='ltr'>alioqui</span> 
     </span>
     <span class='ocr_line' id='line_1_28' title="bbox 127 1631 1690 1682; baseline -0.001 -13"><span class='ocrx_word' id='word_1_232' title='bbox 127 1633 284 1670; x_wconf 87' lang='lat' dir='ltr'>multos</span> <span class='ocrx_word' id='word_1_233' title='bbox 312 1637 435 1670; x_wconf 90' lang='lat' dir='ltr'>actus</span> <span class='ocrx_word' id='word_1_234' title='bbox 464 1634 677 1671; x_wconf 86' lang='lat' dir='ltr'>habitura.</span> <span class='ocrx_word' id='word_1_235' title='bbox 728 1632 769 1670; x_wconf 83' lang='lat' dir='ltr'>Si</span> <span class='ocrx_word' id='word_1_236' title='bbox 797 1645 882 1682; x_wconf 87' lang='lat' dir='ltr'>qua</span> <span class='ocrx_word' id='word_1_237' title='bbox 909 1632 1056 1669; x_wconf 87' lang='lat' dir='ltr'>similis</span> <span class='ocrx_word' id='word_1_238' title='bbox 1083 1632 1174 1669; x_wconf 89' lang='lat' dir='ltr'>auis</span> <span class='ocrx_word' id='word_1_239' title='bbox 1201 1631 1412 1669; x_wconf 85' lang='lat' dir='ltr'>deuolarit</span> <span class='ocrx_word' id='word_1_240' title='bbox 1440 1632 1482 1668; x_wconf 93' lang='lat' dir='ltr'>in</span> <span class='ocrx_word' id='word_1_241' title='bbox 1504 1637 1690 1669; x_wconf 83' lang='lat' dir='ltr'>vestram</span> 
     </span>
     <span class='ocr_line' id='line_1_29' title="bbox 128 1686 1691 1737; baseline 0 -13"><span class='ocrx_word' id='word_1_242' title='bbox 128 1687 360 1733; x_wconf 85' lang='lat' dir='ltr'>Poloniam,</span> <span class='ocrx_word' id='word_1_243' title='bbox 383 1688 450 1725; x_wconf 87' lang='lat' dir='ltr'>fac</span> <span class='ocrx_word' id='word_1_244' title='bbox 473 1689 629 1725; x_wconf 75' lang='lat' dir='ltr'>amieos</span> <span class='ocrx_word' id='word_1_245' title='bbox 645 1688 886 1733; x_wconf 74' lang='lat' dir='ltr'>admoneas,</span> <span class='ocrx_word' id='word_1_246' title='bbox 905 1687 1153 1737; x_wconf 83' lang='lat' dir='ltr'>praesertim</span> <span class='ocrx_word' id='word_1_247' title='bbox 1171 1686 1374 1724; x_wconf 84' lang='lat' dir='ltr'>candidos</span> <span class='ocrx_word' id='word_1_248' title='bbox 1391 1700 1438 1723; x_wconf 90' lang='lat' dir='ltr'>ac</span> <span class='ocrx_word' id='word_1_249' title='bbox 1456 1686 1691 1732; x_wconf 81' lang='lat' dir='ltr'>munificos,</span> 
     </span>
     <span class='ocr_line' id='line_1_30' title="bbox 126 1740 1691 1791; baseline 0 -13"><span class='ocrx_word' id='word_1_250' title='bbox 126 1743 377 1780; x_wconf 89' lang='lat' dir='ltr'>nominatim</span> <span class='ocrx_word' id='word_1_251' title='bbox 420 1743 471 1780; x_wconf 84' lang='lat' dir='ltr'>R.</span> <span class='ocrx_word' id='word_1_252' title='bbox 509 1743 558 1780; x_wconf 85' lang='lat' dir='ltr'>D.</span> <span class='ocrx_word' id='word_1_253' title='bbox 597 1743 771 1780; x_wconf 91' lang='lat' dir='ltr'>Petrum</span> <span class='ocrx_word' id='word_1_254' title='bbox 812 1743 1070 1791; x_wconf 88' lang='lat' dir='ltr'>Episcopum</span> <span class='ocrx_word' id='word_1_255' title='bbox 1105 1740 1440 1786; x_wconf 76' lang='lat' dir='ltr'>Cracouiensem,</span> <span class='ocrx_word' id='word_1_256' title='bbox 1476 1741 1691 1779; x_wconf 88' lang='lat' dir='ltr'>Andream</span> 
     </span>
     <span class='ocr_line' id='line_1_31' title="bbox 126 1795 1691 1847; baseline 0 -14"><span class='ocrx_word' id='word_1_257' title='bbox 126 1795 303 1834; x_wconf 90' lang='lat' dir='ltr'>Critium</span> <span class='ocrx_word' id='word_1_258' title='bbox 336 1797 592 1847; x_wconf 85' lang='lat' dir='ltr'>Episcopum</span> <span class='ocrx_word' id='word_1_259' title='bbox 625 1797 882 1845; x_wconf 75' lang='lat' dir='ltr'>Ploeensem,</span> <span class='ocrx_word' id='word_1_260' title='bbox 915 1796 1117 1833; x_wconf 91' lang='lat' dir='ltr'>Ioannem</span> <span class='ocrx_word' id='word_1_261' title='bbox 1150 1795 1401 1833; x_wconf 85' lang='lat' dir='ltr'>Dantiscum</span> <span class='ocrx_word' id='word_1_262' title='bbox 1434 1796 1691 1846; x_wconf 86' lang='lat' dir='ltr'>Episcopum</span> 
     </span>
     <span class='ocr_line' id='line_1_32' title="bbox 127 1850 1689 1895; baseline 0 -7"><span class='ocrx_word' id='word_1_263' title='bbox 127 1850 405 1895; x_wconf 80' lang='lat' dir='ltr'>Culmensem,</span> <span class='ocrx_word' id='word_1_264' title='bbox 430 1851 654 1889; x_wconf 87' lang='lat' dir='ltr'>Erasmum</span> <span class='ocrx_word' id='word_1_265' title='bbox 677 1852 889 1889; x_wconf 88' lang='lat' dir='ltr'>Abbatem</span> <span class='ocrx_word' id='word_1_266' title='bbox 913 1850 1060 1888; x_wconf 85' lang='lat' dir='ltr'>Clarae</span> <span class='ocrx_word' id='word_1_267' title='bbox 1083 1850 1286 1895; x_wconf 87' lang='lat' dir='ltr'>Tumbae,</span> <span class='ocrx_word' id='word_1_268' title='bbox 1311 1850 1515 1888; x_wconf 88' lang='lat' dir='ltr'>Ioannem</span> <span class='ocrx_word' id='word_1_269' title='bbox 1540 1851 1689 1888; x_wconf 83' lang='lat' dir='ltr'>Lasca-</span> 
     </span>
     <span class='ocr_line' id='line_1_33' title="bbox 127 1904 1691 1956; baseline 0.001 -14"><span class='ocrx_word' id='word_1_270' title='bbox 127 1918 227 1943; x_wconf 87' lang='lat' dir='ltr'>num</span> <span class='ocrx_word' id='word_1_271' title='bbox 257 1907 546 1956; x_wconf 87' lang='lat' dir='ltr'>praepositum</span> <span class='ocrx_word' id='word_1_272' title='bbox 575 1906 873 1947; x_wconf 84' lang='lat' dir='ltr'>Gnesnensem.</span> <span class='ocrx_word' id='word_1_273' title='bbox 897 1904 1144 1943; x_wconf 83' lang='lat' dir='ltr'>Seuerinum</span> <span class='ocrx_word' id='word_1_274' title='bbox 1170 1905 1398 1951; x_wconf 89' lang='lat' dir='ltr'>Bonerum,</span> <span class='ocrx_word' id='word_1_275' title='bbox 1425 1905 1691 1944; x_wconf 88' lang='lat' dir='ltr'>Antoninum</span> 
     </span>
     <span class='ocr_line' id='line_1_34' title="bbox 127 1959 1693 2010; baseline 0.001 -13"><span class='ocrx_word' id='word_1_276' title='bbox 127 1960 348 2006; x_wconf 80' lang='lat' dir='ltr'>Medicum,</span> <span class='ocrx_word' id='word_1_277' title='bbox 371 1965 414 1998; x_wconf 87' lang='lat' dir='ltr'>et</span> <span class='ocrx_word' id='word_1_278' title='bbox 436 1962 469 1997; x_wconf 86' lang='lat' dir='ltr'>si</span> <span class='ocrx_word' id='word_1_279' title='bbox 491 1962 560 2009; x_wconf 91' lang='lat' dir='ltr'>qui</span> <span class='ocrx_word' id='word_1_280' title='bbox 584 1966 685 1998; x_wconf 87' lang='lat' dir='ltr'>sunt</span> <span class='ocrx_word' id='word_1_281' title='bbox 709 1961 779 1998; x_wconf 86' lang='lat' dir='ltr'>alii</span> <span class='ocrx_word' id='word_1_282' title='bbox 804 1962 876 2010; x_wconf 87' lang='lat' dir='ltr'>qui</span> <span class='ocrx_word' id='word_1_283' title='bbox 902 1973 977 1998; x_wconf 91' lang='lat' dir='ltr'>nos</span> <span class='ocrx_word' id='word_1_284' title='bbox 1002 1961 1189 2010; x_wconf 91' lang='lat' dir='ltr'>impense</span> <span class='ocrx_word' id='word_1_285' title='bbox 1214 1959 1408 2010; x_wconf 79' lang='lat' dir='ltr'>diligunt.</span> <span class='ocrx_word' id='word_1_286' title='bbox 1460 1960 1555 1998; x_wconf 88' lang='lat' dir='ltr'>Non</span> <span class='ocrx_word' id='word_1_287' title='bbox 1578 1960 1693 2010; x_wconf 90' lang='lat' dir='ltr'>quod</span> 
     </span>
     <span class='ocr_line' id='line_1_35' title="bbox 126 2012 1693 2065; baseline 0.001 -14"><span class='ocrx_word' id='word_1_288' title='bbox 126 2014 291 2052; x_wconf 90' lang='lat' dir='ltr'>obstem</span> <span class='ocrx_word' id='word_1_289' title='bbox 322 2028 406 2064; x_wconf 93' lang='lat' dir='ltr'>quo</span> <span class='ocrx_word' id='word_1_290' title='bbox 437 2016 576 2053; x_wconf 91' lang='lat' dir='ltr'>minus</span> <span class='ocrx_word' id='word_1_291' title='bbox 607 2016 667 2053; x_wconf 93' lang='lat' dir='ltr'>illi</span> <span class='ocrx_word' id='word_1_292' title='bbox 698 2028 795 2053; x_wconf 87' lang='lat' dir='ltr'>suas</span> <span class='ocrx_word' id='word_1_293' title='bbox 826 2028 925 2065; x_wconf 84' lang='lat' dir='ltr'>opes</span> <span class='ocrx_word' id='word_1_294' title='bbox 955 2016 998 2052; x_wconf 91' lang='lat' dir='ltr'>in</span> <span class='ocrx_word' id='word_1_295' title='bbox 1028 2027 1134 2064; x_wconf 90' lang='lat' dir='ltr'>quos</span> <span class='ocrx_word' id='word_1_296' title='bbox 1163 2012 1377 2052; x_wconf 85' lang='lat' dir='ltr'>voluerint</span> <span class='ocrx_word' id='word_1_297' title='bbox 1407 2020 1591 2064; x_wconf 83' lang='lat' dir='ltr'>erogent,</span> <span class='ocrx_word' id='word_1_298' title='bbox 1621 2015 1693 2053; x_wconf 90' lang='lat' dir='ltr'>sed</span> 
     </span>
     <span class='ocr_line' id='line_1_36' title="bbox 126 2069 1693 2120; baseline 0.001 -14"><span class='ocrx_word' id='word_1_299' title='bbox 126 2069 240 2118; x_wconf 92' lang='lat' dir='ltr'>quod</span> <span class='ocrx_word' id='word_1_300' title='bbox 261 2071 406 2107; x_wconf 87' lang='lat' dir='ltr'>amicis</span> <span class='ocrx_word' id='word_1_301' title='bbox 428 2070 558 2107; x_wconf 92' lang='lat' dir='ltr'>nolim</span> <span class='ocrx_word' id='word_1_302' title='bbox 580 2071 739 2120; x_wconf 92' lang='lat' dir='ltr'>imponi</span> <span class='ocrx_word' id='word_1_303' title='bbox 761 2071 841 2108; x_wconf 91' lang='lat' dir='ltr'>mei</span> <span class='ocrx_word' id='word_1_304' title='bbox 862 2070 1044 2107; x_wconf 87' lang='lat' dir='ltr'>nominis</span> <span class='ocrx_word' id='word_1_305' title='bbox 1065 2069 1284 2114; x_wconf 83' lang='lat' dir='ltr'>lenocinio,</span> <span class='ocrx_word' id='word_1_306' title='bbox 1307 2082 1381 2107; x_wconf 88' lang='lat' dir='ltr'>nec</span> <span class='ocrx_word' id='word_1_307' title='bbox 1404 2083 1469 2107; x_wconf 91' lang='lat' dir='ltr'>me</span> <span class='ocrx_word' id='word_1_308' title='bbox 1491 2070 1555 2107; x_wconf 88' lang='lat' dir='ltr'>his</span> <span class='ocrx_word' id='word_1_309' title='bbox 1576 2070 1693 2107; x_wconf 83' lang='lat' dir='ltr'>falsis</span> 
     </span>
     <span class='ocr_line' id='line_1_37' title="bbox 125 2124 1691 2174; baseline 0.001 -13"><span class='ocrx_word' id='word_1_310' title='bbox 125 2124 368 2161; x_wconf 90' lang='lat' dir='ltr'>nominibus</span> <span class='ocrx_word' id='word_1_311' title='bbox 394 2124 581 2174; x_wconf 83' lang='lat' dir='ltr'>obligari.</span> <span class='ocrx_word' id='word_1_312' title='bbox 634 2125 691 2162; x_wconf 91' lang='lat' dir='ltr'>Te</span> <span class='ocrx_word' id='word_1_313' title='bbox 713 2138 808 2162; x_wconf 92' lang='lat' dir='ltr'>cum</span> <span class='ocrx_word' id='word_1_314' title='bbox 831 2124 1026 2162; x_wconf 91' lang='lat' dir='ltr'>omnibus</span> <span class='ocrx_word' id='word_1_315' title='bbox 1049 2125 1127 2161; x_wconf 91' lang='lat' dir='ltr'>tibi</span> <span class='ocrx_word' id='word_1_316' title='bbox 1153 2124 1290 2162; x_wconf 87' lang='lat' dir='ltr'>charis</span> <span class='ocrx_word' id='word_1_317' title='bbox 1316 2129 1419 2174; x_wconf 90' lang='lat' dir='ltr'>opto</span> <span class='ocrx_word' id='word_1_318' title='bbox 1445 2137 1571 2174; x_wconf 89' lang='lat' dir='ltr'>quam</span> <span class='ocrx_word' id='word_1_319' title='bbox 1600 2137 1691 2174; x_wconf 86' lang='lat' dir='ltr'>pro-</span> 
     </span>
     <span class='ocr_line' id='line_1_38' title="bbox 125 2179 499 2228; baseline 0.003 -13"><span class='ocrx_word' id='word_1_320' title='bbox 125 2180 326 2228; x_wconf 89' lang='lat' dir='ltr'>sperrime</span> <span class='ocrx_word' id='word_1_321' title='bbox 348 2179 499 2216; x_wconf 87' lang='lat' dir='ltr'>valere.</span> 
     </span>
     <span class='ocr_line' id='line_1_39' title="bbox 181 2233 1591 2284; baseline 0.001 -14"><span class='ocrx_word' id='word_1_322' title='bbox 181 2233 341 2271; x_wconf 87' lang='lat' dir='ltr'>Datum</span> <span class='ocrx_word' id='word_1_323' title='bbox 364 2234 477 2283; x_wconf 87' lang='lat' dir='ltr'>apud</span> <span class='ocrx_word' id='word_1_324' title='bbox 500 2234 752 2284; x_wconf 84' lang='lat' dir='ltr'>Friburgum</span> <span class='ocrx_word' id='word_1_325' title='bbox 776 2234 976 2284; x_wconf 84' lang='lat' dir='ltr'>Brisgoae</span> <span class='ocrx_word' id='word_1_326' title='bbox 996 2233 1194 2271; x_wconf 88' lang='lat' dir='ltr'>Calendis</span> <span class='ocrx_word' id='word_1_327' title='bbox 1216 2233 1447 2272; x_wconf 90' lang='lat' dir='ltr'>Nouembr.</span> <span class='ocrx_word' id='word_1_328' title='bbox 1475 2244 1591 2283; x_wconf 73' lang='lat'>1533.</span> 
     </span>
    </p>
   </div>
   <div class='ocr_carea' id='block_1_3' title="bbox 484 2389 1339 2430">
    <p class='ocr_par' dir='ltr' id='par_1_3' title="bbox 484 2389 1339 2430">
     <span class='ocr_line' id='line_1_40' title="bbox 484 2389 1339 2430; baseline 0.002 -2"><span class='ocrx_word' id='word_1_329' title='bbox 484 2392 611 2429; x_wconf 80' lang='lat'>2875.</span> <span class='ocrx_word' id='word_1_330' title='bbox 677 2389 743 2430; x_wconf 88' lang='lat' dir='ltr'>To</span> <span class='ocrx_word' id='word_1_331' title='bbox 777 2389 1021 2430; x_wconf 67' lang='lat' dir='ltr'>Bommcss</span> <span class='ocrx_word' id='word_1_332' title='bbox 1054 2389 1339 2430; x_wconf 74' lang='lat' dir='ltr'>AMERBACH.</span> 
     </span>
    </p>
   </div>
   <div class='ocr_carea' id='block_1_4' title="bbox 127 2478 1692 2679">
    <p class='ocr_par' dir='ltr' id='par_1_4' title="bbox 178 2478 1544 2523">
     <span class='ocr_line' id='line_1_41' title="bbox 178 2478 1544 2523; baseline 0.001 -12"><span class='ocrx_word' id='word_1_333' title='bbox 178 2478 295 2511; x_wconf 87' lang='lat' dir='ltr'>Basle</span> <span class='ocrx_word' id='word_1_334' title='bbox 314 2478 395 2512; x_wconf 81' lang='lat' dir='ltr'>MS.</span> <span class='ocrx_word' id='word_1_335' title='bbox 417 2478 504 2512; x_wconf 85' lang='lat' dir='ltr'>AN.</span> <span class='ocrx_word' id='word_1_336' title='bbox 526 2479 602 2512; x_wconf 87' lang='grc' dir='ltr'>ΙΙΙ.</span> <span class='ocrx_word' id='word_1_337' title='bbox 627 2488 681 2520; x_wconf 90' lang='grc'>15.</span> <span class='ocrx_word' id='word_1_338' title='bbox 704 2489 761 2523; x_wconf 72' lang='grc'>54.</span> <span class='ocrx_word' id='word_1_339' title='bbox 1340 2479 1544 2523; x_wconf 81' lang='lat' dir='ltr'>Freiburg.</span> 
     </span>
    </p>

    <p class='ocr_par' dir='ltr' id='par_1_5' title="bbox 175 2527 1642 2571">
     <span class='ocr_line' id='line_1_42' title="bbox 175 2527 1642 2571; baseline 0.001 -11"><span class='ocrx_word' id='word_1_340' title='bbox 175 2527 220 2567; x_wconf 84' lang='lat' dir='ltr'>Q.</span> <span class='ocrx_word' id='word_1_341' title='bbox 242 2528 300 2571; x_wconf 80' lang='lat'>84.</span> <span class='ocrx_word' id='word_1_342' title='bbox 1246 2532 1268 2561; x_wconf 73' lang='grc' dir='ltr'>ὁ</span> <span class='ocrx_word' id='word_1_343' title='bbox 1286 2528 1516 2562; x_wconf 84' lang='lat' dir='ltr'>November</span> <span class='ocrx_word' id='word_1_344' title='bbox 1539 2538 1642 2571; x_wconf 80' lang='lat'>1533.</span> 
     </span>
    </p>

    <p class='ocr_par' dir='ltr' id='par_1_6' title="bbox 127 2594 1692 2679">
     <span class='ocr_line' id='line_1_43' title="bbox 170 2594 1692 2635; baseline -0.001 -11"><span class='ocrx_word' id='word_1_345' title='bbox 170 2594 242 2631; x_wconf 88' lang='lat' dir='ltr'>[An</span> <span class='ocrx_word' id='word_1_346' title='bbox 271 2594 423 2634; x_wconf 77' lang='lat' dir='ltr'>original</span> <span class='ocrx_word' id='word_1_347' title='bbox 451 2594 571 2631; x_wconf 83' lang='lat' dir='ltr'>letter,</span> <span class='ocrx_word' id='word_1_348' title='bbox 603 2595 811 2635; x_wconf 75' lang='lat' dir='ltr'>autograph</span> <span class='ocrx_word' id='word_1_349' title='bbox 840 2595 1080 2635; x_wconf 80' lang='lat' dir='ltr'>throughout.</span> <span class='ocrx_word' id='word_1_350' title='bbox 1129 2595 1205 2625; x_wconf 84' lang='lat' dir='ltr'>The</span> <span class='ocrx_word' id='word_1_351' title='bbox 1235 2595 1321 2626; x_wconf 81' lang='lat' dir='ltr'>date</span> <span class='ocrx_word' id='word_1_352' title='bbox 1354 2596 1383 2626; x_wconf 79' lang='lat' dir='ltr'>is</span> <span class='ocrx_word' id='word_1_353' title='bbox 1414 2596 1612 2626; x_wconf 84' lang='lat' dir='ltr'>confirmed</span> <span class='ocrx_word' id='word_1_354' title='bbox 1645 2595 1692 2634; x_wconf 75' lang='lat' dir='ltr'>by</span> 
     </span>
     <span class='ocr_line' id='line_1_44' title="bbox 127 2637 1692 2679; baseline 0.001 -12"><span class='ocrx_word' id='word_1_355' title='bbox 127 2637 278 2677; x_wconf 78' lang='lat' dir='ltr'>Viglius&#39;</span> <span class='ocrx_word' id='word_1_356' title='bbox 308 2642 549 2673; x_wconf 80' lang='lat' dir='ltr'>movements,</span> <span class='ocrx_word' id='word_1_357' title='bbox 580 2638 737 2678; x_wconf 86' lang='lat' dir='ltr'>Hoynek</span> <span class='ocrx_word' id='word_1_358' title='bbox 764 2639 791 2668; x_wconf 92' lang='lat' dir='ltr'>I.</span> <span class='ocrx_word' id='word_1_359' title='bbox 820 2639 841 2675; x_wconf 87' lang='lat' dir='ltr'>i,</span> <span class='ocrx_word' id='word_1_360' title='bbox 868 2649 902 2679; x_wconf 88' lang='lat' dir='ltr'>p.</span> <span class='ocrx_word' id='word_1_361' title='bbox 933 2649 991 2678; x_wconf 85' lang='lat'>13;</span> <span class='ocrx_word' id='word_1_362' title='bbox 1025 2650 1084 2669; x_wconf 84' lang='lat' dir='ltr'>see</span> <span class='ocrx_word' id='word_1_363' title='bbox 1112 2639 1182 2679; x_wconf 79' lang='lat' dir='ltr'>Ep.</span> <span class='ocrx_word' id='word_1_364' title='bbox 1210 2641 1304 2678; x_wconf 76' lang='grc'>2871.</span> <span class='ocrx_word' id='word_1_365' title='bbox 1335 2649 1389 2670; x_wconf 90' lang='grc'>111.</span> <span class='ocrx_word' id='word_1_366' title='bbox 1453 2639 1591 2676; x_wconf 67' lang='lat' dir='ltr'>Viglius</span> <span class='ocrx_word' id='word_1_367' title='bbox 1620 2638 1692 2668; x_wconf 82' lang='lat' dir='ltr'>had</span> 
     </span>
    </p>
   </div>
   <div class='ocr_carea' id='block_1_5' title="bbox 126 2681 1693 2767">
    <p class='ocr_par' dir='ltr' id='par_1_7' title="bbox 126 2681 1693 2767">
     <span class='ocr_line' id='line_1_45' title="bbox 127 2681 1693 2723; baseline 0.001 -12"><span class='ocrx_word' id='word_1_368' title='bbox 127 2682 234 2720; x_wconf 76' lang='lat' dir='ltr'>given</span> <span class='ocrx_word' id='word_1_369' title='bbox 263 2681 319 2711; x_wconf 84' lang='lat' dir='ltr'>his</span> <span class='ocrx_word' id='word_1_370' title='bbox 347 2682 599 2712; x_wconf 65' lang='lat' dir='ltr'>Institutione&amp;</span> <span class='ocrx_word' id='word_1_371' title='bbox 628 2683 775 2713; x_wconf 80' lang='lat' dir='ltr'>Graecae</span> <span class='ocrx_word' id='word_1_372' title='bbox 800 2686 839 2713; x_wconf 89' lang='lat' dir='ltr'>to</span> <span class='ocrx_word' id='word_1_373' title='bbox 870 2683 1011 2713; x_wconf 79' lang='lat' dir='ltr'>Froben</span> <span class='ocrx_word' id='word_1_374' title='bbox 1043 2685 1115 2719; x_wconf 82' lang='lat' dir='ltr'>(see</span> <span class='ocrx_word' id='word_1_375' title='bbox 1141 2683 1209 2723; x_wconf 80' lang='lat' dir='ltr'>Ep.</span> <span class='ocrx_word' id='word_1_376' title='bbox 1237 2692 1332 2722; x_wconf 74' lang='lat'>2791.</span> <span class='ocrx_word' id='word_1_377' title='bbox 1360 2684 1441 2722; x_wconf 73' lang='grc'>5911)</span> <span class='ocrx_word' id='word_1_378' title='bbox 1456 2695 1462 2717; x_wconf 88' lang='grc'>;</span> <span class='ocrx_word' id='word_1_379' title='bbox 1496 2683 1568 2713; x_wconf 74' lang='lat' dir='ltr'>and</span> <span class='ocrx_word' id='word_1_380' title='bbox 1597 2682 1693 2712; x_wconf 71' lang='lat' dir='ltr'>after</span> 
     </span>
     <span class='ocr_line' id='line_1_46' title="bbox 126 2725 1670 2767; baseline 0.001 -13"><span class='ocrx_word' id='word_1_381' title='bbox 126 2725 276 2764; x_wconf 79' lang='lat' dir='ltr'>visiting</span> <span class='ocrx_word' id='word_1_382' title='bbox 294 2725 468 2756; x_wconf 79' lang='lat' dir='ltr'>Erasmus</span> <span class='ocrx_word' id='word_1_383' title='bbox 486 2730 582 2756; x_wconf 79' lang='lat' dir='ltr'>went</span> <span class='ocrx_word' id='word_1_384' title='bbox 600 2730 639 2756; x_wconf 85' lang='lat' dir='ltr'>to</span> <span class='ocrx_word' id='word_1_385' title='bbox 656 2726 762 2756; x_wconf 78' lang='lat' dir='ltr'>Basle</span> <span class='ocrx_word' id='word_1_386' title='bbox 780 2727 816 2756; x_wconf 89' lang='lat' dir='ltr'>in</span> <span class='ocrx_word' id='word_1_387' title='bbox 833 2727 939 2757; x_wconf 81' lang='lat' dir='ltr'>order</span> <span class='ocrx_word' id='word_1_388' title='bbox 956 2732 994 2757; x_wconf 85' lang='lat' dir='ltr'>to</span> <span class='ocrx_word' id='word_1_389' title='bbox 1012 2738 1070 2757; x_wconf 80' lang='lat' dir='ltr'>see</span> <span class='ocrx_word' id='word_1_390' title='bbox 1088 2727 1151 2757; x_wconf 84' lang='lat' dir='ltr'>the</span> <span class='ocrx_word' id='word_1_391' title='bbox 1168 2727 1265 2757; x_wconf 82' lang='lat' dir='ltr'>book</span> <span class='ocrx_word' id='word_1_392' title='bbox 1282 2727 1443 2767; x_wconf 83' lang='lat' dir='ltr'>through</span> <span class='ocrx_word' id='word_1_393' title='bbox 1462 2727 1524 2756; x_wconf 83' lang='lat' dir='ltr'>the</span> <span class='ocrx_word' id='word_1_394' title='bbox 1542 2726 1670 2766; x_wconf 86' lang='lat' dir='ltr'>press.]</span> 
     </span>
    </p>
   </div>
   <div class='ocr_carea' id='block_1_6' title="bbox 127 2784 1694 2913">
    <p class='ocr_par' dir='ltr' id='par_1_8' title="bbox 127 2784 1694 2913">
     <span class='ocr_line' id='line_1_47' title="bbox 171 2784 1692 2825; baseline 0.001 -12"><span class='ocrx_word' id='word_1_395' title='bbox 171 2784 265 2813; x_wconf 73' lang='lat'>2874.</span> <span class='ocrx_word' id='word_1_396' title='bbox 298 2788 368 2822; x_wconf 70' lang='grc'>165.</span> <span class='ocrx_word' id='word_1_397' title='bbox 394 2796 575 2815; x_wconf 76' lang='lat' dir='ltr'>annorum</span> <span class='ocrx_word' id='word_1_398' title='bbox 593 2789 672 2816; x_wconf 80' lang='lat' dir='ltr'>erat</span> <span class='ocrx_word' id='word_1_399' title='bbox 690 2786 728 2816; x_wconf 90' lang='lat' dir='ltr'>L.</span> <span class='ocrx_word' id='word_1_400' title='bbox 854 2788 924 2817; x_wconf 77' lang='lat'>106.</span> <span class='ocrx_word' id='word_1_401' title='bbox 953 2797 1025 2817; x_wconf 86' lang='lat' dir='ltr'>non</span> <span class='ocrx_word' id='word_1_402' title='bbox 1044 2787 1092 2817; x_wconf 86' lang='lat' dir='ltr'>L:</span> <span class='ocrx_word' id='word_1_403' title='bbox 1119 2787 1260 2817; x_wconf 88' lang='lat' dir='ltr'>nullum</span> <span class='ocrx_word' id='word_1_404' title='bbox 1279 2799 1308 2816; x_wconf 86' lang='grc' dir='ltr'>α.</span> <span class='ocrx_word' id='word_1_405' title='bbox 1438 2795 1508 2825; x_wconf 77' lang='lat'>179.</span> <span class='ocrx_word' id='word_1_406' title='bbox 1535 2786 1692 2816; x_wconf 82' lang='lat' dir='ltr'>Leonem</span> 
     </span>
     <span class='ocr_line' id='line_1_48' title="bbox 128 2827 1694 2871; baseline 0.001 -14"><span class='ocrx_word' id='word_1_407' title='bbox 128 2827 342 2858; x_wconf 82' lang='lat' dir='ltr'>Pontificem</span> <span class='ocrx_word' id='word_1_408' title='bbox 359 2829 439 2859; x_wconf 79' lang='lat' dir='ltr'>add.</span> <span class='ocrx_word' id='word_1_409' title='bbox 461 2829 499 2859; x_wconf 84' lang='lat' dir='ltr'>L.</span> <span class='ocrx_word' id='word_1_410' title='bbox 572 2831 643 2859; x_wconf 79' lang='grc'>180.</span> <span class='ocrx_word' id='word_1_411' title='bbox 670 2829 790 2860; x_wconf 84' lang='lat' dir='ltr'>reddit</span> <span class='ocrx_word' id='word_1_412' title='bbox 808 2830 846 2860; x_wconf 90' lang='lat' dir='ltr'>L.</span> <span class='ocrx_word' id='word_1_413' title='bbox 920 2831 991 2870; x_wconf 81' lang='lat'>183.</span> <span class='ocrx_word' id='word_1_414' title='bbox 1019 2831 1323 2871; x_wconf 78' lang='lat' dir='ltr'>procumbentem</span> <span class='ocrx_word' id='word_1_415' title='bbox 1341 2830 1420 2860; x_wconf 73' lang='lat' dir='ltr'>add.</span> <span class='ocrx_word' id='word_1_416' title='bbox 1442 2830 1480 2859; x_wconf 88' lang='lat' dir='ltr'>L.</span> <span class='ocrx_word' id='word_1_417' title='bbox 1554 2830 1624 2859; x_wconf 76' lang='lat'>188.</span> <span class='ocrx_word' id='word_1_418' title='bbox 1651 2839 1694 2859; x_wconf 76' lang='lat' dir='ltr'>en.</span> 
     </span>
     <span class='ocr_line' id='line_1_49' title="bbox 127 2871 1690 2913; baseline 0.001 -12"><span class='ocrx_word' id='word_1_419' title='bbox 127 2882 194 2902; x_wconf 86' lang='lat' dir='ltr'>om.</span> <span class='ocrx_word' id='word_1_420' title='bbox 209 2871 253 2901; x_wconf 88' lang='lat' dir='ltr'>N.</span> <span class='ocrx_word' id='word_1_421' title='bbox 310 2881 381 2911; x_wconf 74' lang='lat'>103.</span> <span class='ocrx_word' id='word_1_422' title='bbox 402 2872 446 2903; x_wconf 82' lang='lat' dir='ltr'>L:</span> <span class='ocrx_word' id='word_1_423' title='bbox 465 2872 760 2903; x_wconf 83' lang='lat' dir='ltr'>Culmensensem</span> <span class='ocrx_word' id='word_1_424' title='bbox 773 2886 802 2903; x_wconf 85' lang='grc' dir='ltr'>α.</span> <span class='ocrx_word' id='word_1_425' title='bbox 862 2875 931 2911; x_wconf 85' lang='grc'>198.</span> <span class='ocrx_word' id='word_1_426' title='bbox 959 2885 1016 2905; x_wconf 86' lang='lat' dir='ltr'>me</span> <span class='ocrx_word' id='word_1_427' title='bbox 1029 2875 1110 2905; x_wconf 81' lang='lat' dir='ltr'>add.</span> <span class='ocrx_word' id='word_1_428' title='bbox 1129 2875 1164 2904; x_wconf 90' lang='lat' dir='ltr'>L.</span> <span class='ocrx_word' id='word_1_429' title='bbox 1218 2884 1291 2904; x_wconf 74' lang='lat'>200.</span> <span class='ocrx_word' id='word_1_430' title='bbox 1312 2875 1451 2904; x_wconf 82' lang='lat' dir='ltr'>Datum</span> <span class='ocrx_word' id='word_1_431' title='bbox 1465 2873 1631 2913; x_wconf 81' lang='lat' dir='ltr'>Friburgi</span> <span class='ocrx_word' id='word_1_432' title='bbox 1645 2873 1690 2903; x_wconf 69' lang='lat' dir='ltr'>N.</span> 
     </span>
    </p>
   </div>
   <div class='ocr_carea' id='block_1_7' title="bbox 493 2955 1325 2996">
    <p class='ocr_par' dir='ltr' id='par_1_9' title="bbox 493 2955 1325 2996">
     <span class='ocr_line' id='line_1_50' title="bbox 493 2955 1325 2996; baseline 0.004 -13"><span class='ocrx_word' id='word_1_433' title='bbox 493 2955 587 2984; x_wconf 68' lang='lat'>2874.</span> <span class='ocrx_word' id='word_1_434' title='bbox 618 2957 688 2994; x_wconf 73' lang='grc'>167.</span> <span class='ocrx_word' id='word_1_435' title='bbox 714 2955 894 2994; x_wconf 83' lang='lat' dir='ltr'>Comicus]</span> <span class='ocrx_word' id='word_1_436' title='bbox 913 2956 992 2987; x_wconf 83' lang='lat' dir='ltr'>Ter.</span> <span class='ocrx_word' id='word_1_437' title='bbox 1015 2957 1154 2988; x_wconf 80' lang='lat' dir='ltr'>Phorm.</span> <span class='ocrx_word' id='word_1_438' title='bbox 1178 2967 1204 2987; x_wconf 87' lang='lat'>1.</span> <span class='ocrx_word' id='word_1_439' title='bbox 1226 2966 1252 2986; x_wconf 52' lang='grc' dir='ltr'>,ν</span> <span class='ocrx_word' id='word_1_440' title='bbox 1273 2958 1325 2996; x_wconf 77' lang='lat'>84.</span> 
     </span>
    </p>
   </div>
   <div class='ocr_carea' id='block_1_8' title="bbox 1714 329 1772 366">
    <p class='ocr_par' dir='ltr' id='par_1_10' title="bbox 1714 329 1772 366">
     <span class='ocr_line' id='line_1_51' title="bbox 1714 329 1772 366; baseline 0 -9"><span class='ocrx_word' id='word_1_441' title='bbox 1714 329 1772 366; x_wconf 82' lang='grc'>165</span> 
     </span>
    </p>
   </div>
   <div class='ocr_carea' id='block_1_9' title="bbox 1714 1143 1774 1172">
    <p class='ocr_par' dir='ltr' id='par_1_11' title="bbox 1714 1143 1774 1172">
     <span class='ocr_line' id='line_1_52' title="bbox 1714 1143 1774 1172; baseline 0 0"><span class='ocrx_word' id='word_1_442' title='bbox 1714 1143 1774 1172; x_wconf 81' lang='grc'>180</span> 
     </span>
    </p>
   </div>
   <div class='ocr_carea' id='block_1_10' title="bbox 1715 1697 1775 1726">
    <p class='ocr_par' dir='ltr' id='par_1_12' title="bbox 1715 1697 1775 1726">
     <span class='ocr_line' id='line_1_53' title="bbox 1715 1697 1775 1726; baseline 0 -9"><span class='ocrx_word' id='word_1_443' title='bbox 1715 1697 1775 1726; x_wconf 82' lang='grc'>190</span> 
     </span>
    </p>
   </div>
   <div class='ocr_carea' id='block_1_11' title="bbox 1716 1970 1774 1999">
    <p class='ocr_par' dir='ltr' id='par_1_13' title="bbox 1716 1970 1774 1999">
     <span class='ocr_line' id='line_1_54' title="bbox 1716 1970 1774 1999; baseline 0.034 -8"><span class='ocrx_word' id='word_1_444' title='bbox 1716 1970 1774 1999; x_wconf 84' lang='lat'>105</span> 
     </span>
    </p>
   </div>
   <div class='ocr_carea' id='block_1_12' title="bbox 1716 2243 1776 2263">
    <p class='ocr_par' dir='ltr' id='par_1_14' title="bbox 1716 2243 1776 2263">
     <span class='ocr_line' id='line_1_55' title="bbox 1716 2243 1776 2263; baseline 0 0"><span class='ocrx_word' id='word_1_445' title='bbox 1716 2243 1776 2263; x_wconf 77' lang='lat'>200</span> 
     </span>
    </p>
   </div>
  </div>
 </body>
</html>
