1966 3379
274 127 350 165 114
699 124 957 163 LETTERS
987 124 1058 163 OF
1087 122 1354 163 ERASMUS
1714 126 1835 174 [1532

271 230 426 267 similes
466 228 602 278 lepide
637 229 867 266 admodum
903 229 1100 267 dictitare
1136 241 1242 278 quos
1278 229 1488 273 Memnon,
1525 241 1609 277 quo
1644 233 1835 278 tempore

209 291 252 319 οο
272 284 428 321 bellum
451 296 528 333 pro
545 284 674 321 Dario
692 297 785 333 rege
802 284 1008 321 aduersus
1024 283 1315 321 Alexandrum
1333 287 1507 331 gereret,
1525 284 1626 320 dum
1644 285 1836 321 conuicia

271 338 515 388 petulanter
536 339 577 375 in
600 338 890 376 Alexandrum
913 340 1115 376 iacientes
1137 339 1422 387 comperisset,
1442 338 1565 375 hasta
1582 339 1834 387 percussisse

271 393 419 438 fertur,
447 393 586 442 ‘Ego’
615 394 811 442 inquiens
837 398 936 430 ‘vos
966 393 1045 438 alo,
1074 398 1122 430 vt
1153 405 1248 429 cum
1276 392 1519 429 Alexandro
1550 394 1740 430 cominus
1766 393 1833 430 de-

270 449 480 498 pugnetis,
512 460 596 485 non
627 449 755 485 etiam
788 452 836 485 vt
872 448 911 485 in
944 461 1040 485 eum
1075 448 1240 484 eminus
1273 447 1428 497 probra
1464 448 1665 485 iaciatis'.
1725 446 1836 484 Sunt

270 504 396 547 enim,
419 506 520 540 sunt
546 503 571 539 ii
601 503 692 552 ipsi,
715 515 821 552 quos
842 503 948 546 dico,
971 502 1290 549 vitilitigatores
1315 501 1422 539 tales
1450 506 1562 539 certe
1592 506 1639 538 vt
1662 502 1834 539 maledi-

209 563 251 600 65
270 570 360 595 cere
392 562 562 595 tantum
588 559 745 602 norint,
775 570 870 594 cum
899 557 1145 594 aduersario
1172 556 1319 606 pedem
1350 556 1538 593 conferre
1566 569 1649 593 non
1678 557 1834 601 ausint,

271 612 396 649 iidem
435 615 499 658 (vt
533 625 629 649 cum
665 611 970 661 Chrysostomo
1007 611 1083 648 hoc
1126 623 1218 648 meo
1254 611 1417 660 loquar)
1455 615 1540 651 ταῖς
1575 610 1836 660 κακηγορίαις

269 666 478 715 χαίροντες
498 666 651 715 μᾶλλον
671 665 695 715 ἢ
718 671 802 706 τοῖς
823 665 1039 715 ἐγκωμίοις
1060 665 1211 714 ἕτεροι;
1254 670 1302 703 vt
1323 665 1427 703 nihil
1450 665 1514 702 hic
1537 666 1587 702 de
1605 678 1715 703 nouo
1733 678 1833 714 quo-

271 722 369 759 dam
402 721 621 759 hominum
650 722 909 759 nostratium
938 720 1135 758 sodalitio
1165 733 1301 770 agam,
1329 733 1435 769 quos
1465 720 1660 769 equidem
1692 721 1836 757 mirari

271 777 375 813 satis
408 788 492 814 non
527 788 712 825 possum,
746 777 818 825 qui
851 788 983 824 quum
1015 774 1261 825 voluptates
1291 775 1440 812 diebus
1469 788 1517 812 ac
1548 775 1746 812 noctibus
1777 776 1834 812 sic

211 842 252 873 70
270 835 582 880 persequantur
604 835 652 868 vt
674 832 715 867 in
736 831 818 868 illis
847 830 1035 867 studium
1066 843 1188 867 omne
1213 829 1417 867 addicant
1445 842 1582 874 suum,
1605 829 1716 867 vnde
1745 829 1834 866 fieri

272 898 439 923 necesse
478 890 556 930 est,
593 886 782 923 omnium
820 885 1094 922 infantissimi
1127 890 1176 922 vt
1211 885 1309 929 sint,
1347 889 1490 921 tamen
1524 884 1647 921 alieni
1682 885 1836 933 ingenii

271 940 683 978 commendationem
720 941 753 977 si
788 940 959 988 quando
998 939 1191 984 audiunt,
1229 939 1490 976 inuidentiae
1531 939 1678 976 morbo
1719 940 1834 984 victi,

273 994 604 1044 haudquaquam
627 995 734 1032 serre
760 998 952 1045 possunt.
1014 994 1225 1031 Mirantur
1252 995 1394 1037 ctiam,
1420 993 1516 1030 belli
1539 993 1740 1038 homines,
1763 995 1835 1042 qui

272 1049 358 1087 fieri
395 1054 525 1099 queat
556 1055 603 1087 vt
639 1050 712 1098 qui
749 1049 862 1099 apud
896 1061 966 1086 eos
1001 1061 1025 1086 a
1057 1048 1251 1086 doctrina
1283 1048 1346 1085 vel
1379 1048 1539 1085 Graeca
1571 1048 1636 1085 vel
1668 1048 1835 1093 Latina,

213 1116 252 1147 75
272 1104 452 1153 denique
492 1104 546 1142 ab
587 1105 741 1153 ingenii
780 1103 905 1141 laude
944 1103 1100 1152 aliqua,
1141 1103 1477 1148 commendatur,
1518 1103 1617 1140 talis
1656 1103 1836 1140 euadere

273 1160 462 1209 potuerit
497 1158 666 1207 qualem
708 1158 827 1195 illum
867 1159 1052 1196 euasisse
1092 1158 1298 1199 audiuntz
1342 1158 1673 1206 haudquaquam
1715 1171 1834 1207 repu-

273 1217 430 1259 tantes,
453 1214 510 1250 sic
531 1213 821 1262 eloquentiam
849 1225 897 1250 ac
926 1213 1162 1250 doctrinam
1190 1212 1333 1249 labore
1361 1218 1491 1261 atque
1517 1214 1836 1258 exercitatione,

273 1273 322 1306 vt
342 1268 569 1305 infantiam
592 1269 889 1317 inscitiamque
911 1267 1196 1305 somnolentia
1217 1271 1348 1316 atque
1370 1268 1521 1304 inertia
1544 1268 1695 1316 parari.

328 1322 481 1371 Itaque
503 1323 675 1360 tametsi
702 1324 839 1372 ipsum
869 1322 1153 1360 Homiliarum
1181 1335 1286 1371 opus
1314 1335 1419 1371 pene
1448 1326 1589 1359 totum
1618 1323 1700 1359 iam
1728 1323 1837 1359 verti

212 1380 254 1410 80
275 1378 409 1423 (cuius
431 1378 533 1415 item
556 1378 613 1414 rei
635 1377 842 1414 Montano
864 1390 937 1426 per
958 1389 1024 1414 me
1053 1376 1177 1414 fidem
1206 1377 1366 1414 factam
1394 1389 1483 1414 esse
1506 1376 1633 1422 volui,
1657 1377 1836 1414 ostensis

274 1431 334 1469 illi
366 1431 531 1469 schedis
559 1432 663 1469 meis
694 1432 919 1479 omnibus),
945 1436 1091 1469 tamen
1122 1435 1355 1480 antequam
1386 1431 1498 1469 illius
1526 1431 1782 1469 aeditionem
1813 1444 1838 1468 a

274 1486 395 1523 nobis
416 1487 529 1524 exire
550 1487 702 1536 patior,
724 1486 973 1536 expectabo,
996 1499 1098 1524 num
1115 1486 1309 1523 alicunde
1327 1487 1575 1533 castigatius
1592 1486 1835 1535 exemplum

273 1542 458 1578 nancisci
489 1541 629 1579 adhuc
659 1543 829 1591 possim.
890 1540 1025 1586 Quam
1059 1542 1173 1578 enim
1208 1540 1399 1589 Σπάρταν
1435 1540 1590 1590 ἔλαχον,
1623 1541 1731 1578 hanc
1762 1553 1837 1589 ego

273 1596 410 1633 modis
443 1596 653 1641 omnibus,
694 1600 787 1633 tum
828 1608 903 1645 pro
938 1596 1063 1641 illius,
1096 1600 1189 1633 tum
1225 1608 1301 1645 pro
1337 1608 1429 1632 mea
1462 1596 1592 1645 ipsius
1628 1596 1837 1645 dignitate

213 1654 253 1692 85
273 1663 478 1688 exornare
506 1650 615 1688 volo.
675 1650 807 1688 Crede
834 1650 949 1695 mihi,
973 1651 1148 1688 Erasme
1176 1651 1410 1687 amicorum
1440 1651 1612 1699 optime,
1639 1654 1730 1688 tam
1751 1651 1835 1688 exi-

273 1706 404 1743 mium
426 1710 555 1754 atque
577 1705 787 1743 excellens
815 1710 892 1751 est,
916 1709 1007 1743 tam
1029 1705 1204 1743 doctum
1227 1710 1358 1754 atque
1379 1704 1558 1751 elegans,
1582 1710 1671 1742 tam
1694 1717 1836 1742 rarum

273 1764 403 1809 atque
443 1760 704 1805 absolutum,
746 1764 835 1797 tam
875 1759 1164 1798 Christianum
1205 1765 1334 1808 atque
1375 1759 1480 1796 adeo
1516 1764 1606 1797 tam
1642 1759 1836 1796 diuinum

274 1813 567 1864 Chrysostomi
595 1827 701 1864 opus
731 1814 809 1852 hoc
839 1820 887 1852 vt
914 1814 1129 1864 praeclare
1156 1814 1389 1852 admodum
1418 1827 1512 1852 cum
1538 1827 1587 1851 eo
1611 1818 1757 1852 actum
1789 1815 1838 1851 iri

273 1869 538 1914 crediderim,
561 1870 628 1907 cui
649 1869 784 1907 veluti
805 1869 951 1907 diuina
970 1869 1136 1918 virgula
1157 1869 1306 1906 datum
1330 1869 1406 1906 hoc
1428 1868 1558 1906 fuerit
1578 1873 1628 1906 vt
1650 1869 1717 1906 vel
1743 1872 1837 1906 toto

212 1935 254 1963 90
273 1924 475 1962 decennio
505 1925 645 1974 ipsum
673 1937 792 1974 opus,
823 1924 936 1973 quod
963 1924 1070 1969 dico,
1096 1923 1219 1961 Latio
1250 1937 1274 1960 a
1305 1936 1347 1961 se
1377 1924 1587 1961 donatum
1614 1925 1656 1961 in
1686 1923 1838 1973 vulgus

274 1978 396 2024 ἀξίως
426 1995 469 2016 τε
501 1977 568 2015 καὶ
602 1978 832 2028 ἀμωμήτως
867 1978 1015 2016 aedere
1048 1979 1194 2028 possit.
1254 1978 1357 2015 Mihi
1387 1991 1487 2016 sane
1518 1978 1703 2016 Socratis
1732 1978 1836 2015 illud

273 2033 388 2081 apud
420 2033 643 2071 Platonem
675 2046 839 2083 semper
866 2034 1022 2078 arrisit,
1049 2037 1229 2082 κρεῖττον
1259 2032 1307 2082 δὴ
1338 2032 1504 2082 σμικρὸν
1533 2031 1576 2070 εὖ
1602 2032 1625 2082 ἢ
1654 2032 1756 2070 πολὺ
1782 2032 1838 2082 μὴ

276 2087 419 2128 ἱκανῶς
455 2092 633 2137 περᾶναι.
692 2087 945 2137 Quanquam
977 2087 1031 2125 ad
1062 2101 1155 2125 eam
1186 2088 1273 2137 ipse
1301 2088 1558 2125 aeditionem
1590 2087 1837 2125 decennium

273 2155 358 2180 non
380 2143 574 2192 postulo:
608 2143 920 2181 maturabimus
942 2144 1051 2180 sicut
1072 2155 1149 2192 par
1171 2155 1488 2192 congruensque
1509 2143 1602 2180 erit.

213 2207 254 2238 95
330 2197 521 2243 Interim,
562 2198 693 2235 donec
726 2202 865 2235 totam
899 2197 1157 2235 aeditionem
1197 2198 1377 2246 profero,
1415 2201 1464 2234 vt
1499 2197 1648 2234 lectori
1683 2197 1839 2234 laboris

274 2253 408 2289 nostri
430 2253 654 2302 specimen,
677 2252 811 2289 veluti
828 2257 1013 2301 gustum,
1032 2251 1321 2301 praebeamus,
1341 2251 1536 2289 homilias
1554 2257 1650 2289 octo
1666 2253 1837 2301 priores,

275 2310 367 2343 tum
399 2305 580 2344 Graecas
611 2320 684 2356 per
714 2306 1079 2356 Chrysostomum‚
1105 2310 1198 2344 tum
1228 2306 1404 2344 Latinas
1430 2319 1504 2356 per
1532 2319 1610 2352 me,
1640 2311 1837 2355 quartam

274 2362 408 2398 totius
426 2363 562 2411 operis
580 2366 758 2411 partem,
774 2366 816 2398 te
831 2366 873 2399 et
888 2361 1107 2399 hortatore
1122 2365 1166 2398 et
1179 2362 1349 2410 auspice
1366 2361 1646 2410 publicamus.
1699 2361 1837 2398 Tuum

274 2416 355 2453 erit
370 2416 534 2466 vigilias
552 2417 627 2453 has
643 2421 812 2454 nostras
829 2429 853 2453 a
868 2415 1230 2465 sycophantarum
1246 2415 1670 2464 obtrectatorumque
1688 2416 1834 2452 morsi-

195 2479 256 2501 100
275 2470 366 2515 bus,
382 2471 415 2507 si
432 2471 503 2519 qui
517 2470 628 2508 forte
645 2471 842 2516 existent,
859 2470 1125 2508 defensitare.
1154 2470 1266 2508 Bene
1275 2470 1369 2508 vale
1384 2474 1427 2508 et
1440 2474 1575 2515 me‚vt
1592 2470 1712 2515 soles,
1729 2482 1836 2507 ama.

330 2524 527 2562 Lutetiae
549 2525 737 2563 calendis
759 2525 945 2562 octobris
966 2535 1204 2562 M.D.XXXII.

564 2606 618 2634 92.
645 2596 839 2627 Platonem
856 2597 1090 2636 scripsimus:
1117 2596 1282 2627 Platonis
1300 2596 1423 2636 Chrys.
1443 2596 1546 2627 Hom.

320 2703 371 2732 59.
397 2695 584 2733 Memnon]
603 2696 747 2731 Arrian,
767 2695 881 2726 Anab.
901 2705 928 2725 1.
950 2704 1000 2726 12.
1136 2696 1189 2734 83.
1216 2693 1382 2734 Σπάρταν]
1402 2695 1514 2734 Azlaq.
1536 2704 1629 2735 1401.

318 2739 372 2768 66.
398 2741 469 2771 ταῖς
496 2738 724 2779 κακηγορίαις]
750 2739 815 2769 We
841 2740 934 2770 have
960 2742 1024 2769 not
1135 2748 1189 2777 92.
1216 2741 1376 2778 κρεῖττον]
1397 2739 1535 2770 leeaet.
1557 2740 1654 2778 187Ε,

276 2780 367 2812 been
384 2782 465 2812 able
482 2786 521 2813 to
539 2786 638 2814 trace
656 2783 719 2814 the
736 2783 945 2823 quotation.
