1966 3379
244 120 324 157 420
787 120 1087 158 APPENDIX
1121 120 1279 158 XXIII

165 239 224 269 125
300 224 482 270 Quidam
514 224 777 262 consiliarius
813 224 1102 262 Bruxellensis
1138 225 1303 263 Erasmi
1338 229 1649 264 testamentum
1681 228 1824 266 videre

245 284 430 329 cuperet,
449 280 482 316 si
504 280 592 317 sine
614 279 820 317 molestiis
841 284 884 317 et
907 284 1005 317 tuto
1026 280 1269 329 exemplum
1293 281 1522 319 concedere
1545 283 1690 331 possis.
1742 282 1824 321 Pro

246 334 449 372 beneficio
489 347 573 372 non
614 335 841 383 experieris
877 335 1106 383 ingratum,
1143 335 1270 372 modo
1304 335 1449 384 aliqua
1485 337 1525 373 in
1562 350 1605 374 re
1639 338 1822 386 gratiam

245 389 399 426 referre
430 390 599 438 poterit.
660 389 738 426 Est
765 390 877 426 enim
907 390 1072 426 Erasmi
1100 389 1446 428 studiosissimus.
1507 390 1589 428 Sed
1619 395 1695 428 tua
1726 404 1822 441 pru-

245 444 390 481 dentia
406 443 550 489 faciat,
569 444 683 493 quod
701 448 890 493 prestare
908 444 1080 481 iudicas.
1133 444 1198 481 Me
1216 445 1383 494 rogauit
1402 450 1447 482 vt
1467 445 1545 482 tibi
1563 446 1806 484 indicarem.

457 610 495 650 A
521 613 585 651 lO.
653 610 843 650 LETTER
876 621 934 649 OF
969 610 1214 650 BONIFACE
1249 611 1519 651 AMERBACH
1554 623 1612 652 To

804 670 915 710 Jon.
952 670 1256 712 ALTENANUS.

299 756 415 789 ssasle
435 755 518 789 MS.
539 756 580 790 (¹.
604 755 692 788 VIa.
715 763 774 798 71.
800 765 866 796 115
888 760 943 788 νο.
1511 757 1641 792 Basle.

1382 816 1400 839 2
1422 807 1643 840 December
1667 817 1772 850 1539.

289 878 362 915 {An
379 878 587 917 autograph
606 877 722 917 rough
738 876 851 908 draft.
900 876 977 907 The
999 887 1152 917 passage
1171 881 1211 909 at
1232 877 1254 908 l.
1275 878 1315 917 38
1333 878 1362 909 is
1382 889 1422 909 so
1442 879 1552 909 much
1572 880 1759 911 corrected
1782 890 1822 911 as

246 926 284 952 to
303 923 347 951 be
366 921 664 961 unintelligible]

299 992 495 1030 CLARISS.
520 992 612 1029 viro
639 991 688 1029 D.
718 991 871 1029 Ioanni
897 990 1074 1029 Altinao
1097 992 1144 1029 V.
1173 992 1204 1029 I.
1229 992 1406 1038 doctori,
1430 997 1524 1038 etc,
1547 994 1721 1032 domino
1747 1008 1823 1033 suo

246 1047 509 1085 honorando.

300 1102 338 1140 S.
364 1102 408 1139 P.
469 1102 636 1139 Clariss.
661 1102 737 1138 vir.
798 1100 903 1138 Cum
930 1102 972 1138 in
998 1100 1135 1151 Aprili
1160 1103 1394 1151 praeterito
1421 1102 1538 1140 fama
1566 1103 1633 1142 hic
1661 1117 1821 1153 percre-

248 1158 431 1194 bruisset
467 1156 711 1194 Conradum
746 1154 997 1193 Goclenium
1031 1156 1083 1193 ad
1122 1169 1297 1207 superos
1337 1159 1552 1207 migrasse,
1589 1172 1637 1196 ac
1674 1158 1821 1196 fiscum

206 1232 224 1261 5
246 1212 413 1249 Erasmi
459 1210 740 1249 Ronterodami
785 1211 908 1248 bonis
952 1211 1067 1260 apud
1107 1211 1361 1249 defunctum
1403 1212 1607 1262 depositis
1648 1214 1822 1251 insidias

245 1267 432 1311 tendere,
459 1267 577 1315 coepi
605 1278 689 1303 non
719 1270 809 1303 tam
837 1265 995 1303 eruditi
1023 1267 1102 1303 viri
1130 1271 1312 1304 mortem
1341 1280 1471 1316 quam
1498 1269 1723 1317 pecuniam
1752 1269 1820 1306 de-

245 1322 430 1371 positam
460 1322 502 1358 in
531 1334 632 1358 vsus
660 1320 829 1357 debitos
857 1321 1031 1358 minime
1059 1321 1313 1359 collocatam
1340 1335 1429 1359 esse
1454 1327 1625 1372 praeter
1646 1323 1820 1361 modum

245 1376 401 1420 dolere,
433 1380 553 1413 ratus
583 1376 904 1413 cunctationem
935 1374 1125 1413 Goclenii
1156 1389 1250 1414 mea
1280 1377 1501 1426 diligentia
1531 1378 1820 1427 reponendam

246 1432 431 1480 bonique
471 1430 635 1468 heredis
674 1431 810 1468 officio
850 1430 1108 1476 incumbere,
1146 1436 1194 1468 vt
1228 1444 1483 1481 quocunque
1520 1432 1648 1470 modo
1684 1446 1820 1470 sacro-

187 1506 226 1526 10
246 1490 396 1523 sancta
418 1486 584 1523 Erasmi
606 1485 808 1522 voluntas
833 1485 1001 1522 illibata
1025 1490 1363 1524 conseruaretur.
1423 1486 1528 1525 Cum
1551 1492 1696 1525 autem
1719 1487 1822 1525 mihi

245 1541 299 1578 ab
336 1541 399 1578 his
436 1540 536 1578 locis
571 1540 719 1589 procul
755 1540 906 1578 dissito
941 1540 1108 1578 nullum
1144 1541 1260 1578 aliud
1296 1541 1531 1579 remedium
1568 1547 1821 1587 occurreret,

245 1595 500 1633 Academiae
536 1595 815 1632 Louaniensis
851 1595 1142 1633 Moderatores
1178 1596 1461 1645 interpellani,
1493 1596 1535 1634 id
1567 1598 1820 1634 nominatim

246 1663 386 1700 agens,
419 1654 467 1687 vt
497 1650 677 1699 pecunia
708 1650 927 1687 Erasmica
963 1651 1004 1687 in
1041 1663 1142 1687 vsus
1177 1650 1377 1688 Goclenio
1406 1651 1461 1688 ab
1492 1652 1671 1689 Erasmo
1701 1664 1820 1702 prae-

246 1706 427 1755 scriptos
457 1709 699 1742 verteretur
729 1709 818 1750 aut,
848 1706 882 1741 si
912 1704 1017 1742 nihil
1045 1706 1299 1743 nominatim
1327 1706 1609 1756 prescriptum
1637 1711 1820 1752 extaret,

188 1778 225 1808 15
246 1760 414 1797 illorum
446 1759 720 1809 prouidentia
755 1761 797 1796 in
832 1772 999 1797 annuos
1030 1760 1192 1797 reditus
1223 1760 1433 1798 collocata
1462 1761 1626 1798 alendis
1656 1761 1822 1810 aliquot

246 1814 505 1865 pauperibus
527 1814 729 1852 studiosis
750 1814 997 1852 deseruiret.
1058 1815 1114 1852 Et
1135 1827 1232 1852 cum
1254 1816 1282 1852 ii
1302 1819 1495 1865 tempore
1517 1816 1755 1865 insequenti
1778 1829 1821 1853 se

247 1870 324 1907 hoc
352 1883 402 1907 ex
432 1870 696 1919 praescripto
724 1882 819 1907 meo
846 1869 1036 1907 facturos
1064 1870 1332 1919 recepissent,
1359 1883 1484 1907 omne
1512 1871 1576 1908 ius
1604 1871 1818 1920 dispensa-

246 1925 387 1969 tionis,
424 1924 478 1961 ob
514 1923 701 1961 Goclenii
737 1925 1057 1962 cunctationem
1098 1925 1141 1962 in
1176 1937 1241 1962 me
1277 1929 1485 1974 tanquam
1522 1929 1820 1975 nuncupatum

247 1979 442 2016 heredem
465 1979 733 2024 deuolutum,
750 1991 892 2017 coram
915 1979 1146 2016 tabellione
1168 1992 1215 2017 ac
1238 1979 1420 2017 testibus
1442 1993 1648 2018 consensu
1670 1993 1818 2018 execu-

185 2053 226 2073 20
246 2038 387 2071 torum
411 2034 526 2071 omni
546 2034 718 2072 meliore
742 2034 870 2071 modo
895 2035 999 2071 cessi
1020 2036 1197 2083 <atque>
1218 2035 1262 2071 in
1283 2047 1353 2072 eos
1374 2034 1590 2079 transtuli,
1612 2048 1661 2072 ea
1682 2035 1820 2073 solum

246 2089 334 2138 lege
365 2089 532 2126 adiecta
562 2089 843 2138 repetitaque,
872 2092 921 2126 vt
952 2088 1123 2126 relictae
1154 2089 1356 2138 pecuniae
1387 2102 1555 2127 summa
1584 2090 1627 2126 in
1658 2090 1821 2127 reditus

246 2156 411 2181 annuos
428 2143 687 2193 pauperibus
702 2143 867 2192 aliquot
881 2143 1082 2181 studiosis
1096 2143 1258 2181 alendis
1273 2144 1512 2182 destinatos
1527 2144 1819 2190 collocaretur,

246 2198 409 2247 collegii
430 2198 641 2247 trilinguis
663 2199 756 2235 istic
779 2199 981 2235 iuuenum
1004 2199 1197 2248 inprimis
1220 2199 1427 2236 rationem
1451 2199 1597 2236 haberi
1619 2199 1776 2236 volens.

302 2253 418 2290 Haec
440 2266 536 2290 cum
559 2254 631 2297 ita,
655 2254 719 2290 vir
740 2253 912 2297 clariss,
935 2257 984 2291 vt
1005 2254 1206 2298 recensui,
1228 2258 1347 2302 gesta
1369 2254 1467 2298 sint,
1486 2254 1589 2303 quid
1610 2254 1819 2303 reliquum

185 2325 225 2355 25
247 2308 301 2344 sit
323 2320 400 2357 pro
425 2311 501 2345 tua
526 2307 756 2357 prudentia
780 2307 904 2345 facile
928 2307 1100 2358 colligis.
1162 2308 1344 2345 Proinde
1372 2308 1487 2357 quod
1515 2308 1618 2345 mihi
1648 2308 1821 2346 heredes

246 2361 447 2407 Goclenii,
471 2375 651 2411 quorum
677 2367 908 2412 patronum
933 2363 1033 2412 agis,
1056 2362 1239 2412 epistola
1262 2363 1366 2400 bene
1388 2363 1513 2412 longa
1534 2363 1819 2408 commendas,

246 2421 289 2454 et
311 2417 569 2454 documenta
592 2417 671 2454 tibi
692 2417 760 2454 edi
781 2418 912 2467 cupis,
936 2417 1090 2466 quibus
1111 2417 1284 2467 probari
1305 2419 1464 2468 poterit
1485 2418 1672 2463 donatio,
1692 2430 1819 2467 quam

246 2471 373 2509 iidem
404 2471 580 2509 heredes
607 2472 908 2521 praetendunt,
938 2471 1134 2521 equidem
1165 2471 1345 2509 libenter
1375 2472 1455 2510 tibi
1484 2472 1757 2522 gratificarer,
1787 2473 1820 2509 si

246 2526 349 2575 quid
385 2526 439 2563 ad
475 2527 726 2563 institutum
762 2530 886 2564 tuum
922 2527 1139 2576 pertinens
1169 2526 1284 2576 apud
1315 2539 1391 2564 nos
1421 2531 1603 2565 extaret.
1664 2527 1819 2564 Verum

186 2599 228 2629 30
247 2593 343 2618 cum
366 2593 417 2617 ex
441 2581 608 2618 Erasmi
633 2585 906 2626 testamento,
929 2585 1022 2618 tum
1046 2594 1099 2618 ex
1123 2581 1362 2619 rationibus
1390 2582 1475 2619 suis
1503 2594 1609 2630 quas
1637 2582 1821 2619 moriens

247 2635 350 2673 mihi
378 2648 454 2672 sua
482 2648 611 2672 manu
640 2635 823 2685 reliquit,
853 2649 905 2673 ne
934 2636 1065 2673 verbo
1093 2636 1264 2685 quidem
1292 2636 1536 2674 donationis
1567 2637 1819 2681 meminerit,

248 2691 378 2727 immo
400 2693 538 2727 totam
561 2691 763 2739 pecuniae
785 2703 996 2728 summam
1019 2695 1227 2740 tanquam
1249 2691 1365 2740 apud
1386 2690 1634 2728 Goclenium
1657 2691 1818 2740 deposi-

248 2749 338 2782 tam
379 2745 421 2781 in
458 2744 629 2783 tabulas
664 2757 762 2782 suas
797 2745 1004 2790 retulerit,
1040 2749 1084 2782 et
1118 2745 1297 2783 eandem
1333 2746 1375 2782 in
1412 2745 1645 2782 Brabantia
1680 2745 1818 2783 distri-

248 2799 462 2836 buendam
502 2798 730 2844 mandarit,
767 2799 872 2836 mihi
911 2799 1155 2837 huiusmodi
1190 2800 1379 2844 donatio,
1420 2801 1539 2837 cuius
1577 2799 1820 2849 exemplum

188 2872 228 2902 35
249 2853 575 2902 misisti—quod
604 2854 714 2891 bona
740 2858 815 2891 tua
844 2867 946 2904 pace
973 2854 1136 2891 dictum
1166 2854 1668 2892 velim—simulationem
1697 2854 1820 2891 subo·

248 2908 331 2946 lere
363 2908 545 2945 videtur,
605 2907 715 2953 Quid
746 2908 861 2957 quod
895 2907 1084 2946 Goclenii
1120 2921 1290 2958 quoque
1324 2908 1605 2958 chirographa
1634 2908 1820 2946 eiusdem

248 2963 451 3013 pecuniae
482 2962 725 3012 depositum
762 2963 996 3001 indicantia
1032 2964 1074 3000 in
1108 2964 1272 3001 scriniis
1308 2963 1533 3001 Erasmicis
1568 2964 1818 3009 inuenimus,
