1966 3379
247 105 326 142 388
707 105 967 144 LETTERS
999 106 1069 145 OF
1100 106 1367 146 ERASMUS

1703 111 1826 159 [1534

248 224 313 248 me
334 211 507 255 adeunt,
530 211 803 248 sciscitantur
823 215 866 249 et
888 211 1162 261 compellant,
1185 213 1288 261 quid
1316 225 1392 262 ego
1419 226 1471 251 ex
1501 217 1542 251 te
1572 214 1824 264 intelligam,

248 265 407 303 velisne
430 266 618 303 Luthero
641 266 893 315 respondere
911 280 964 304 an
984 271 1071 304 tam
1090 273 1278 305 atrocem
1296 268 1502 306 deuorare
1519 269 1825 306 contumeliam

185 335 226 367 45
246 325 289 358 et
312 325 435 358 tanto
456 322 733 358 conuiciatori
759 321 952 358 blandiri.

302 376 404 426 Ego,
429 377 484 413 mi
512 376 697 421 Erasme,
721 389 829 425 quae
854 381 929 413 tua
951 381 1015 413 cst
1039 378 1212 427 insignis
1238 381 1520 427 spectataque
1544 378 1669 416 rebus
1691 380 1824 416 omni-

248 431 327 468 bus
360 431 603 481 prudencia,
633 432 718 468 scio
747 436 789 468 tc
820 431 923 468 nihil
953 436 1111 469 temere
1139 437 1352 469 acturum.
1413 432 1495 470 Sed
1527 434 1730 482 quoniam
1756 434 1826 472 ille

248 487 438 523 minatur
466 500 508 523 se
539 486 629 523 orbi
660 486 908 523 relicturum
938 487 989 523 (le
1023 492 1063 524 te
1098 487 1313 532 iudicium,
1338 487 1463 537 idque
1485 488 1610 537 quale
1633 489 1689 526 sit
1710 488 1825 526 futu-

248 554 341 578 rum
371 540 494 578 facile
522 541 716 578 diuinare
747 546 879 591 potes,
903 542 981 578 uisi
1012 542 1212 579 honorem
1242 547 1286 579 ct
1311 543 1674 580 existimationem
1705 547 1824 581 tuam

186 611 227 640 50
247 596 486 634 defenderis
506 600 550 634 et
572 596 624 633 de
647 596 835 633 Luthcro
857 610 1028 646 quoque
1052 601 1173 634 tuum
1199 597 1399 634 iudicium
1426 601 1490 643 (vt
1520 611 1596 647 par
1621 602 1702 645 est)
1731 611 1823 648 pro-

247 651 408 696 tuleris,
442 663 588 688 vereor
622 664 673 688 ne
707 664 904 697 magnam
939 653 1124 689 nominis
1156 653 1218 689 tui
1251 656 1294 689 et
1328 653 1464 690 omnis
1496 654 1827 691 existimationis

248 711 347 744 tuae
376 707 585 744 iacturam
615 707 670 743 sis
702 706 908 743 facturus.
970 706 1066 744 Non
1098 708 1210 744 enim
1243 707 1556 745 existimabunt
1588 713 1629 745 te
1662 709 1826 746 ratione

247 765 511 799 commotum
544 766 696 807 tacere,
727 761 799 798 sed
831 765 947 799 metu
979 766 1023 799 et
1054 762 1316 799 consciencia
1347 763 1518 812 propria
1549 764 1826 812 perterritum

247 816 554 861 obmutescere,
586 829 682 853 cum
717 829 800 853 non
838 816 997 854 audeas
1029 817 1283 866 respondere
1316 821 1382 854 tot
1414 818 1632 867 tantisque
1665 818 1827 855 iniuriis

186 887 226 917 55
247 871 440 909 affectus.
500 871 559 908 At
584 875 682 909 tuos
706 871 871 908 emulos
896 871 998 920 quid
1024 876 1197 909 acturos
1225 872 1500 921 dicturosque
1529 876 1687 922 putas?
1747 872 1827 918 Qui

247 926 407 976 alioqui
423 930 464 963 te
479 925 668 963 Luthero
684 939 973 976 precursorem
988 928 1194 972 extitisse,
1212 927 1355 976 illique
1369 931 1621 977 argumenta
1636 928 1825 965 omnium

247 994 420 1019 suorum
444 981 696 1030 dogmatum
722 983 796 1029 [te]
821 981 1168 1019 subministrasse
1194 982 1526 1028 calumniantur,
1549 983 1688 1031 quale,
1713 995 1826 1031 rogo,

246 1037 467 1074 existimas
486 1036 561 1073 hos
578 1036 629 1073 dc
648 1040 689 1073 te
712 1036 913 1074 iudicium
932 1037 1188 1086 prolaturos,
1207 1038 1239 1074 si
1259 1037 1361 1074 velis
1379 1037 1433 1074 ad
1453 1037 1528 1074 has
1545 1038 1828 1075 contumelias

248 1095 394 1129 mutus
415 1095 534 1128 esse?
594 1091 689 1128 Non
716 1092 821 1128 satis
849 1095 914 1128 est
939 1092 1055 1141 quod
1082 1096 1123 1129 te
1153 1092 1381 1142 bilinguem
1411 1093 1701 1142 impostorem,
1725 1094 1825 1130 arti-

185 1156 228 1185 60
248 1146 367 1184 ficem
396 1147 648 1187 satanicum,
679 1159 818 1195 regem
847 1146 1157 1196 amphibolum,
1187 1147 1527 1184 confusissimam
1562 1147 1826 1193 Babilonem,

247 1201 467 1239 ethnicum
504 1205 547 1238 et
586 1201 817 1251 Epicurum
856 1206 992 1247 vocet,
1034 1202 1382 1252 Anabaptistam,
1424 1202 1826 1248 Sacramentarium,

248 1256 491 1300 Arrianum,
530 1256 817 1301 Donatistam,
856 1256 1092 1294 hereticum
1135 1261 1201 1295 ter
1241 1258 1477 1295 maximum
1519 1262 1563 1294 et
1605 1262 1826 1295 versutum

247 1311 405 1349 Christi
432 1312 641 1348 irrisorem
671 1311 785 1348 clara
814 1324 916 1349 voce
941 1311 1147 1361 appellat,
1174 1316 1305 1361 atque
1336 1312 1429 1349 aliis
1461 1312 1702 1350 huiusmodi
1734 1325 1825 1350 sex-

248 1367 382 1404 centis
405 1366 610 1403 inauditis
632 1366 881 1404 criminibus
904 1372 946 1404 te
968 1370 1222 1417 nuncupat?
1273 1366 1389 1413 Quae
1412 1368 1445 1404 si
1468 1367 1588 1412 ferre,
1612 1368 1645 1404 si
1668 1368 1828 1405 tacitus

186 1431 228 1468 65
249 1421 458 1472 deglutire
486 1425 620 1471 potes,
652 1433 873 1470 nunquam
899 1425 942 1459 te
967 1426 1080 1459 recte
1113 1422 1226 1459 noui.
1287 1422 1492 1468 Quamuis
1522 1422 1716 1460 fortassis
1747 1422 1828 1460 tibi

248 1490 333 1514 non
366 1476 508 1513 desint
538 1476 662 1513 amici
692 1477 764 1525 qui
796 1489 915 1514 secus
947 1477 1152 1522 senciant,
1184 1490 1260 1514 nec
1294 1481 1450 1527 putent
1481 1477 1824 1527 respondendum

249 1532 399 1569 insano
422 1532 544 1568 iuxta
566 1532 775 1568 insaniam
794 1544 914 1569 suam
933 1545 1035 1577 esse,
1054 1545 1105 1570 ne
1127 1533 1218 1580 (in)
1241 1532 1351 1570 idem
1377 1533 1651 1582 procacitatis
1668 1533 1827 1569 crimen

249 1586 410 1624 incidas
438 1586 553 1636 quod
582 1587 623 1623 in
653 1585 726 1624 illo
754 1586 1115 1636 reprehendimus.
1176 1587 1226 1624 Id
1257 1588 1337 1624 etsi
1369 1600 1518 1624 verum
1549 1600 1638 1625 esse
1670 1591 1827 1637 potest,

250 1654 334 1679 non
356 1646 500 1679 tamen
524 1641 821 1690 negligendum
848 1641 958 1679 idem
981 1655 1130 1679 censeo
1152 1642 1256 1691 quid
1285 1642 1335 1680 de
1359 1646 1401 1679 te
1423 1643 1602 1691 quisque
1624 1642 1829 1692 loquatur

187 1714 229 1744 70
249 1701 291 1734 et
323 1697 496 1734 senciat.
556 1696 598 1734 Si
627 1696 736 1733 alius
766 1702 878 1734 esset
909 1697 1136 1742 Lutherus,
1158 1697 1342 1734 facerem
1373 1697 1489 1746 quod
1520 1698 1689 1747 saepius
1719 1697 1824 1743 feci;

248 1751 513 1789 consulerem
548 1752 671 1788 iuxta
703 1752 887 1801 priorem
921 1753 1195 1797 sententiam,
1229 1765 1280 1789 ne
1314 1753 1593 1790 conuiciatori
1626 1753 1828 1790 conuiciis

249 1806 537 1857 responderes.
598 1806 722 1844 Nunc
754 1811 900 1844 autem
932 1820 1029 1845 cum
1060 1807 1173 1845 illius
1207 1808 1367 1857 scripta
1398 1807 1544 1845 orbem
1578 1808 1826 1845 vniuersum

248 1861 373 1899 facile
405 1866 661 1911 percurrant
693 1865 737 1899 et
770 1862 825 1899 ad
862 1862 1037 1900 vltimos
1068 1862 1271 1900 mortales
1304 1863 1571 1912 perueniant,
1603 1875 1688 1900 non
1719 1866 1827 1912 puto

249 1917 493 1954 consultum
526 1920 575 1954 vt
605 1929 692 1954 rem
725 1917 899 1955 silencio
929 1922 1183 1967 praetereas
1245 1917 1401 1955 Verum
1433 1922 1480 1954 tu
1513 1930 1590 1967 pro
1620 1922 1697 1955 tua
1728 1930 1827 1967 pru-

189 1987 229 2018 75
249 1972 411 2017 dencia‚
429 1971 533 2021 quid
553 1971 795 2010 faciendum
818 1972 897 2009 tibi
919 1973 987 2017 sit,
1011 1977 1117 2022 puto
1139 1973 1223 2010 iam
1246 1972 1409 2022 pridem
1428 1973 1718 2017 constituisti;
1751 1985 1828 2022 ego

250 2039 358 2076 quae
386 2040 481 2064 mea
507 2030 552 2064 et
579 2027 814 2064 amicorum
844 2031 1017 2065 tuorum
1050 2027 1116 2065 hic
1148 2028 1204 2065 sit
1231 2028 1447 2065 sententia
1478 2027 1667 2077 proferre
1696 2027 1826 2065 volui.

250 2081 313 2119 Tu
336 2081 464 2119 facies
485 2081 601 2131 quod
623 2082 988 2120 consultissimum
1011 2082 1240 2120 videbitur.

304 2136 377 2174 Hii
408 2137 519 2174 tanti
548 2141 692 2174 motus
718 2137 761 2174 in
788 2136 1017 2175 Germania
1045 2137 1148 2187 quid
1178 2137 1444 2187 portendant
1471 2137 1594 2175 facile
1622 2138 1829 2175 coniicere

249 2196 384 2242 potes
445 2191 555 2238 Quid
584 2205 738 2230 aurum
766 2191 979 2230 Gallicum
1010 2193 1147 2242 possit
1175 2192 1306 2230 vides.
1367 2193 1457 2242 Ego
1488 2192 1615 2242 plane
1643 2192 1779 2230 veluti
1806 2205 1828 2229 e

187 2255 229 2284 80
250 2260 418 2285 summa
433 2246 605 2297 specula
620 2247 789 2285 ruinam
805 2248 940 2284 totius
957 2247 1211 2285 Germaniae
1228 2260 1383 2297 magno
1398 2247 1565 2297 fragore
1583 2251 1828 2285 secuturam

249 2337 301 2377 48.
321 2336 403 2367 EE':
429 2335 598 2366 relictum
615 2335 697 2366 MS.
754 2345 805 2376 54.
832 2347 917 2367 cum
933 2337 1159 2377 scripsimus:
1185 2337 1243 2367 cui
1262 2336 1344 2367 MS.
1400 2338 1454 2367 So.
1481 2337 1566 2367 EE:
1594 2346 1727 2376 magna
1745 2336 1827 2367 MS.

293 2453 346 2482 44.
372 2440 609 2481 respondere]
633 2441 711 2471 The
737 2441 907 2480 Puryatz'o
929 2441 1002 2472 had

248 2486 399 2526 already
424 2486 517 2516 been
542 2485 760 2524 published;
793 2496 841 2516 on
862 2495 895 2516 11
917 2485 1003 2526 May

249 2531 427 2561 Erasmus
448 2530 478 2559 is
500 2529 687 2569 surprised
708 2530 793 2560 that
812 2540 834 2559 a
853 2539 949 2570 copy
965 2530 1003 2560 of

249 2576 278 2605 it
296 2575 362 2605 has
379 2577 446 2604 not
463 2573 618 2603 reached
635 2573 764 2604 Schets
782 2574 867 2613 (Ep.
883 2574 1002 2612 2933):

249 2629 296 2649 on
315 2627 352 2648 12
367 2618 453 2657 May
465 2617 510 2647 he
527 2617 601 2647 had
619 2621 702 2647 sent
719 2628 740 2647 a
756 2628 853 2657 copy
867 2621 907 2648 to
924 2617 1004 2648 Cles

249 2662 334 2702 (Ep.
363 2662 474 2701 2941).
523 2661 601 2691 But
632 2661 727 2691 from
758 2662 822 2691 the
856 2665 1007 2701 present

248 2707 360 2737 letter
382 2706 411 2736 it
431 2716 517 2745 may
536 2705 582 2735 be
603 2705 763 2735 inserted
783 2705 880 2741 that,
900 2705 1006 2735 when

250 2751 426 2780 Erasmus
446 2753 560 2780 wrote
578 2753 618 2779 to
634 2749 765 2779 Choler
781 2759 828 2779 on
846 2760 865 2789 4
889 2749 1006 2790 April,

249 2795 313 2825 the
346 2794 444 2824 book
470 2803 545 2823 was
576 2797 643 2823 not
671 2797 734 2832 yet
766 2793 889 2833 ready.
949 2793 1006 2824 On

251 2847 290 2877 23
309 2838 395 2877 May
411 2837 541 2868 Choler
558 2837 625 2867 has
642 2837 671 2867 it
689 2837 773 2876 (Ep.
794 2838 905 2876 2937).

295 2883 347 2921 78.
374 2881 512 2918 motus]
533 2881 611 2911 The
627 2891 703 2910 war
725 2881 781 2911 for
802 2881 866 2911 the
888 2884 1002 2911 resto-

250 2926 371 2956 ration
406 2925 444 2956 of
482 2924 609 2955 Ulrich
645 2924 683 2955 of
722 2924 1003 2965 Wurtemberg;

250 2969 494 3000 Ferdinand's
538 2968 747 2999 lieutenant
796 2968 869 2999 had
910 2969 1003 2999 been

1070 2441 1243 2472 defeated
1273 2444 1314 2471 at
1345 2441 1500 2471 Lauffen
1527 2440 1614 2480 only
1642 2444 1706 2471 ten
1738 2441 1830 2481 days

1071 2485 1295 2526 previously,
1313 2485 1387 2515 and
1408 2485 1472 2516 the
1496 2490 1624 2525 troops
1646 2485 1684 2515 of
1706 2485 1828 2525 Philip

1071 2530 1109 2560 of
1156 2529 1274 2560 Hesse
1320 2539 1413 2560 were
1459 2529 1727 2569 over-running
1765 2529 1829 2560 the

1072 2573 1206 2613 duchy.

1116 2626 1169 2656 79.
1195 2627 1328 2648 aurum
1374 2617 1570 2655 Gallicum]
1619 2617 1726 2647 After
1772 2617 1829 2647 his

1076 2661 1238 2701 meeting
1254 2661 1345 2691 with
1362 2661 1425 2691 the
1443 2661 1543 2701 Pope
1560 2664 1600 2691 at
1617 2660 1829 2697 Marseilles‚

1076 2705 1226 2735 Francis
1247 2705 1319 2735 had
1339 2715 1432 2745 gone
1452 2709 1492 2735 to
1511 2704 1736 2736 Bar-le-duc.
1754 2704 1829 2735 and

1075 2749 1208 2789 agreed
1226 2753 1265 2779 to
1283 2759 1357 2788 pay
1374 2749 1495 2789 Philip
1515 2757 1655 2786 125‚000
1672 2748 1828 2784 thalers;

1076 2793 1121 2823 he
1132 2793 1205 2823 had
1217 2792 1428 2833 previously
1440 2792 1526 2832 paid
1539 2802 1680 2828 100,000
1688 2802 1829 2822 crowns

1076 2841 1115 2867 to
1138 2837 1202 2867 the
1224 2837 1342 2867 dukes
1367 2837 1404 2867 of
1429 2836 1608 2872 Bavaria3
1634 2836 1829 2875 according

1038 2909 1042 2912 ⁴
1072 2884 1112 2911 to
1153 2880 1283 2911 Choler
1318 2880 1368 2917 (11.
1413 2881 1513 2919 83—5)
1549 2889 1693 2919 300,000
1727 2880 1830 2910 aurei

1072 2924 1204 2955 scutati
1231 2934 1325 2954 were
1352 2924 1519 2955 received
1546 2924 1597 2964 by
1622 2924 1686 2955 the
1710 2924 1828 2955 Bava-

1073 2969 1172 2999 rians
1186 2978 1233 2999 on
1253 2977 1289 2998 21
1310 2967 1407 3008 May.
