1966 3379
147 133 268 184 2906]
669 131 740 172 TO
769 132 922 171 JOHN
951 132 1182 171 CHOLER
1631 133 1710 172 359

146 251 210 283 ne,
247 241 296 275 vt
326 238 547 287 imperitus
577 237 808 286 chirurgus,
842 236 999 274 vulnus
1029 237 1200 274 sinistra
1231 238 1448 275 curatione
1478 239 1611 287 magis
1641 251 1710 275 ex·
1731 245 1771 283 85

147 292 400 329 acerbarem.
462 292 605 341 Rogas
636 296 684 328 vt
714 304 788 341 per
818 291 930 328 hunc
961 292 1165 328 nuncium
1196 292 1436 337 rescribam,
1466 305 1613 330 Verum
1639 293 1712 341 qui

147 346 253 384 duas
275 346 477 395 epistolas
499 346 696 391 reddidit,
718 345 939 383 fatebatur
963 358 1006 383 se
1034 358 1119 384 non
1146 359 1217 383 eas
1244 347 1453 395 accepisse
1480 347 1710 396 Augustae,

147 400 220 438 sed
247 400 403 438 alicubi
430 401 473 437 in
501 401 903 450 propinquo—puto
928 400 971 437 in
997 400 1075 437 hoc
1103 400 1273 450 oppido.
1334 401 1397 437 Ex
1428 401 1579 450 Anglia
1608 401 1711 438 nihil

147 455 319 493 omnino
348 455 526 492 affertur
554 455 677 492 noui:
711 467 762 492 ne
789 467 811 492 e
839 454 1074 491 Brabantia
1101 454 1285 504 quidem,
1317 455 1396 491 nisi
1424 455 1538 504 quod
1568 468 1712 493 rumor

146 513 211 547 est
239 510 363 547 nimis
394 522 530 554 verus,
563 521 776 546 summum
809 508 867 546 ibi
900 508 1108 558 templum
1139 521 1294 558 magna
1323 522 1374 546 ex
1405 514 1528 558 parte
1558 510 1710 547 confla·
1731 525 1774 553 90

146 576 298 614 grasse.
359 562 401 600 Si
429 563 531 613 quid
558 563 670 600 hisce
697 563 899 600 nundinis
924 576 1134 600 nouarum
1161 576 1301 600 rerum
1323 563 1535 608 afferetur,
1557 564 1711 602 faciam

148 623 189 656 te
207 618 471 668 participem.
513 617 576 655 De
590 617 835 655 valetudine
852 630 946 655 mea
962 618 1127 655 vtinam
1144 630 1308 667 possem
1327 617 1503 655 laetiora
1519 618 1710 664 scribere,

147 672 253 710 adeo
275 672 422 710 crebro
443 685 510 710 me
532 673 686 722 repetit
708 671 810 709 haec
828 673 916 709 siue
932 672 1132 722 podagra,
1150 673 1237 709 siue
1254 672 1458 721 chiragra,
1477 673 1565 709 siue
1582 685 1710 722 pana-

147 740 232 777 gra,
251 739 395 764 omnes
417 731 589 764 tentans
610 730 743 771 artus,
761 730 805 763 et
821 726 991 764 aliunde
1008 726 1090 764 alio
1106 727 1303 776 migrans,
1322 727 1392 764 vbi
1411 728 1514 764 satis
1530 728 1712 776 priorem

148 782 287 819 locum
304 781 633 819 excarnificauit.
675 781 807 818 Dolor
824 781 1101 818 intolerabilis
1118 781 1251 818 durat
1262 781 1394 818 ferme
1411 781 1689 830 quatriduum
1704 796 1711 827 3
1732 796 1773 826 95

148 835 299 874 deinde
320 839 488 873 tumore
509 835 661 873 oborto
685 835 735 872 fit
758 835 1026 884 aliquantum
1051 835 1207 881 mitior,
1230 835 1303 873 sed
1324 848 1439 873 more
1463 835 1619 873 ducum
1642 837 1714 885 qui

146 890 305 928 multas
326 903 442 927 arces
463 894 688 940 occupant,
710 890 858 927 relicto
879 889 1089 939 praesidio
1110 894 1289 939 occupat
1318 890 1436 928 aliud
1462 890 1713 935 membrum,

147 945 206 982 ibi
236 945 288 982 de
317 945 481 993 integro
503 945 675 981 lseuiens
704 957 850 981 rursus
880 944 976 982 inde
1006 944 1123 982 aliud
1154 944 1368 982 leuissima
1399 945 1616 982 occasione
1646 945 1714 982 uel

148 999 271 1044 redit,
294 998 360 1036 uel
386 999 653 1036 incrudescit.
714 998 777 1036 Ne
807 998 943 1036 leuem
975 999 1146 1048 quidem
1178 1002 1425 1036 contactum
1456 1000 1635 1049 patitur,
1667 1003 1713 1036 vt

148 1054 264 1091 dicas
288 1066 526 1102 anagyrum
551 1066 653 1098 esse,
676 1065 805 1102 quam
832 1052 1089 1091 Graecorum
1116 1054 1343 1103 prouerbia
1368 1058 1520 1091 vetant
1541 1054 1714 1091 moueri.
1739 1068 1799 1090 100

149 1108 304 1146 Vereor
324 1112 482 1154 autem,
505 1120 557 1145 ne
577 1112 667 1149 tam
688 1108 846 1145 crebris
866 1107 1124 1145 cruciatibus
1149 1108 1227 1145 hoc
1255 1107 1382 1146 senile
1404 1108 1716 1158 corpusculum,

149 1175 197 1200 ac
228 1166 296 1199 tot
325 1162 448 1200 malis
478 1175 656 1207 cassum,
687 1175 773 1199 non
803 1162 875 1199 diu
906 1163 1099 1200 sufficiat.
1160 1162 1359 1208 Quirinus
1388 1175 1519 1207 meus,
1551 1162 1602 1200 de
1633 1175 1717 1211 quo

149 1218 303 1266 queris,
333 1217 399 1254 hic
424 1217 545 1261 viuit,
573 1217 745 1254 auditor
770 1217 890 1261 Zasii,
914 1216 1087 1266 pulchre
1118 1218 1301 1254 vestitus
1332 1218 1518 1266 pecuniis
1549 1217 1716 1254 Britan-

148 1272 275 1316 nicis;
317 1271 448 1308 habet
478 1284 574 1309 suos
604 1283 946 1316 consusurrones,
978 1271 1029 1308 de
1060 1284 1144 1321 quo
1174 1271 1279 1308 alias
1308 1284 1383 1321 per
1413 1272 1552 1309 ocium
1581 1271 1717 1321 plura,

149 1339 258 1375 quae
279 1327 437 1375 partim
459 1325 626 1363 ridebis.
687 1325 802 1363 Haec
824 1325 878 1363 ad
899 1326 1080 1376 primam
1104 1330 1224 1363 tuam
1246 1326 1486 1376 epistolam,
1509 1325 1594 1364 Cal.
1618 1326 1716 1363 Feb.
1741 1339 1801 1369 105

149 1381 365 1429 scriptam.

206 1435 338 1472 Venio
359 1434 413 1472 ad
434 1434 613 1472 alteram
635 1435 751 1484 prius
778 1435 994 1483 scriptam,
1017 1435 1089 1472 sed
1113 1435 1262 1473 eodem
1291 1435 1356 1472 die
1381 1435 1606 1473 redditam.
1667 1434 1719 1472 In

150 1489 282 1526 literis
309 1489 364 1526 ad
392 1490 758 1538 Paungartnerum
783 1489 945 1526 nullam
973 1489 1082 1527 facio
1107 1490 1367 1527 mentionem
1395 1489 1613 1540 epistolae,
1636 1502 1720 1539 qua

150 1543 262 1581 illius
284 1543 431 1581 laudes
455 1544 676 1593 praedico3
705 1548 877 1581 tantum
906 1545 1033 1581 mitto
1059 1544 1214 1582 librum
1237 1544 1299 1581 De
1320 1545 1644 1594 praeparatione
1666 1544 1719 1581 ad

151 1602 344 1636 mortem.
404 1597 579 1636 Ciuilius
600 1599 710 1636 enim
733 1598 929 1644 arbitror,
952 1603 1001 1636 vt
1023 1611 1066 1636 se
1093 1599 1318 1636 laudatum
1343 1612 1394 1636 ex
1423 1603 1465 1636 te
1493 1602 1721 1648 cognoscat
1742 1613 1804 1634 110

149 1653 293 1702 potius
315 1665 443 1702 quam
464 1666 515 1690 ex
537 1666 615 1690 me.
675 1652 883 1698 Quoniam
913 1657 1057 1691 autem
1086 1653 1295 1703 significas
1323 1658 1366 1691 te
1390 1653 1589 1703 languere
1614 1653 1718 1690 desi-

151 1707 266 1745 derio
283 1708 372 1744 eius
386 1707 493 1752 libri,
508 1708 654 1744 statim
672 1707 900 1745 emandaui
917 1707 1028 1745 hunc
1044 1721 1224 1758 puerum
1242 1721 1381 1746 meum
1401 1712 1551 1758 suapte
1569 1711 1720 1758 sponte

151 1774 409 1812 propensum
438 1761 493 1799 ad
517 1763 609 1807 iter,
632 1775 683 1799 ne
712 1766 759 1799 tu
786 1762 993 1800 desiderio
1020 1763 1225 1800 moriaris.
1286 1763 1473 1800 Tantum
1502 1775 1649 1800 vereor
1669 1775 1720 1800 ne

153 1816 267 1854 dicas
303 1816 382 1854 tibi
415 1829 491 1866 pro
527 1816 728 1854 thesauro
764 1821 954 1866 repertos
991 1817 1206 1855 carbones.
1266 1817 1379 1855 Noui
1412 1817 1721 1866 Paungartneri

152 1871 458 1920 benignitatem
494 1883 659 1920 semper
693 1875 903 1921 paratam.
964 1871 1125 1909 Tamen
1160 1872 1328 1909 curabis
1362 1885 1414 1909 ne
1454 1872 1550 1909 huic
1590 1884 1721 1921 puero
1743 1885 1803 1916 115

152 1929 322 1975 praeter
342 1925 488 1962 literas
503 1930 579 1963 aut
597 1926 750 1963 similia
766 1925 927 1975 aliquid
944 1927 1254 1971 committatur,
1278 1927 1356 1964 nisi
1380 1926 1489 1964 forte
1512 1926 1615 1963 velit
1637 1939 1721 1963 vno

154 1979 326 2017 aureolo
347 1992 499 2029 augere
521 1981 738 2017 viaticum.
799 1980 910 2018 Nam
933 1981 1294 2029 quemadmodum
1317 1981 1432 2030 apud
1454 1994 1521 2018 me
1542 1994 1627 2018 non
1649 1980 1721 2018 diu

153 2034 248 2079 fuit,
271 2035 332 2072 ita
353 2046 437 2072 non
458 2034 629 2072 videtur
649 2035 722 2072 diu
744 2047 980 2073 mansurus.
1032 2034 1073 2073 Si
1091 2035 1326 2085 Episcopus
1348 2036 1469 2073 adest
1492 2035 1721 2085 Augustae,

154 2102 254 2126 cura
275 2093 324 2126 vt
340 2089 515 2138 recipiat
530 2102 580 2126 ea
596 2102 705 2138 quae
721 2102 796 2139 per
813 2089 923 2127 hunc
940 2090 1068 2127 mitto
1085 2105 1092 2135 ;
1120 2091 1152 2127 si
1170 2091 1252 2127 iam
1271 2091 1478 2128 concessit
1495 2090 1722 2140 Dilingam,

155 2143 252 2181 iube
283 2156 414 2193 puero
444 2147 492 2180 vt
522 2143 617 2181 illac
648 2144 778 2181 faciat
808 2144 888 2182 iter
918 2144 1106 2189 rediens3
1139 2146 1172 2182 si
1203 2144 1456 2182 obambulat
1483 2157 1557 2195 per
1583 2145 1723 2182 varias
1745 2158 1806 2180 120

154 2210 283 2243 arces,
307 2202 355 2235 tu
376 2199 514 2247 recipe
535 2211 559 2236 a
580 2211 711 2248 puero
732 2199 885 2244 omnia,
908 2202 951 2236 et
972 2212 1073 2236 cura
1098 2203 1147 2236 vt
1175 2201 1310 2248 primo
1336 2212 1504 2249 quoque
1532 2204 1723 2249 tempore

155 2252 210 2290 ad
242 2265 338 2290 eum
371 2252 651 2302 perferantur.
712 2253 831 2290 Idem
863 2254 897 2291 si
926 2253 1036 2291 forte
1068 2254 1363 2303 Paungartner
1392 2254 1515 2291 abest
1544 2254 1722 2303 longius,

200 2352 297 2390 85-6.
323 2352 579 2382 exacerbarem
596 2352 709 2382 OLB:
736 2352 1010 2383 exasserbarcrn
1028 2365 1067 2382 a:
1094 2353 1302 2383 aoerbarem
1321 2353 1432 2384 Lond.
1565 2354 1618 2392 87.
1646 2353 1723 2383 rcd-

156 2395 290 2425 diderit
308 2395 346 2425 O.
509 2396 561 2432 89.
587 2395 634 2426 O:
660 2395 836 2427 afferetur
852 2409 882 2426 α.
971 2406 989 2426 e
1007 2408 1046 2426 a:
1073 2407 1118 2426 cx
1136 2396 1174 2427 O.
1335 2406 1388 2433 92.
1415 2397 1462 2427 O:
1488 2398 1674 2436 partipem
1693 2409 1723 2427 α.

155 2448 208 2477 95.
236 2439 349 2469 fermo
367 2450 406 2468 a:
434 2439 508 2468 scre
526 2438 563 2469 Ο.
696 2449 767 2469 100.
793 2440 983 2479 anagyrirn
1001 2439 1039 2470 O.
1172 2449 1243 2470 102.
1270 2450 1413 2470 cassum
1433 2452 1472 2470 a:
1500 2445 1641 2470 tostum
1660 2440 1723 2470 Ol:

157 2486 299 2513 tortum
316 2482 371 2512 0².
448 2483 518 2512 108.
545 2495 565 2512 α
582 2482 692 2513 Lond.
708 2494 714 2513 ε
741 2483 1072 2523 Paurngartnerutn
1091 2483 1129 2514 O.
1210 2493 1281 2519 109.
1308 2488 1457 2514 tanturn
1476 2496 1515 2514 a:
1542 2488 1666 2514 tamon
1685 2484 1723 2514 O.

158 2535 230 2556 112.
263 2525 459 2556 amandam
490 2525 544 2556 02.
655 2536 726 2567 114.
761 2539 780 2556 α
809 2527 942 2558 Lond.:
976 2527 1255 2568 Paumgartneri
1284 2528 1322 2558 O.
1437 2537 1508 2558 122.
1542 2540 1561 2557 α
1591 2527 1723 2558 Lond.:

157 2569 424 2610 Paumgartner
441 2569 478 2599 Ο.

202 2765 255 2792 9ο.
282 2755 478 2795 templum]
497 2755 561 2785 Sec
579 2755 648 2795 Ep.
669 2757 764 2794 2876.
784 2766 840 2786 2n.
1064 2757 1255 2797 epistolae]
1293 2757 1369 2787 Tho
1412 2757 1522 2787 letior
1561 2761 1600 2787 to
1641 2756 1725 2787 Ver-

206 2809 277 2829 100.
304 2799 522 2838 anagyruin]
572 2799 637 2829 Sco
684 2800 796 2838 Adai).
845 2802 907 2839 65;
977 2811 1074 2840 gara,
1101 2801 1218 2830 which
1247 2801 1319 2831 had
1348 2800 1569 2831 dissatisficd
1599 2800 1728 2831 Cliolcr

161 2843 290 2873 Suidus
308 2853 374 2873 ΒΝ.
394 2841 445 2872 ἐπὶ
459 2844 522 2872 τῶν
535 2841 767 2881 ἐπισπωμένων
782 2842 910 2877 ἑαυτοῖς
979 2844 1064 2884 (Ep.
1086 2845 1196 2883 2870).

160 2885 200 2916 τὰ
218 2884 314 2916 κακά.
1024 2898 1035 2918 1
1048 2897 1096 2918 12.
1124 2888 1293 2928 puerum]
1312 2888 1376 2917 wo
1394 2892 1529 2918 cannot,
1549 2887 1717 2928 identiify.

209 2939 279 2960 102.
306 2930 494 2967 Quirinus]
513 2930 577 2960 Sco
592 2930 660 2969 Ep.
677 2939 760 2970 2704
775 2931 909 2962 introd.
1028 2941 1098 2971 114.
1126 2942 1191 2971 pro
1209 2932 1398 2969 thesauro]
1421 2932 1534 2971 Δάας.
1554 2932 1627 2971 830.

210 2975 280 3003 108.
307 2973 436 3011 literis]
454 2974 507 3004 Cf.
524 2974 595 3014 Ep.
610 2975 704 3004 2882.
724 2983 777 3004 111.
