1966 3379
101 150 223 200 2684]
522 148 593 187 To
624 147 908 186 BONIFACE
940 146 1259 185 AMERBACH
1620 149 1670 185 59

101 253 243 292 aufert
278 252 534 297 incendium,
567 265 690 302 agros
724 252 850 289 alluit
884 264 1012 297 mare,
1050 252 1122 288 vix
1157 252 1287 288 etiam
1324 263 1501 300 parcens
1535 253 1671 288 saxeis

101 307 342 346 montibus:
375 308 418 344 in
439 319 568 344 vnam
589 308 797 346 virtutem
819 307 995 343 fortuna
1017 305 1184 343 nullum
1207 306 1338 343 habet
1360 306 1435 342 ius.

156 361 338 400 Proinde
365 363 399 399 si
426 362 543 399 istud
571 361 744 399 Domini
772 361 898 398 fidem
927 365 1047 398 tuam
1075 360 1340 410 explorantis
1368 360 1670 410 vulnusculum

100 418 282 467 patienti
306 416 417 454 feras
444 417 600 461 animo,
624 415 788 453 confido
816 416 1011 453 futurum
1034 420 1082 452 vt
1110 415 1180 452 ille
1202 427 1286 464 qua
1314 419 1379 452 est
1408 414 1671 464 benignitate
1691 420 1732 447 60

101 471 340 509 infantulae
366 472 576 509 iacturam
605 475 754 521 penset
779 471 886 508 scito
912 482 1057 520 puero,
1084 470 1157 519 qui
1182 470 1317 519 possit
1345 470 1469 506 istius
1497 469 1669 519 opulen-

102 527 186 564 tiae
208 530 309 563 tuae
331 526 452 575 longe
474 525 674 563 Croeseas
699 538 799 575 opes
823 525 1065 575 superantis
1091 525 1400 561 successionem
1423 524 1465 560 in
1487 524 1670 561 solidum

100 593 329 630 capessere,
353 581 426 629 qui
450 585 493 617 te
518 580 639 618 nobis
665 581 943 629 congeminet,
966 580 1039 628 qui
1060 583 1103 616 te
1125 591 1201 616 nec
1224 591 1438 616 senescere
1460 579 1573 616 sinat
1595 591 1671 616 nec

101 636 334 673 intermori.
395 634 588 684 Hac,spe
610 634 849 672 fulciendus
870 639 963 672 erat
984 634 1163 679 animus,
1187 634 1252 670 vir
1273 633 1572 678 eruditissime,
1595 646 1670 670 nec

100 690 293 740 oportuit
323 689 468 727 oculos
499 702 665 739 semper
696 689 851 727 habere
881 688 989 726 fixos
1016 688 1072 726 ad
1099 688 1143 725 id
1168 688 1283 737 quod
1310 692 1506 738 ereptum
1531 692 1610 733 est,
1637 689 1670 725 si
1690 692 1730 728 65

100 749 246 782 tamen
258 744 335 782 hoc
346 749 412 782 est
421 745 537 794 eripi,
550 745 593 781 in
607 744 771 782 coelum
782 744 1020 794 praemitti;
1044 742 1117 781 sed
1131 743 1419 792 reputandum
1434 747 1527 780 erat
1540 755 1670 792 quam

100 799 227 837 multi
239 799 379 836 adhuc
396 800 439 836 in
457 804 499 836 te
521 799 642 837 liberi
661 803 804 836 essent
825 798 1045 836 reconditi.
1106 797 1199 835 Iam
1217 797 1321 835 mihi
1337 797 1444 847 finge
1458 810 1543 834 non
1561 797 1669 835 obti-

99 855 206 903 gisse
223 853 390 899 liberos,
408 866 463 891 an
477 853 614 891 Deum
630 853 879 891 vocabimus
897 854 937 890 in
953 854 1029 898 ius,
1048 853 1148 902 quia
1162 865 1248 890 non
1266 852 1385 890 dedit
1402 852 1516 901 quod
1530 853 1669 902 auspi-

100 909 215 946 canti
231 909 553 946 matrimonium
570 921 656 946 non
677 912 743 946 est
764 908 1010 958 pollicitus?
1053 908 1167 945 Pone
1193 907 1418 956 contigisse
1439 906 1613 947 πολλούς
1635 906 1670 943 τ’

99 962 274 1012 ἀγαθούς
293 979 349 1008 τε,
372 963 445 1000 sed
473 976 573 1001 mox
601 968 782 1013 ereptos,
805 963 908 1012 quid
936 962 1126 1000 habituri
1150 975 1296 999 sumus
1317 963 1455 999 iustae
1476 961 1671 1010 querelae
1693 973 1732 1003 70

98 1018 303 1056 aduersus
324 1018 492 1055 Deum?
541 1017 664 1064 Quod
686 1018 817 1063 dedit,
839 1019 1077 1067 gratuitum
1099 1022 1187 1062 est;
1217 1016 1344 1066 quod,
1362 1029 1495 1066 quum
1518 1016 1670 1061 voluit,

99 1073 250 1110 datum
272 1073 525 1122 repoposcit,
549 1086 626 1110 suo
647 1073 736 1110 iure
764 1073 889 1110 fecit:
922 1085 1059 1122 neque
1087 1072 1200 1109 enim
1229 1072 1271 1109 id
1299 1076 1553 1121 perpetuum
1581 1083 1671 1109 esse

99 1127 250 1173 voluit,
272 1127 345 1165 sed
365 1127 752 1165 commodatitium.

104 1219 106 1221 ,
153 1182 281 1232 Apud
302 1182 462 1232 Anglos
483 1183 583 1220 noui
606 1183 780 1221 Ioannis
801 1182 938 1220 Coleti
960 1186 1155 1227 matrem,
1174 1194 1294 1219 rarae
1316 1181 1492 1231 pietatis
1513 1185 1670 1218 matro-

99 1250 223 1276 nam:
261 1250 313 1275 ex
343 1237 490 1275 eodem
524 1238 680 1276 marito
713 1238 900 1287 suscepit
933 1236 1040 1274 filios
1073 1237 1283 1281 vndecim,
1318 1235 1426 1273 filias
1463 1236 1670 1277 totidem:
1693 1247 1732 1277 75

99 1296 219 1330 totus
245 1292 313 1330 ille
335 1292 488 1330 chorus
509 1296 681 1342 ereptus
702 1297 779 1337 est,
803 1305 888 1330 vno
910 1295 1090 1342 excepto
1114 1290 1275 1335 ColetO,
1298 1292 1371 1340 qui
1395 1291 1538 1328 fuerat
1566 1296 1673 1328 natu

100 1348 324 1385 maximus.
381 1347 624 1397 Ademptus
646 1352 711 1385 est
738 1352 782 1385 et
809 1348 991 1384 maritus
1019 1359 1146 1384 senex
1175 1347 1299 1384 anui:
1332 1347 1416 1384 iam
1442 1345 1674 1383 accedebat

98 1402 152 1440 ad
173 1414 334 1440 annum
351 1403 686 1452 nonagesimum,
705 1402 813 1440 facie
830 1406 920 1440 tam
937 1403 1114 1451 integra,
1132 1401 1322 1439 moribus
1339 1405 1429 1439 tam
1447 1400 1672 1445 alacribus,

101 1461 149 1494 vt
171 1457 331 1495 diceres
353 1457 470 1495 illam
498 1469 573 1495 nec
601 1457 759 1495 luxisse
784 1469 988 1506 vnquam,
1011 1469 1087 1494 nec
1116 1457 1340 1506 peperisse.
1401 1456 1607 1505 Denique,
1631 1456 1674 1492 ni

99 1511 238 1558 fallor,
259 1515 303 1549 et
324 1511 472 1550 Coleto
493 1513 745 1562 superuixit.
807 1512 996 1549 Tantum
1019 1512 1150 1549 animi
1172 1511 1302 1548 robur
1322 1510 1532 1548 foeminae
1554 1523 1672 1560 prae·
1695 1518 1735 1548 So

99 1567 224 1612 stitit,
247 1579 332 1604 non
353 1567 550 1612 eruditio,
568 1567 641 1605 sed
662 1568 800 1617 pietas
822 1580 920 1617 erga
942 1567 1092 1604 Deum.
1143 1566 1201 1604 Et
1217 1570 1266 1604 tu
1283 1566 1348 1603 vir
1364 1566 1448 1603 ista
1464 1565 1673 1610 doctrina,

98 1622 181 1659 ista
202 1621 445 1671 prudentia,
468 1623 552 1660 ista
572 1623 750 1660 caeteris
776 1623 817 1659 in
847 1622 972 1659 rebus
999 1622 1131 1659 animi
1157 1621 1412 1671 praesentia,
1436 1620 1675 1658 infantulae

101 1678 404 1714 commoreris?
463 1676 602 1723 Quum
626 1677 704 1715 hac
727 1677 816 1726 lege
844 1689 1072 1714 nascamur
1099 1689 1258 1721 omnes,
1282 1689 1414 1725 quum
1444 1676 1515 1713 isti
1539 1687 1674 1720 casus,

101 1743 356 1781 quocunque
378 1736 420 1769 te
443 1737 600 1777 vertas,
622 1745 835 1781 nusquam
852 1744 937 1769 non
954 1735 1180 1769 occurrant
1197 1730 1343 1776 oculis,
1361 1731 1481 1768 cuius
1499 1730 1676 1768 obsecro

99 1787 353 1836 prudentiae
369 1791 446 1832 est,
465 1787 499 1824 si
516 1787 618 1836 quid
635 1787 884 1824 humanitus
901 1786 1069 1831 accidit,
1088 1786 1209 1823 velut
1225 1786 1279 1823 ad
1298 1798 1385 1823 rem
1408 1786 1675 1835 inopinatam
1695 1792 1735 1830 85

99 1853 147 1878 ac
169 1841 454 1891 prodigiosam
476 1842 742 1879 exanimari?
791 1841 897 1879 Aliis
920 1842 962 1879 in
985 1841 1111 1879 rebus
1133 1845 1258 1890 turpe
1280 1842 1420 1878 visum
1442 1845 1507 1878 est
1528 1840 1675 1890 priscis

99 1895 249 1941 dicere,
270 1895 354 1933 Οὐκ
375 1895 501 1945 ᾤμην,
520 1896 586 1934 hic
607 1901 826 1934 extremae
848 1896 1071 1934 vecordiae
1093 1897 1150 1934 sit
1171 1895 1322 1941 dicere,
1341 1895 1438 1933 Non
1460 1900 1673 1946 putaram.

101 1950 210 1997 Quid
232 1952 344 1988 enim
367 1952 401 1989 is
421 1951 538 1989 aliud
560 1951 676 1989 dicat
699 1965 829 2001 quam
850 1964 935 1989 non
957 1955 1158 2001 putaram
1181 1963 1248 1988 me
1269 1963 1360 1988 esse
1382 1950 1628 1988 hominem?

155 2005 249 2044 Scio
281 2006 394 2043 dices
424 2019 491 2044 me
522 2019 663 2044 serum
697 2019 786 2044 esse
817 2006 1142 2051 consolatorem,
1174 2007 1260 2043 imo
1294 2018 1371 2055 pro
1407 2004 1675 2042 consolatore

101 2060 418 2111 obiurgatorem
454 2074 589 2111 agere.
649 2061 859 2107 Alterum,
901 2062 959 2098 mi
998 2061 1206 2105 Bonifaci,
1241 2060 1319 2098 tibi
1360 2062 1449 2110 ipse
1489 2061 1675 2110 imputes
1694 2076 1737 2103 90

101 2119 284 2165 oportet,
318 2117 390 2165 qui
426 2129 493 2154 me
528 2116 808 2154 domesticam
845 2116 1136 2154 calamitatem
1170 2120 1291 2153 tuam
1325 2116 1429 2153 scire
1464 2115 1673 2152 nolueris:

100 2170 283 2208 alterum
306 2171 500 2208 fortassis
522 2184 571 2209 co
593 2171 834 2221 profecerit,
858 2175 907 2209 vt
928 2172 970 2209 in
993 2175 1213 2221 posterum
1235 2170 1440 2208 aduersus
1466 2170 1676 2207 humanos

100 2238 223 2263 casus
251 2227 307 2263 sis
334 2227 596 2264 instructior.
658 2227 840 2264 Miratur
865 2226 934 2264 ille
962 2226 1245 2264 Terentianus
1274 2225 1409 2270 Mitio,
1431 2237 1675 2274 quenquam

100 2292 222 2330 posse
250 2282 473 2318 instituere
502 2282 544 2318 in
572 2282 762 2319 animum
792 2281 907 2331 quod
934 2282 990 2319 sit
1020 2281 1189 2318 charius
1217 2293 1347 2330 quam
1378 2281 1466 2330 ipse
1497 2280 1552 2317 sit
1583 2279 1674 2316 sibi.

102 2335 159 2372 Et
186 2340 252 2373 est
279 2336 451 2385 quidem
479 2335 743 2385 φιλοστοργία
771 2336 948 2374 humani
975 2336 1274 2384 mansuetique
1299 2336 1431 2372 animi
1459 2334 1673 2372 indicium.
1695 2348 1736 2377 95

101 2388 182 2427 Sed
204 2390 389 2428 arbitror
411 2404 462 2428 ne
485 2391 706 2429 Mitionem
728 2391 913 2441 quidem,
936 2391 971 2429 si
992 2391 1086 2440 quis
1107 2403 1231 2428 casus
1252 2391 1478 2440 eripuisset
1506 2389 1674 2426 Aeschi-

102 2457 218 2490 num,
252 2458 352 2495 prae
388 2445 508 2483 luctu
542 2447 583 2483 in
620 2445 817 2484 morbum
856 2446 986 2483 fuisse
1017 2445 1320 2495 collapsurum.
1375 2445 1499 2482 Nunc
1536 2449 1585 2482 tu
1625 2443 1676 2481 de

103 2503 180 2537 tuo
207 2500 339 2549 ipsius
370 2500 557 2550 periculo
588 2514 773 2547 securus,
804 2505 848 2539 et
878 2502 919 2538 in
952 2505 1029 2539 tuo
1057 2500 1170 2538 malo
1198 2500 1333 2545 fortis,
1360 2500 1500 2537 alieno
1528 2498 1677 2536 morbo

102 2553 304 2601 deiiceris,
327 2568 376 2593 ac
399 2568 546 2593 vereor
566 2569 617 2593 ne
638 2560 682 2594 ct
710 2557 977 2593 immoriaris.
1038 2555 1149 2601 Quid
1177 2555 1351 2592 tandem
1377 2554 1554 2591 obsecro
1581 2566 1674 2603 pro-

102 2608 322 2647 fecturus?
382 2610 448 2647 An
477 2610 549 2648 illa
574 2610 774 2660 lacrymis
796 2612 838 2648 in
862 2612 997 2648 vitam
1024 2610 1215 2648 reuocari
1246 2610 1435 2659 poterit?
1489 2608 1531 2645 Si
1564 2608 1677 2645 Deus
1700 2622 1760 2642 100

103 2664 287 2713 teipsum
310 2677 334 2702 a
356 2669 399 2702 te
422 2670 630 2714 reposcat,
653 2670 729 2703 aut
750 2679 835 2703 non
858 2666 963 2703 satis
984 2666 1085 2703 noui
1107 2670 1161 2710 te,
1185 2669 1263 2702 aut
1287 2676 1425 2713 aequo
1451 2664 1593 2701 animo
1622 2663 1677 2699 sis

104 2718 492 2768 obtemperaturus.
573 2721 834 2770 Repoposcit
882 2720 1156 2765 infantulam,
1201 2724 1245 2757 et
1287 2719 1432 2756 ‹lolorc
1476 2717 1675 2755 contabe-

103 2773 213 2811 scis?
252 2786 327 2811 nec
356 2775 517 2824 cogitas
543 2779 647 2824 quot
674 2775 799 2813 orbos
830 2776 954 2813 vnius
980 2776 1158 2813 interitu
1184 2774 1378 2812 facturus
1404 2774 1471 2817 sis,
1501 2773 1533 2809 si
1563 2771 1676 2820 quod

148 2925 201 2957 74.
226 2916 341 2948 Colcti
354 2918 525 2956 matrem]
540 2918 656 2949 Darne
669 2918 854 2949 Christian
924 2918 1027 2949 Colct
1044 2918 1117 2948 had
1135 2917 1218 2947 diod
1238 2918 1275 2947 16
1289 2916 1389 2956 Sept.
1410 2924 1500 2953 1510.

105 2959 270 3000 Knyvet.
319 2961 363 2992 In
384 2970 462 3000 1521
483 2962 660 2993 Erasmus
682 2967 796 2993 wrote
819 2963 856 2993 of
968 2972 1022 3001 93.
1049 2962 1168 2999 Mitio]
1187 2961 1266 2991 Ter.
1288 2961 1355 2991 Ad.
1380 2969 1406 2989 1.
1431 2969 1456 2990 1.
1477 2960 1572 2998 38-9,

105 3004 169 3034 her
187 3005 270 3045 (Ep.
294 3014 386 3036 1211.
406 3007 549 3044 250-62)
572 3016 612 3037 as
634 3006 708 3037 still
730 3006 854 3045 living.
