1966 3379
146 182 265 229 2639]

544 177 702 216 FROM
722 177 952 215 ‹JEROME
984 177 1298 215 ALEANDER
1682 179 1705 214 9

147 296 273 321 sanus
303 283 405 320 mihi
441 295 604 332 semper
635 282 776 319 censui
806 281 1119 325 abstinendum,
1152 293 1283 330 quum
1315 281 1418 318 nihil
1450 282 1583 330 magis
1620 281 1705 318 offi-

146 351 236 376 cere
265 348 513 387 cognoscam
540 337 597 374 rei
622 341 665 373 et
691 336 902 373 literariae
930 340 973 373 et
1004 336 1260 373 christianae
1291 348 1419 384 quani
1452 336 1534 372 ista
1562 335 1705 372 docto-

146 405 240 430 rum
284 393 471 429 virorum
515 391 700 435 dissidia,
746 391 857 428 vnde
902 390 968 428 vel
1018 391 1189 427 initium
1234 390 1301 427 vel
1347 403 1547 439 magnum
1593 394 1706 426 certe

146 447 383 485 fomentum
405 458 468 483 res
490 445 735 483 Lutherana
756 446 950 494 accepit?

1009 445 1163 482 Fateor
1184 458 1250 482 me
1272 444 1481 493 quidquid
1503 444 1706 481 librorum
1729 457 1768 486 25

147 516 168 539 e
190 501 414 539 Germania
436 500 634 538 Venetias
656 500 976 538 conuehebatur
997 512 1151 549 magno
1180 499 1292 536 illius
1313 499 1537 536 nebulonis
1560 498 1706 535 biblio-

147 556 268 607 polae
289 559 469 604 quaestu
491 555 593 592 mihi
616 555 717 592 dum
736 554 923 592 Venetiis
944 567 1078 592 essem
1101 566 1379 603 comparasse,
1403 566 1487 591 non
1504 566 1588 602 quo
1606 558 1709 590 tunc

147 611 361 648 studerem
392 622 524 659 quum
550 622 632 646 non
660 613 843 653 vacaret,
872 609 945 646 sed
973 622 1057 658 quo
1088 609 1347 646 bibliotheca
1375 608 1478 645 mihi
1510 612 1620 645 esset
1649 609 1707 644 in-

148 666 373 710 structior;
406 677 533 714 quam
562 668 660 713 post
691 664 856 701 obitum
888 676 1029 701 meum
1061 665 1102 700 in
1135 663 1353 713 publicum
1385 676 1509 700 vsum
1541 662 1709 700 cuidam

148 720 435 769 religiosorum
459 719 677 757 hominum
696 718 871 768 collegio
888 718 1263 768 locupletissimam
1283 718 1419 767 legare
1436 722 1500 755 est
1517 718 1684 754 animus
1701 731 1707 754 1
1731 729 1771 759 30

148 779 192 812 et
213 778 260 812 tu
284 774 411 811 homo
432 774 514 811 ista
536 773 774 823 prudentia,
799 774 880 810 ista
909 773 1117 817 doctrina,
1141 773 1254 810 addo
1281 774 1410 810 etiam
1440 774 1523 809 ista
1554 776 1709 816 aetate,

148 829 391 879 persuaderi
431 829 610 878 potuisti
650 827 715 865 me
752 828 818 866 vel
859 829 1140 865 mercenarias
1174 827 1239 865 vel
1275 827 1521 876 ἀνεμωλίους
1561 839 1711 876 operas

148 884 325 922 Alberto
347 888 547 933 prestare,
569 887 613 920 et
634 883 685 920 de
707 883 784 920 hac
808 896 850 920 re
872 882 926 920 ad
948 883 1186 932 complures
1208 883 1366 920 amicos
1388 882 1624 932 scripsisti?
1661 881 1712 918 In

148 951 232 988 quo
254 938 349 976 vide
376 950 504 987 quam
536 937 767 988 prudenter
796 938 943 975 feceris
973 942 1017 975 et
1047 938 1169 987 longe
1200 950 1318 974 secus
1343 950 1471 986 quam
1494 936 1711 974 Hercules.

147 994 225 1031 Ille
246 994 357 1030 enim
379 993 661 1042 septicipitem
684 992 878 1041 hydram,
899 1005 948 1030 eo
970 993 1134 1042 ingenio
1155 992 1394 1042 praeditam
1418 996 1466 1029 vt
1487 1004 1572 1029 vno
1593 1003 1713 1028 caeso
1734 1001 1773 1031 35

150 1049 288 1098 capite
318 1048 404 1086 duo
434 1047 754 1097 repullularent,
782 1060 955 1096 prorsus
982 1047 1164 1088 excidit:
1197 1051 1244 1084 tu
1267 1051 1417 1085 contra
1438 1045 1715 1096 μονοκέφαλον

149 1103 313 1140 hostem
344 1115 549 1152 pugnans,
581 1102 682 1139 dum
716 1115 793 1147 me,
828 1102 929 1139 (111111
965 1101 1262 1152 Sepuluedam,
1300 1102 1402 1139 dum
1434 1102 1575 1139 nescio
1608 1113 1714 1150 quos

148 1158 266 1203 alios,
298 1157 400 1194 dum
437 1157 715 1194 Parisiensem
746 1157 1020 1194 Academiam
1057 1170 1226 1195 omnem
1262 1158 1351 1194 eius
1387 1157 1483 1194 libri
1518 1160 1715 1193 auctores

150 1212 216 1250 vel
238 1212 390 1250 saltem
412 1212 466 1249 ad
482 1224 575 1249 eam
598 1224 685 1249 rem
708 1211 778 1248 οὐκ
800 1211 1050 1260 ἀσυμβόλους
1072 1212 1189 1257 facis,
1208 1216 1275 1249 tot
1293 1212 1372 1249 tibi
1393 1212 1555 1249 excitas
1573 1211 1715 1248 hostes

149 1271 254 1316 quot
269 1267 462 1304 nominas
476 1266 703 1304 adcessisse
718 1266 773 1303 ad
787 1267 827 1304 id
843 1268 979 1316 operis
994 1267 1170 1304 Alberto
1184 1266 1409 1315 συνεργούς.
1433 1267 1490 1303 Et
1505 1270 1714 1315 quantum
1735 1274 1776 1305 40

149 1322 203 1360 ad
225 1335 290 1359 me
312 1323 481 1367 attinet,
504 1326 625 1371 potes
647 1325 694 1359 tu
717 1321 886 1370 quidem
915 1334 999 1359 non
1028 1335 1171 1359 secure
1193 1322 1320 1359 modo
1342 1321 1415 1359 sed
1437 1325 1480 1359 et
1502 1325 1599 1358 tuto
1620 1320 1714 1358 dor-

149 1378 251 1414 mire
271 1391 278 1421 ;
310 1380 479 1426 praeter
498 1377 610 1414 enim
632 1389 760 1425 quam
783 1376 896 1426 quod
919 1377 1039 1426 longe
1067 1377 1151 1414 alia
1172 1381 1272 1414 sunt
1293 1389 1401 1426 quae
1423 1380 1576 1421 tracto,
1600 1379 1714 1425 post-

149 1445 278 1481 quam
300 1432 357 1469 sic
375 1431 464 1469 Deo
481 1431 686 1481 placitum
704 1436 781 1476 est,
799 1444 883 1468 11011
899 1432 1028 1469 etiam
1047 1445 1139 1469 sum
1158 1436 1247 1469 tam
1262 1433 1452 1469 curiosus
1470 1435 1518 1468 vt
1534 1431 1716 1468 alienam

149 1487 333 1524 scabiem
363 1486 547 1524 scabam.

149 1554 245 1579 cum
263 1541 427 1579 Alberti
449 1554 576 1579 causa
593 1542 910 1578 commiscuisti.

606 1486 665 1523 At
695 1499 780 1523 non
812 1490 917 1535 puto
948 1487 1051 1524 alios
1082 1488 1142 1524 ita
1167 1486 1347 1524 fortasse
1376 1487 1584 1524 tacituros
1613 1498 1717 1534 quos

970 1541 1083 1579 Dum
1099 1543 1211 1579 enim
1227 1555 1350 1579 suum
1369 1542 1548 1590 quisque
1565 1553 1718 1577 nomen
1737 1548 1778 1579 45

150 1596 264 1646 quod
297 1596 379 1633 illic
415 1595 648 1634 traduxisti
684 1595 906 1633 defendere
942 1597 1116 1641 nitetur,
1154 1609 1301 1634 vereor
1337 1609 1387 1634 ne
1420 1601 1512 1633 tum
1546 1596 1717 1633 demum

150 1652 309 1688 sentias
330 1664 404 1701 per
425 1655 467 1689 te
489 1651 651 1688 factum
674 1655 723 1688 vt
745 1651 935 1688 nondum
965 1656 1162 1689 mortuus
1189 1653 1244 1689 sit
1271 1651 1487 1693 Albertus,
1511 1651 1579 1689 sed
1604 1651 1648 1687 in
1676 1654 1718 1687 te

150 1706 340 1755 quotidie
361 1706 544 1756 pullulet
564 1706 794 1743 rediuiuus.

207 1761 323 1799 Haec
344 1761 498 1798 addere
520 1761 686 1798 decreui
703 1761 759 1798 ad
775 1760 955 1798 alteram
972 1761 1198 1811 epistolam
1216 1762 1300 1799 iam
1318 1761 1601 1811 obsignatam,
1619 1761 1720 1809 quia

151 1815 261 1853 forte
282 1816 458 1853 fortuna
485 1816 632 1853 eadem
661 1815 767 1853 hora
787 1820 830 1853 et
852 1820 951 1853 tuae
973 1816 1026 1853 ad
1050 1829 1114 1854 me
1143 1816 1290 1854 literae
1318 1817 1359 1853 in
1388 1829 1538 1853 manus
1566 1815 1717 1853 incide·
1739 1822 1780 1852 50

152 1875 265 1916 runt,
288 1875 331 1908 et
359 1871 519 1908 amicus
541 1870 714 1920 quidam
741 1872 978 1907 communis
1006 1876 1150 1909 noster
1178 1876 1272 1909 tum
1294 1884 1343 1909 ea
1364 1884 1472 1920 quae
1501 1871 1554 1908 ad
1580 1872 1720 1920 ipsum

153 1929 252 1962 ante
274 1925 490 1963 biennium
515 1926 731 1975 scripsisti,
755 1929 847 1962 tum
875 1925 988 1963 locos
1013 1926 1178 1975 aliquot
1204 1927 1245 1964 in
1271 1927 1355 1964 tuis
1378 1927 1495 1963 libris
1517 1925 1719 1970 ostendit,

153 1980 225 2017 vbi
251 1980 360 2018 hane
389 1993 477 2017 16111
508 1980 586 2017 sub
617 1981 857 2029 aenigmate
888 1993 972 2018 non
1004 1981 1065 2018 ita
1096 1985 1219 2018 caute
1251 1981 1435 2018 inuoluis
1464 1982 1566 2030 quin
1598 1979 1720 2017 facile

154 2040 444 2084 cognoscatur.
487 2034 567 2072 Sed
588 2036 672 2072 iam
694 2034 893 2084 ἀμνηστία
916 2036 1094 2073 istorum
1118 2040 1335 2086 perpetua.
1379 2036 1436 2073 Et
1457 2040 1504 2073 tu
1529 2036 1608 2073 tibi
1630 2048 1719 2085 per-

154 2089 332 2128 suadeas
361 2094 402 2128 te
429 2103 454 2128 a
483 2103 549 2128 me
577 2091 711 2127 amari
733 2090 965 2139 plurimum
988 2104 1196 2140 posseque
1218 2104 1283 2128 me
1306 2091 1396 2136 tibi,
1420 2092 1453 2128 si
1475 2091 1616 2135 velim,
1639 2103 1721 2127 non
1743 2097 1782 2126 55

154 2144 387 2194 vulgariter
408 2145 566 2183 obesse.

617 2144 698 2183 Sed
715 2145 846 2194 ἄπαγε
867 2149 999 2191 τοῦτο,
1022 2159 1073 2183 116
1095 2146 1197 2183 1111111
1220 2146 1286 2183 vel
1309 2147 1351 2183 in
1374 2150 1559 2183 mentem
1578 2146 1724 2182 veniat

154 2203 203 2236 vt
224 2199 478 2249 reipublicae
501 2213 685 2245 causam,
709 2212 838 2249 quam
860 2213 881 2237 e
904 2204 980 2237 tua
1001 2201 1296 2238 incolumitate
1317 2206 1360 2238 et
1384 2205 1529 2238 nostra
1550 2201 1721 2238 coniun-

153 2255 292 2291 ctione
313 2255 544 2304 plurimum
566 2255 763 2292 adiutum
782 2256 831 2292 iri
848 2267 1067 2305 cognosco,
1086 2257 1176 2293 istis
1194 2256 1343 2293 odiolis
1360 2257 1537 2305 istisque
1554 2256 1724 2305 ineptiis

154 2309 447 2358 posthabeam.

508 2309 609 2347 Mihi
632 2309 783 2347 millies
804 2310 911 2347 vale.

211 2363 385 2413 Ignosce
408 2364 471 2401 his
493 2366 613 2414 nugis
635 2377 740 2414 quas
761 2378 845 2402 non
868 2369 913 2402 vt
937 2369 1070 2414 κτῆμα
1098 2365 1137 2405 ἐς
1162 2364 1223 2403 ἀεὶ
1254 2365 1553 2415 συγγράφομεν,
1576 2365 1647 2402 sed
1678 2369 1721 2402 vt
1744 2376 1786 2404 00

200 2503 252 2532 28.
279 2502 515 2541 bibliotheca]
590 2502 772 2532 Aleander
846 2503 904 2532 be-

156 2546 341 2585 queathed
354 2547 409 2576 his
421 2547 556 2586 library
570 2549 608 2577 to
620 2547 683 2577 the
695 2547 906 2586 Monastery

157 2590 194 2619 of
215 2590 248 2619 S.
268 2589 382 2620 Maria
399 2590 480 2620 dell'
500 2590 592 2621 Orto
615 2591 649 2620 in
674 2590 818 2625 Venice,
838 2591 907 2621 but

159 2633 251 2663 later
268 2634 297 2663 it
314 2644 387 2664 was
400 2635 625 2665 transferred
638 2638 676 2664 to
690 2635 753 2664 1116
771 2645 907 2664 canons

159 2678 196 2707 of
217 2678 269 2707 St..
293 2677 432 2718 Georgo
455 2682 494 2708 at
516 2678 618 2718 Alga.
669 2679 733 2709 See
756 2680 906 2712 Omont.

159 2720 327 2757 Journal,
355 2732 390 2761 p.
423 2731 493 2757 102,
522 2722 560 2752 L.
589 2723 716 2755 Dorez.
743 2723 822 2753 Rev.
850 2723 909 2752 des

162 2764 434 2804 Biblz'otlu'qucs,
454 2774 493 2801 11,
515 2767 609 2803 1892,
630 2776 664 2806 p.
683 2769 736 2804 65.

204 2817 255 2846 51.
281 2809 434 2847 amicus]
472 2810 636 2850 Perhaps
673 2811 714 2840 Α.
753 2810 906 2843 Valdes:

161 2852 224 2881 the
236 2852 344 2882 letter
356 2853 513 2883 referred
529 2857 567 2884 10
581 2855 608 2883 is
621 2855 779 2894 scarcely
793 2854 910 2884 either

164 2896 231 2935 Ep.
253 2899 349 2935 2460.
373 2907 413 2927 or
436 2897 504 2937 Ep.
532 2899 635 2936 2528:
663 2898 731 2928 but
756 2909 839 2938 inay
866 2898 910 2927 bo

162 2940 225 2969 1116
243 2939 313 2970 lost
332 2941 439 2970 letter
457 2942 615 2971 referred
629 2946 668 2972 to
682 2943 715 2971 in
729 2942 797 2981 Ep.
812 2944 908 2981 2469.

163 2992 202 3012 22.
217 2984 240 3020 (⁶
253 2994 297 3013 ex
310 2983 404 3014 illius
418 2985 509 3024 nigri
522 2985 712 3025 colloquio,
729 2986 773 3016 de
787 2996 859 3026 quo
875 2991 911 3016 te

164 3026 296 3057 litteris
308 3027 571 3059 admonueram
586 3029 621 3066 ⁸).
664 3030 738 3060 But
753 3031 827 3060 this
839 3041 912 3060 was

1385 2504 1462 2535 One
1475 2505 1511 2534 of
1526 2504 1727 2534 theletters

974 2548 1161 2577 answered
1204 2548 1251 2588 by
1292 2548 1359 2589 Ep.
1403 2550 1498 2581 3103,
1538 2548 1656 2587 again.
1700 2548 1727 2577 is

975 2592 1137 2629 missing.
1155 2592 1229 2622 and
1251 2593 1448 2622 contained
1469 2593 1673 2631 suspicions
1690 2591 1727 2621 of

977 2635 1160 2665 Aleander
1185 2638 1259 2672 (see
1285 2636 1354 2676 Ep.
1382 2638 1477 2667 2108.
1511 2637 1631 2674 :('›e7);
1659 2636 1727 2664 but

977 2679 1051 2708 this
1064 2679 1241 2719 belonged
1255 2684 1293 2710 10
1310 2690 1401 2717 ¹520-
1430 2680 1596 2710 Another
1609 2679 1726 2709 friend

977 2723 1058 2753 who
1086 2734 1160 2753 was
1187 2728 1227 2753 at
1256 2724 1437 2754 Ratisbon
1466 2728 1501 2753 nt
1536 2724 1609 2753 this
1639 2724 1727 2752 time

977 2777 1050 2796 was
1072 2767 1385 2806 Bertulpllus——to
1408 2768 1526 2797 wlioin
1557 2767 1729 2796 Erasinus

977 2811 1048 2840 had
1090 2812 1249 2845 written,
1292 2812 1512 2850 identifying
1549 2810 1730 2839 Aleainler

978 2855 1066 2884 with
1080 2855 1246 2891 Scaliger,
1263 2866 1302 2884 ns
1318 2862 1433 2884 recent
1445 2855 1479 2893 ly
1491 2865 1530 2884 ns
1548 2855 1628 2883 Dec.
1650 2862 1724 2891 1531

979 2899 1063 2938 (ΕΙ).
1091 2901 1203 2937 2581).
1256 2899 1294 2928 ln
1323 2900 1377 2928 liis
1404 2899 1511 2927 letter
1535 2899 1572 2927 Of
1598 2909 1613 2937 4
1641 2897 1728 2935 ι1111)·

986 2952 1063 2981 153:
1083 2943 1167 2982 (lep.
1189 2941 1729 2981 3071)),λὺ-1111116116161511116111

980 2990 1019 3016 to
1037 2987 1110 3016 this
1128 2991 1135 2999 ⁴
1149 2987 1305 3016 uinieus’
1325 2986 1397 3016 111111
1410 2990 1577 3022 suggests
1592 2985 1668 3014 111111
1688 2984 1731 3013 lie

982 3031 1009 3059 is
1029 3031 1188 3070 perhaps
1206 3031 1380 3060 nvtuuted
1401 3030 1447 3069 by
1467 3035 1473 3042 ·
1489 3029 1696 3067 uniliguims
1710 3028 1730 3057 “.

976 2507 1041 2533 not
1059 2507 1132 2534 two
1146 2514 1250 2543 years
1262 2504 1334 2534 old.
