<?xml version="1.0" encoding="UTF-8"?>
<!DOCTYPE html PUBLIC "-//W3C//DTD XHTML 1.0 Transitional//EN"
    "http://www.w3.org/TR/xhtml1/DTD/xhtml1-transitional.dtd">
<html xmlns="http://www.w3.org/1999/xhtml" xml:lang="en" lang="en">
 <head>
  <title>
</title>
<meta http-equiv="Content-Type" content="text/html;charset=utf-8" />
  <meta name='ocr-system' content='tesseract 3.04.00' />
  <meta name='ocr-capabilities' content='ocr_page ocr_carea ocr_par ocr_line ocrx_word'/>
</head>
<body>
  <div class='ocr_page' id='page_1' title='image "./opusepistolarum10eras_0052.png"; bbox 0 0 1966 3379; ppageno 0'>
   <div class='ocr_carea' id='block_1_1' title="bbox 260 160 1834 212">
    <p class='ocr_par' dir='ltr' id='par_1_1' title="bbox 260 160 1834 212">
     <span class='ocr_line' id='line_1_1' title="bbox 260 160 1834 212; baseline 0.002 -14"><span class='ocrx_word' id='word_1_1' title='bbox 260 162 311 198; x_wconf 77' lang='lat'>20</span> <span class='ocrx_word' id='word_1_2' title='bbox 690 160 948 199; x_wconf 78' lang='lat' dir='ltr'>LETTERs</span> <span class='ocrx_word' id='word_1_3' title='bbox 979 160 1050 198; x_wconf 86' lang='lat' dir='ltr'>OF</span> <span class='ocrx_word' id='word_1_4' title='bbox 1080 160 1347 199; x_wconf 82' lang='lat' dir='ltr'>ERASMUS</span> <span class='ocrx_word' id='word_1_5' title='bbox 1713 165 1834 212; x_wconf 86' lang='lat'>[1532</span> 
     </span>
    </p>
   </div>
   <div class='ocr_carea' id='block_1_2' title="bbox 198 264 1837 972">
    <p class='ocr_par' dir='ltr' id='par_1_2' title="bbox 261 264 1834 425">
     <span class='ocr_line' id='line_1_2' title="bbox 317 264 1834 317; baseline 0.003 -15"><span class='ocrx_word' id='word_1_6' title='bbox 317 265 552 316; x_wconf 77' lang='lat' dir='ltr'>Episcopus</span> <span class='ocrx_word' id='word_1_7' title='bbox 567 264 803 303; x_wconf 84' lang='lat' dir='ltr'>Culmensis</span> <span class='ocrx_word' id='word_1_8' title='bbox 818 265 1010 303; x_wconf 87' lang='lat' dir='ltr'>nonnihil</span> <span class='ocrx_word' id='word_1_9' title='bbox 1027 270 1245 303; x_wconf 74' lang='lat' dir='ltr'>succenset</span> <span class='ocrx_word' id='word_1_10' title='bbox 1261 265 1418 304; x_wconf 83' lang='lat' dir='ltr'>Iacobo</span> <span class='ocrx_word' id='word_1_11' title='bbox 1435 267 1558 304; x_wconf 87' lang='lat' dir='ltr'>Dano</span> <span class='ocrx_word' id='word_1_12' title='bbox 1572 267 1626 304; x_wconf 90' lang='lat' dir='ltr'>ob</span> <span class='ocrx_word' id='word_1_13' title='bbox 1641 280 1834 317; x_wconf 81' lang='lat' dir='ltr'>sparsam</span> 
     </span>
     <span class='ocr_line' id='line_1_3' title="bbox 261 320 1834 370; baseline 0.002 -13"><span class='ocrx_word' id='word_1_14' title='bbox 261 320 375 370; x_wconf 89' lang='lat' dir='ltr'>apud</span> <span class='ocrx_word' id='word_1_15' title='bbox 417 333 562 358; x_wconf 86' lang='lat' dir='ltr'>omnes</span> <span class='ocrx_word' id='word_1_16' title='bbox 597 320 824 370; x_wconf 85' lang='lat' dir='ltr'>epistolam</span> <span class='ocrx_word' id='word_1_17' title='bbox 857 320 912 358; x_wconf 85' lang='lat' dir='ltr'>ad</span> <span class='ocrx_word' id='word_1_18' title='bbox 948 321 1085 370; x_wconf 89' lang='lat' dir='ltr'>ipsum</span> <span class='ocrx_word' id='word_1_19' title='bbox 1123 333 1274 358; x_wconf 86' lang='lat' dir='ltr'>meam.</span> <span class='ocrx_word' id='word_1_20' title='bbox 1336 321 1543 359; x_wconf 89' lang='lat' dir='ltr'>Leuinum</span> <span class='ocrx_word' id='word_1_21' title='bbox 1580 335 1720 360; x_wconf 89' lang='lat' dir='ltr'>meum</span> <span class='ocrx_word' id='word_1_22' title='bbox 1756 323 1834 360; x_wconf 86' lang='lat' dir='ltr'>tibi</span> 
     </span>
     <span class='ocr_line' id='line_1_4' title="bbox 261 375 1833 425; baseline 0.002 -13"><span class='ocrx_word' id='word_1_23' title='bbox 261 375 525 420; x_wconf 88' lang='lat' dir='ltr'>commendo,</span> <span class='ocrx_word' id='word_1_24' title='bbox 548 376 615 412; x_wconf 90' lang='lat' dir='ltr'>cui</span> <span class='ocrx_word' id='word_1_25' title='bbox 637 375 764 412; x_wconf 78' lang='lat' dir='ltr'>velim</span> <span class='ocrx_word' id='word_1_26' title='bbox 787 376 1055 425; x_wconf 82' lang='lat' dir='ltr'>persuadeas,</span> <span class='ocrx_word' id='word_1_27' title='bbox 1079 380 1125 412; x_wconf 74' lang='lat' dir='ltr'>vt</span> <span class='ocrx_word' id='word_1_28' title='bbox 1149 375 1321 424; x_wconf 83' lang='lat' dir='ltr'>aliquod</span> <span class='ocrx_word' id='word_1_29' title='bbox 1345 377 1459 413; x_wconf 83' lang='lat' dir='ltr'>vitae</span> <span class='ocrx_word' id='word_1_30' title='bbox 1476 389 1606 425; x_wconf 75' lang='lat' dir='ltr'>genus</span> <span class='ocrx_word' id='word_1_31' title='bbox 1627 389 1715 414; x_wconf 79' lang='lat' dir='ltr'>sese</span> <span class='ocrx_word' id='word_1_32' title='bbox 1738 391 1833 416; x_wconf 91' lang='lat' dir='ltr'>con-</span> 
     </span>
    </p>

    <p class='ocr_par' dir='ltr' id='par_1_3' title="bbox 202 429 1837 631">
     <span class='ocr_line' id='line_1_5' title="bbox 202 429 1834 478; baseline 0.003 -13"><span class='ocrx_word' id='word_1_33' title='bbox 202 442 240 473; x_wconf 78' lang='grc'>15</span> <span class='ocrx_word' id='word_1_34' title='bbox 261 429 385 474; x_wconf 86' lang='lat' dir='ltr'>ferat,</span> <span class='ocrx_word' id='word_1_35' title='bbox 404 430 445 467; x_wconf 91' lang='lat' dir='ltr'>in</span> <span class='ocrx_word' id='word_1_36' title='bbox 467 442 551 478; x_wconf 90' lang='lat' dir='ltr'>quo</span> <span class='ocrx_word' id='word_1_37' title='bbox 573 429 690 467; x_wconf 85' lang='lat' dir='ltr'>locus</span> <span class='ocrx_word' id='word_1_38' title='bbox 718 431 773 467; x_wconf 89' lang='lat' dir='ltr'>sit</span> <span class='ocrx_word' id='word_1_39' title='bbox 801 430 1037 467; x_wconf 83' lang='lat' dir='ltr'>exercendo</span> <span class='ocrx_word' id='word_1_40' title='bbox 1069 431 1234 477; x_wconf 66' lang='lat' dir='ltr'>ingenio</span> <span class='ocrx_word' id='word_1_41' title='bbox 1265 434 1308 467; x_wconf 86' lang='lat' dir='ltr'>et</span> <span class='ocrx_word' id='word_1_42' title='bbox 1339 430 1579 468; x_wconf 87' lang='lat' dir='ltr'>eruditioni.</span> <span class='ocrx_word' id='word_1_43' title='bbox 1640 432 1751 469; x_wconf 82' lang='lat' dir='ltr'>Nam</span> <span class='ocrx_word' id='word_1_44' title='bbox 1781 433 1834 470; x_wconf 88' lang='lat' dir='ltr'>ad</span> 
     </span>
     <span class='ocr_line' id='line_1_6' title="bbox 261 483 1835 533; baseline 0.002 -12"><span class='ocrx_word' id='word_1_45' title='bbox 261 483 428 522; x_wconf 80' lang='lat' dir='ltr'>litteras</span> <span class='ocrx_word' id='word_1_46' title='bbox 450 488 580 522; x_wconf 90' lang='lat' dir='ltr'>natus</span> <span class='ocrx_word' id='word_1_47' title='bbox 601 488 679 530; x_wconf 86' lang='lat' dir='ltr'>est,</span> <span class='ocrx_word' id='word_1_48' title='bbox 702 489 745 522; x_wconf 86' lang='lat' dir='ltr'>et</span> <span class='ocrx_word' id='word_1_49' title='bbox 774 486 815 521; x_wconf 92' lang='lat' dir='ltr'>in</span> <span class='ocrx_word' id='word_1_50' title='bbox 844 485 908 521; x_wconf 89' lang='lat' dir='ltr'>his</span> <span class='ocrx_word' id='word_1_51' title='bbox 937 497 1022 522; x_wconf 91' lang='lat' dir='ltr'>non</span> <span class='ocrx_word' id='word_1_52' title='bbox 1053 484 1323 533; x_wconf 74' lang='lat' dir='ltr'>indiligenter</span> <span class='ocrx_word' id='word_1_53' title='bbox 1345 489 1554 531; x_wconf 78' lang='lat' dir='ltr'>versatus,</span> <span class='ocrx_word' id='word_1_54' title='bbox 1577 499 1652 523; x_wconf 90' lang='lat' dir='ltr'>nec</span> <span class='ocrx_word' id='word_1_55' title='bbox 1674 487 1835 524; x_wconf 87' lang='lat' dir='ltr'>infoeli-</span> 
     </span>
     <span class='ocr_line' id='line_1_7' title="bbox 260 539 1837 591; baseline 0.002 -15"><span class='ocrx_word' id='word_1_56' title='bbox 260 540 376 577; x_wconf 84' lang='lat' dir='ltr'>citer.</span> <span class='ocrx_word' id='word_1_57' title='bbox 418 539 558 576; x_wconf 85' lang='lat' dir='ltr'>Audio</span> <span class='ocrx_word' id='word_1_58' title='bbox 576 543 617 576; x_wconf 91' lang='lat' dir='ltr'>te</span> <span class='ocrx_word' id='word_1_59' title='bbox 635 552 803 588; x_wconf 89' lang='lat' dir='ltr'>quoque</span> <span class='ocrx_word' id='word_1_60' title='bbox 826 539 1056 589; x_wconf 75' lang='grc' dir='ltr'>ἑλληνίζειν,</span> <span class='ocrx_word' id='word_1_61' title='bbox 1071 552 1200 588; x_wconf 86' lang='lat' dir='ltr'>quam</span> <span class='ocrx_word' id='word_1_62' title='bbox 1219 539 1272 576; x_wconf 91' lang='lat' dir='ltr'>ad</span> <span class='ocrx_word' id='word_1_63' title='bbox 1292 553 1378 577; x_wconf 89' lang='lat' dir='ltr'>rem</span> <span class='ocrx_word' id='word_1_64' title='bbox 1398 540 1581 578; x_wconf 83' lang='lat' dir='ltr'>Leuinus</span> <span class='ocrx_word' id='word_1_65' title='bbox 1599 541 1678 578; x_wconf 88' lang='lat' dir='ltr'>tibi</span> <span class='ocrx_word' id='word_1_66' title='bbox 1701 543 1837 591; x_wconf 77' lang='lat' dir='ltr'>possit</span> 
     </span>
     <span class='ocr_line' id='line_1_8' title="bbox 259 607 477 631; baseline 0 0"><span class='ocrx_word' id='word_1_67' title='bbox 259 607 348 631; x_wconf 83' lang='lat' dir='ltr'>esse</span> <span class='ocrx_word' id='word_1_68' title='bbox 370 607 477 631; x_wconf 83' lang='lat' dir='ltr'>vsui.</span> 
     </span>
    </p>

    <p class='ocr_par' dir='ltr' id='par_1_4' title="bbox 316 648 1835 700">
     <span class='ocr_line' id='line_1_9' title="bbox 316 648 1835 700; baseline 0.001 -14"><span class='ocrx_word' id='word_1_69' title='bbox 316 649 431 686; x_wconf 85' lang='lat' dir='ltr'>Haec</span> <span class='ocrx_word' id='word_1_70' title='bbox 454 649 590 686; x_wconf 88' lang='lat' dir='ltr'>scribo</span> <span class='ocrx_word' id='word_1_71' title='bbox 612 661 686 698; x_wconf 90' lang='lat' dir='ltr'>per</span> <span class='ocrx_word' id='word_1_72' title='bbox 708 648 944 686; x_wconf 86' lang='lat' dir='ltr'>Gerardum</span> <span class='ocrx_word' id='word_1_73' title='bbox 971 649 1204 686; x_wconf 87' lang='lat' dir='ltr'>Henricum</span> <span class='ocrx_word' id='word_1_74' title='bbox 1239 649 1671 695; x_wconf 80' lang='lat' dir='ltr'>Amsterdamensem,</span> <span class='ocrx_word' id='word_1_75' title='bbox 1695 652 1767 700; x_wconf 89' lang='lat' dir='ltr'>qui</span> <span class='ocrx_word' id='word_1_76' title='bbox 1793 652 1835 688; x_wconf 92' lang='lat' dir='ltr'>in</span> 
     </span>
    </p>

    <p class='ocr_par' dir='ltr' id='par_1_5' title="bbox 198 703 1836 918">
     <span class='ocr_line' id='line_1_10' title="bbox 198 703 1833 743; baseline 0.004 -6"><span class='ocrx_word' id='word_1_77' title='bbox 198 717 240 738; x_wconf 83' lang='lat'>20</span> <span class='ocrx_word' id='word_1_78' title='bbox 261 717 303 741; x_wconf 88' lang='lat' dir='ltr'>re</span> <span class='ocrx_word' id='word_1_79' title='bbox 325 704 489 741; x_wconf 83' lang='lat' dir='ltr'>medica</span> <span class='ocrx_word' id='word_1_80' title='bbox 512 703 700 741; x_wconf 84' lang='lat' dir='ltr'>lauream</span> <span class='ocrx_word' id='word_1_81' title='bbox 724 704 874 741; x_wconf 87' lang='lat' dir='ltr'>retulit</span> <span class='ocrx_word' id='word_1_82' title='bbox 904 717 956 741; x_wconf 87' lang='lat' dir='ltr'>ex</span> <span class='ocrx_word' id='word_1_83' title='bbox 986 704 1126 742; x_wconf 87' lang='lat' dir='ltr'>Italia.</span> <span class='ocrx_word' id='word_1_84' title='bbox 1192 704 1289 741; x_wconf 81' lang='lat' dir='ltr'>Eius</span> <span class='ocrx_word' id='word_1_85' title='bbox 1312 705 1682 742; x_wconf 76' lang='lat' dir='ltr'>commendatione</span> <span class='ocrx_word' id='word_1_86' title='bbox 1705 706 1833 743; x_wconf 84' lang='lat' dir='ltr'>nolim</span> 
     </span>
     <span class='ocr_line' id='line_1_11' title="bbox 260 758 1836 809; baseline 0.002 -14"><span class='ocrx_word' id='word_1_87' title='bbox 260 762 302 795; x_wconf 90' lang='lat' dir='ltr'>te</span> <span class='ocrx_word' id='word_1_88' title='bbox 330 759 514 807; x_wconf 74' lang='lat' dir='ltr'>grauari,</span> <span class='ocrx_word' id='word_1_89' title='bbox 538 771 613 796; x_wconf 87' lang='lat' dir='ltr'>nec</span> <span class='ocrx_word' id='word_1_90' title='bbox 640 758 708 796; x_wconf 91' lang='lat' dir='ltr'>ille</span> <span class='ocrx_word' id='word_1_91' title='bbox 735 759 963 808; x_wconf 88' lang='lat' dir='ltr'>quicquam</span> <span class='ocrx_word' id='word_1_92' title='bbox 989 760 1094 796; x_wconf 87' lang='lat' dir='ltr'>certi</span> <span class='ocrx_word' id='word_1_93' title='bbox 1116 760 1237 808; x_wconf 84' lang='lat' dir='ltr'>petit.</span> <span class='ocrx_word' id='word_1_94' title='bbox 1299 759 1376 804; x_wconf 82' lang='lat' dir='ltr'>Tu,</span> <span class='ocrx_word' id='word_1_95' title='bbox 1402 760 1458 796; x_wconf 92' lang='lat' dir='ltr'>mi</span> <span class='ocrx_word' id='word_1_96' title='bbox 1480 760 1595 803; x_wconf 81' lang='lat' dir='ltr'>Olae,</span> <span class='ocrx_word' id='word_1_97' title='bbox 1620 773 1743 809; x_wconf 88' lang='lat' dir='ltr'>perge</span> <span class='ocrx_word' id='word_1_98' title='bbox 1772 762 1836 798; x_wconf 88' lang='lat' dir='ltr'>tui</span> 
     </span>
     <span class='ocr_line' id='line_1_12' title="bbox 260 813 1836 864; baseline 0.002 -14"><span class='ocrx_word' id='word_1_99' title='bbox 260 813 408 850; x_wconf 78' lang='lat' dir='ltr'>similis</span> <span class='ocrx_word' id='word_1_100' title='bbox 444 826 546 858; x_wconf 80' lang='lat' dir='ltr'>esse,</span> <span class='ocrx_word' id='word_1_101' title='bbox 582 817 626 850; x_wconf 91' lang='lat' dir='ltr'>et</span> <span class='ocrx_word' id='word_1_102' title='bbox 665 814 834 862; x_wconf 89' lang='lat' dir='ltr'>quoties</span> <span class='ocrx_word' id='word_1_103' title='bbox 873 813 1048 851; x_wconf 81' lang='lat' dir='ltr'>dabitur</span> <span class='ocrx_word' id='word_1_104' title='bbox 1088 815 1404 864; x_wconf 83' lang='lat' dir='ltr'>opportunitas,</span> <span class='ocrx_word' id='word_1_105' title='bbox 1442 815 1526 851; x_wconf 84' lang='lat' dir='ltr'>tuis</span> <span class='ocrx_word' id='word_1_106' title='bbox 1568 815 1724 852; x_wconf 84' lang='lat' dir='ltr'>litteris</span> <span class='ocrx_word' id='word_1_107' title='bbox 1760 828 1836 853; x_wconf 84' lang='lat' dir='ltr'>nos</span> 
     </span>
     <span class='ocr_line' id='line_1_13' title="bbox 261 867 1527 918; baseline 0.002 -14"><span class='ocrx_word' id='word_1_108' title='bbox 261 881 414 905; x_wconf 82' lang='lat' dir='ltr'>recrea.</span> <span class='ocrx_word' id='word_1_109' title='bbox 475 867 776 905; x_wconf 79' lang='lat' dir='ltr'>Serenissimae</span> <span class='ocrx_word' id='word_1_110' title='bbox 800 868 986 917; x_wconf 82' lang='lat' dir='ltr'>Reginae</span> <span class='ocrx_word' id='word_1_111' title='bbox 1010 882 1185 918; x_wconf 83' lang='lat' dir='ltr'>praecor</span> <span class='ocrx_word' id='word_1_112' title='bbox 1207 870 1350 906; x_wconf 85' lang='lat' dir='ltr'>omnia</span> <span class='ocrx_word' id='word_1_113' title='bbox 1372 869 1527 907; x_wconf 81' lang='lat' dir='ltr'>fausta.</span> 
     </span>
    </p>

    <p class='ocr_par' dir='ltr' id='par_1_6' title="bbox 315 922 1034 972">
     <span class='ocr_line' id='line_1_14' title="bbox 315 922 1034 972; baseline 0.003 -13"><span class='ocrx_word' id='word_1_114' title='bbox 315 922 416 960; x_wconf 84' lang='lat' dir='ltr'>Vale</span> <span class='ocrx_word' id='word_1_115' title='bbox 439 922 637 972; x_wconf 83' lang='lat' dir='ltr'>Friburgi</span> <span class='ocrx_word' id='word_1_116' title='bbox 659 933 682 970; x_wconf 80' lang='lat'>3</span> <span class='ocrx_word' id='word_1_117' title='bbox 704 922 770 960; x_wconf 90' lang='lat' dir='ltr'>die</span> <span class='ocrx_word' id='word_1_118' title='bbox 793 923 893 960; x_wconf 87' lang='lat' dir='ltr'>Maii</span> <span class='ocrx_word' id='word_1_119' title='bbox 918 934 1034 971; x_wconf 71' lang='lat'>1532.</span> 
     </span>
    </p>
   </div>
   <div class='ocr_carea' id='block_1_3' title="bbox 639 1066 1455 1116">
    <p class='ocr_par' dir='ltr' id='par_1_7' title="bbox 639 1066 1455 1116">
     <span class='ocr_line' id='line_1_15' title="bbox 639 1066 1455 1116; baseline 0.001 -10"><span class='ocrx_word' id='word_1_120' title='bbox 639 1070 769 1107; x_wconf 81' lang='lat'>2647.</span> <span class='ocrx_word' id='word_1_121' title='bbox 834 1066 902 1107; x_wconf 92' lang='lat' dir='ltr'>To</span> <span class='ocrx_word' id='word_1_122' title='bbox 935 1066 1173 1116; x_wconf 63' lang='lat' dir='ltr'>Qemmrs</span> <span class='ocrx_word' id='word_1_123' title='bbox 1207 1067 1455 1107; x_wconf 73' lang='lat' dir='ltr'>TALESIL&#39;S.</span> 
     </span>
    </p>
   </div>
   <div class='ocr_carea' id='block_1_4' title="bbox 308 1145 1787 1240">
    <p class='ocr_par' dir='ltr' id='par_1_8' title="bbox 308 1145 1787 1240">
     <span class='ocr_line' id='line_1_16' title="bbox 308 1145 1778 1229; baseline 0 -49"><span class='ocrx_word' id='word_1_124' title='bbox 308 1145 493 1198; x_wconf 84' lang='lat' dir='ltr'>Opmeer,</span> <span class='ocrx_word' id='word_1_125' title='bbox 516 1145 623 1179; x_wconf 83' lang='lat' dir='ltr'>Hist.</span> <span class='ocrx_word' id='word_1_126' title='bbox 644 1145 765 1179; x_wconf 84' lang='lat' dir='ltr'>Mart.</span> <span class='ocrx_word' id='word_1_127' title='bbox 789 1146 897 1185; x_wconf 64' lang='lat' dir='ltr'>Eat„</span> <span class='ocrx_word' id='word_1_128' title='bbox 923 1149 1028 1188; x_wconf 70' lang='lat'>1025,</span> <span class='ocrx_word' id='word_1_129' title='bbox 1050 1158 1087 1190; x_wconf 92' lang='lat' dir='ltr'>p.</span> <span class='ocrx_word' id='word_1_130' title='bbox 1113 1156 1191 1190; x_wconf 76' lang='lat'>104.</span> <span class='ocrx_word' id='word_1_131' title='bbox 1528 1147 1778 1229; x_wconf 65' lang='lat' dir='ltr'>&lt;F11·eiburg.&gt;</span> 
     </span>
     <span class='ocr_line' id='line_1_17' title="bbox 1522 1197 1787 1240; baseline 0.004 -11"><span class='ocrx_word' id='word_1_132' title='bbox 1522 1205 1542 1238; x_wconf 92' lang='lat'><strong><em>7</em></strong></span> <span class='ocrx_word' id='word_1_133' title='bbox 1562 1197 1585 1230; x_wconf 59' lang='lat' dir='ltr'>R</span> <span class='ocrx_word' id='word_1_134' title='bbox 1607 1208 1659 1240; x_wconf 85' lang='lat' dir='ltr'>ay</span> <span class='ocrx_word' id='word_1_135' title='bbox 1682 1207 1787 1240; x_wconf 80' lang='lat'>1532.</span> 
     </span>
    </p>
   </div>
   <div class='ocr_carea' id='block_1_5' title="bbox 258 1279 1838 1496">
    <p class='ocr_par' dir='ltr' id='par_1_9' title="bbox 258 1279 1838 1452">
     <span class='ocr_line' id='line_1_18' title="bbox 303 1279 1838 1319; baseline 0.001 -10"><span class='ocrx_word' id='word_1_136' title='bbox 303 1280 349 1317; x_wconf 88' lang='lat' dir='ltr'>[A</span> <span class='ocrx_word' id='word_1_137' title='bbox 368 1279 490 1314; x_wconf 87' lang='lat' dir='ltr'>letter,</span> <span class='ocrx_word' id='word_1_138' title='bbox 510 1279 693 1319; x_wconf 85' lang='lat' dir='ltr'>probably</span> <span class='ocrx_word' id='word_1_139' title='bbox 715 1279 937 1319; x_wconf 79' lang='lat' dir='ltr'>autograph,</span> <span class='ocrx_word' id='word_1_140' title='bbox 957 1279 1074 1310; x_wconf 83' lang='lat' dir='ltr'>which</span> <span class='ocrx_word' id='word_1_141' title='bbox 1099 1280 1188 1310; x_wconf 78' lang='lat' dir='ltr'>with</span> <span class='ocrx_word' id='word_1_142' title='bbox 1212 1279 1350 1310; x_wconf 81' lang='lat' dir='ltr'>several</span> <span class='ocrx_word' id='word_1_143' title='bbox 1374 1280 1500 1310; x_wconf 84' lang='lat' dir='ltr'>others</span> <span class='ocrx_word' id='word_1_144' title='bbox 1523 1284 1563 1311; x_wconf 88' lang='lat' dir='ltr'>to</span> <span class='ocrx_word' id='word_1_145' title='bbox 1580 1280 1745 1311; x_wconf 76' lang='lat' dir='ltr'>Talesius</span> <span class='ocrx_word' id='word_1_146' title='bbox 1763 1291 1838 1311; x_wconf 82' lang='lat' dir='ltr'>was</span> 
     </span>
     <span class='ocr_line' id='line_1_19' title="bbox 258 1323 1838 1365; baseline 0.001 -12"><span class='ocrx_word' id='word_1_147' title='bbox 258 1324 293 1354; x_wconf 90' lang='lat' dir='ltr'>in</span> <span class='ocrx_word' id='word_1_148' title='bbox 320 1323 512 1363; x_wconf 83' lang='lat' dir='ltr'>Opmeer‘s</span> <span class='ocrx_word' id='word_1_149' title='bbox 537 1323 746 1363; x_wconf 78' lang='lat' dir='ltr'>possession</span> <span class='ocrx_word' id='word_1_150' title='bbox 772 1323 808 1353; x_wconf 84' lang='lat' dir='ltr'>in</span> <span class='ocrx_word' id='word_1_151' title='bbox 838 1326 940 1361; x_wconf 83' lang='lat'>1625:</span> <span class='ocrx_word' id='word_1_152' title='bbox 970 1323 1073 1354; x_wconf 85' lang='lat' dir='ltr'>‘Vna</span> <span class='ocrx_word' id='word_1_153' title='bbox 1100 1333 1129 1363; x_wconf 92' lang='lat'>7.</span> <span class='ocrx_word' id='word_1_154' title='bbox 1155 1324 1213 1354; x_wconf 80' lang='lat' dir='ltr'>die</span> <span class='ocrx_word' id='word_1_155' title='bbox 1239 1323 1324 1354; x_wconf 83' lang='lat' dir='ltr'>Maii</span> <span class='ocrx_word' id='word_1_156' title='bbox 1349 1334 1448 1354; x_wconf 82' lang='lat' dir='ltr'>auno</span> <span class='ocrx_word' id='word_1_157' title='bbox 1474 1333 1675 1354; x_wconf 78' lang='lat' dir='ltr'>M.D.xxxn</span> <span class='ocrx_word' id='word_1_158' title='bbox 1700 1325 1838 1365; x_wconf 76' lang='lat' dir='ltr'>scripta</span> 
     </span>
     <span class='ocr_line' id='line_1_20' title="bbox 259 1367 1837 1409; baseline 0.001 -12"><span class='ocrx_word' id='word_1_159' title='bbox 259 1378 371 1408; x_wconf 84' lang='lat' dir='ltr'>penes</span> <span class='ocrx_word' id='word_1_160' title='bbox 388 1377 446 1397; x_wconf 86' lang='lat' dir='ltr'>me</span> <span class='ocrx_word' id='word_1_161' title='bbox 464 1371 658 1403; x_wconf 60' lang='lat' dir='ltr'>seruatum</span> <span class='ocrx_word' id='word_1_162' title='bbox 685 1367 721 1397; x_wconf 90' lang='lat' dir='ltr'>in</span> <span class='ocrx_word' id='word_1_163' title='bbox 738 1377 814 1407; x_wconf 83' lang='lat' dir='ltr'>qua</span> <span class='ocrx_word' id='word_1_164' title='bbox 839 1368 908 1407; x_wconf 91' lang='lat' dir='ltr'>ipsi</span> <span class='ocrx_word' id='word_1_165' title='bbox 932 1367 977 1397; x_wconf 84' lang='lat' dir='ltr'>de</span> <span class='ocrx_word' id='word_1_166' title='bbox 996 1368 1306 1407; x_wconf 77' lang='lat' dir='ltr'>pensi01iariatuS‚</span> <span class='ocrx_word' id='word_1_167' title='bbox 1326 1372 1367 1398; x_wconf 77' lang='lat' dir='ltr'>vt</span> <span class='ocrx_word' id='word_1_168' title='bbox 1391 1373 1539 1405; x_wconf 85' lang='lat' dir='ltr'>vocant,</span> <span class='ocrx_word' id='word_1_169' title='bbox 1557 1368 1676 1398; x_wconf 79' lang='lat' dir='ltr'>officio</span> <span class='ocrx_word' id='word_1_170' title='bbox 1698 1368 1837 1409; x_wconf 83' lang='lat' dir='ltr'>adepto</span> 
     </span>
     <span class='ocr_line' id='line_1_21' title="bbox 258 1411 1709 1452; baseline 0 -10"><span class='ocrx_word' id='word_1_171' title='bbox 258 1411 494 1452; x_wconf 83' lang='lat' dir='ltr'>gratulatur.&#39;</span> <span class='ocrx_word' id='word_1_172' title='bbox 543 1411 761 1451; x_wconf 73' lang='lat' dir='ltr'>Unhappily</span> <span class='ocrx_word' id='word_1_173' title='bbox 781 1411 941 1451; x_wconf 74' lang='lat' dir='ltr'>Opnieer</span> <span class='ocrx_word' id='word_1_174' title='bbox 958 1411 1020 1441; x_wconf 86' lang='lat' dir='ltr'>did</span> <span class='ocrx_word' id='word_1_175' title='bbox 1038 1417 1103 1442; x_wconf 85' lang='lat' dir='ltr'>not</span> <span class='ocrx_word' id='word_1_176' title='bbox 1123 1412 1224 1451; x_wconf 87' lang='lat' dir='ltr'>print</span> <span class='ocrx_word' id='word_1_177' title='bbox 1242 1422 1315 1452; x_wconf 86' lang='lat' dir='ltr'>any</span> <span class='ocrx_word' id='word_1_178' title='bbox 1332 1411 1369 1441; x_wconf 85' lang='lat' dir='ltr'>of</span> <span class='ocrx_word' id='word_1_179' title='bbox 1387 1412 1501 1442; x_wconf 84' lang='lat' dir='ltr'>them.</span> <span class='ocrx_word' id='word_1_180' title='bbox 1553 1412 1590 1442; x_wconf 88' lang='lat' dir='ltr'>P.</span> <span class='ocrx_word' id='word_1_181' title='bbox 1612 1412 1646 1442; x_wconf 83' lang='lat' dir='ltr'>S.</span> <span class='ocrx_word' id='word_1_182' title='bbox 1667 1413 1709 1443; x_wconf 79' lang='lat' dir='ltr'>A.</span> 
     </span>
    </p>

    <p class='ocr_par' dir='ltr' id='par_1_10' title="bbox 302 1455 1836 1496">
     <span class='ocr_line' id='line_1_22' title="bbox 302 1455 1836 1496; baseline 0.001 -11"><span class='ocrx_word' id='word_1_183' title='bbox 302 1455 466 1495; x_wconf 77' lang='lat' dir='ltr'>Perhaps</span> <span class='ocrx_word' id='word_1_184' title='bbox 481 1455 544 1485; x_wconf 85' lang='lat' dir='ltr'>the</span> <span class='ocrx_word' id='word_1_185' title='bbox 562 1465 705 1485; x_wconf 83' lang='lat' dir='ltr'>answer</span> <span class='ocrx_word' id='word_1_186' title='bbox 722 1459 761 1486; x_wconf 87' lang='lat' dir='ltr'>to</span> <span class='ocrx_word' id='word_1_187' title='bbox 780 1456 843 1486; x_wconf 82' lang='lat' dir='ltr'>the</span> <span class='ocrx_word' id='word_1_188' title='bbox 858 1455 967 1486; x_wconf 83' lang='lat' dir='ltr'>letter</span> <span class='ocrx_word' id='word_1_189' title='bbox 981 1455 1018 1486; x_wconf 88' lang='lat' dir='ltr'>of</span> <span class='ocrx_word' id='word_1_190' title='bbox 1037 1456 1211 1492; x_wconf 80' lang='lat' dir='ltr'>Quirinus</span> <span class='ocrx_word' id='word_1_191' title='bbox 1225 1456 1440 1486; x_wconf 83' lang='lat' dir='ltr'>mentioned</span> <span class='ocrx_word' id='word_1_192' title='bbox 1452 1456 1487 1486; x_wconf 90' lang='lat' dir='ltr'>in</span> <span class='ocrx_word' id='word_1_193' title='bbox 1503 1455 1572 1496; x_wconf 83' lang='lat' dir='ltr'>Ep.</span> <span class='ocrx_word' id='word_1_194' title='bbox 1589 1459 1683 1496; x_wconf 70' lang='lat'>2645.</span> <span class='ocrx_word' id='word_1_195' title='bbox 1704 1457 1836 1496; x_wconf 75' lang='lat'>12-13.]</span> 
     </span>
    </p>
   </div>
   <div class='ocr_carea' id='block_1_6' title="bbox 623 1596 1468 1638">
    <p class='ocr_par' dir='ltr' id='par_1_11' title="bbox 623 1596 1468 1638">
     <span class='ocr_line' id='line_1_23' title="bbox 623 1596 1468 1638; baseline 0.001 -2"><span class='ocrx_word' id='word_1_196' title='bbox 623 1599 751 1637; x_wconf 80' lang='grc'><strong>2648.</strong></span> <span class='ocrx_word' id='word_1_197' title='bbox 819 1596 956 1637; x_wconf 75' lang='lat' dir='ltr'>FROM</span> <span class='ocrx_word' id='word_1_198' title='bbox 989 1597 1172 1637; x_wconf 80' lang='lat' dir='ltr'>JACOPO</span> <span class='ocrx_word' id='word_1_199' title='bbox 1205 1596 1468 1638; x_wconf 82' lang='lat' dir='ltr'>SADOLETO.</span> 
     </span>
    </p>
   </div>
   <div class='ocr_carea' id='block_1_7' title="bbox 307 1676 1786 1770">
    <p class='ocr_par' dir='ltr' id='par_1_12' title="bbox 307 1676 1786 1770">
     <span class='ocr_line' id='line_1_24' title="bbox 308 1676 1786 1721; baseline 0 -11"><span class='ocrx_word' id='word_1_200' title='bbox 308 1676 486 1710; x_wconf 84' lang='lat' dir='ltr'>Sadoleti</span> <span class='ocrx_word' id='word_1_201' title='bbox 506 1676 728 1721; x_wconf 61' lang='lat' dir='ltr'>Epistokze,</span> <span class='ocrx_word' id='word_1_202' title='bbox 756 1687 862 1720; x_wconf 87' lang='grc'>1550,</span> <span class='ocrx_word' id='word_1_203' title='bbox 884 1687 922 1721; x_wconf 92' lang='lat' dir='ltr'>p.</span> <span class='ocrx_word' id='word_1_204' title='bbox 948 1678 1028 1720; x_wconf 74' lang='lat'>104.</span> <span class='ocrx_word' id='word_1_205' title='bbox 1528 1677 1786 1721; x_wconf 74' lang='lat' dir='ltr'>Carpentras.</span> 
     </span>
     <span class='ocr_line' id='line_1_25' title="bbox 307 1726 1785 1770; baseline 0 -10"><span class='ocrx_word' id='word_1_206' title='bbox 307 1727 391 1760; x_wconf 88' lang='lat' dir='ltr'>LB.</span> <span class='ocrx_word' id='word_1_207' title='bbox 416 1735 520 1759; x_wconf 84' lang='lat'>1220.</span> <span class='ocrx_word' id='word_1_208' title='bbox 1521 1727 1541 1759; x_wconf 87' lang='lat'>8</span> <span class='ocrx_word' id='word_1_209' title='bbox 1562 1726 1658 1770; x_wconf 80' lang='lat' dir='ltr'>May</span> <span class='ocrx_word' id='word_1_210' title='bbox 1681 1736 1785 1770; x_wconf 82' lang='lat'>1532.</span> 
     </span>
    </p>
   </div>
   <div class='ocr_carea' id='block_1_8' title="bbox 258 1809 1837 2157">
    <p class='ocr_par' dir='ltr' id='par_1_13' title="bbox 258 1809 1837 2157">
     <span class='ocr_line' id='line_1_26' title="bbox 303 1809 1836 1848; baseline 0.001 -8"><span class='ocrx_word' id='word_1_211' title='bbox 303 1810 349 1848; x_wconf 92' lang='lat' dir='ltr'>[A</span> <span class='ocrx_word' id='word_1_212' title='bbox 368 1810 478 1840; x_wconf 86' lang='lat' dir='ltr'>letter</span> <span class='ocrx_word' id='word_1_213' title='bbox 499 1809 537 1840; x_wconf 86' lang='lat' dir='ltr'>of</span> <span class='ocrx_word' id='word_1_214' title='bbox 562 1809 702 1839; x_wconf 81' lang='lat' dir='ltr'>thanks</span> <span class='ocrx_word' id='word_1_215' title='bbox 723 1809 780 1839; x_wconf 88' lang='lat' dir='ltr'>for</span> <span class='ocrx_word' id='word_1_216' title='bbox 801 1809 864 1840; x_wconf 85' lang='lat' dir='ltr'>the</span> <span class='ocrx_word' id='word_1_217' title='bbox 887 1809 1097 1840; x_wconf 82' lang='lat' dir='ltr'>dedication</span> <span class='ocrx_word' id='word_1_218' title='bbox 1116 1809 1153 1839; x_wconf 86' lang='lat' dir='ltr'>of</span> <span class='ocrx_word' id='word_1_219' title='bbox 1178 1809 1242 1840; x_wconf 84' lang='lat' dir='ltr'>the</span> <span class='ocrx_word' id='word_1_220' title='bbox 1265 1809 1384 1839; x_wconf 87' lang='lat' dir='ltr'>Greek</span> <span class='ocrx_word' id='word_1_221' title='bbox 1407 1809 1519 1843; x_wconf 75' lang='lat' dir='ltr'>Basil,</span> <span class='ocrx_word' id='word_1_222' title='bbox 1538 1810 1687 1840; x_wconf 77' lang='lat' dir='ltr'>written</span> <span class='ocrx_word' id='word_1_223' title='bbox 1711 1810 1836 1841; x_wconf 85' lang='lat' dir='ltr'>before</span> 
     </span>
     <span class='ocr_line' id='line_1_27' title="bbox 258 1853 1836 1893; baseline 0 -9"><span class='ocrx_word' id='word_1_224' title='bbox 258 1853 432 1885; x_wconf 80' lang='lat' dir='ltr'>Sadoleto</span> <span class='ocrx_word' id='word_1_225' title='bbox 450 1853 523 1884; x_wconf 81' lang='lat' dir='ltr'>had</span> <span class='ocrx_word' id='word_1_226' title='bbox 540 1863 625 1883; x_wconf 88' lang='lat' dir='ltr'>seen</span> <span class='ocrx_word' id='word_1_227' title='bbox 645 1853 709 1884; x_wconf 85' lang='lat' dir='ltr'>the</span> <span class='ocrx_word' id='word_1_228' title='bbox 728 1853 845 1889; x_wconf 80' lang='lat' dir='ltr'>book;</span> <span class='ocrx_word' id='word_1_229' title='bbox 872 1853 917 1884; x_wconf 87' lang='lat' dir='ltr'>he</span> <span class='ocrx_word' id='word_1_230' title='bbox 935 1853 1102 1884; x_wconf 86' lang='lat' dir='ltr'>followed</span> <span class='ocrx_word' id='word_1_231' title='bbox 1127 1854 1156 1883; x_wconf 88' lang='lat' dir='ltr'>it</span> <span class='ocrx_word' id='word_1_232' title='bbox 1180 1853 1228 1893; x_wconf 88' lang='lat' dir='ltr'>by</span> <span class='ocrx_word' id='word_1_233' title='bbox 1246 1863 1267 1883; x_wconf 85' lang='lat' dir='ltr'>a</span> <span class='ocrx_word' id='word_1_234' title='bbox 1285 1853 1430 1884; x_wconf 82' lang='lat' dir='ltr'>further</span> <span class='ocrx_word' id='word_1_235' title='bbox 1447 1853 1556 1884; x_wconf 88' lang='lat' dir='ltr'>letter</span> <span class='ocrx_word' id='word_1_236' title='bbox 1573 1853 1611 1884; x_wconf 85' lang='lat' dir='ltr'>of</span> <span class='ocrx_word' id='word_1_237' title='bbox 1634 1854 1773 1884; x_wconf 84' lang='lat' dir='ltr'>thanks</span> <span class='ocrx_word' id='word_1_238' title='bbox 1789 1865 1836 1885; x_wconf 89' lang='lat' dir='ltr'>on</span> 
     </span>
     <span class='ocr_line' id='line_1_28' title="bbox 258 1897 1837 1937; baseline 0.001 -9"><span class='ocrx_word' id='word_1_239' title='bbox 258 1908 277 1937; x_wconf 94' lang='lat'><em>7</em></span> <span class='ocrx_word' id='word_1_240' title='bbox 294 1898 393 1929; x_wconf 84' lang='lat' dir='ltr'>June</span> <span class='ocrx_word' id='word_1_241' title='bbox 412 1898 497 1937; x_wconf 91' lang='lat' dir='ltr'>(Ep.</span> <span class='ocrx_word' id='word_1_242' title='bbox 518 1898 629 1935; x_wconf 81' lang='lat'>2656).</span> <span class='ocrx_word' id='word_1_243' title='bbox 678 1897 855 1928; x_wconf 84' lang='lat' dir='ltr'>Boniface</span> <span class='ocrx_word' id='word_1_244' title='bbox 875 1897 1082 1928; x_wconf 85' lang='lat' dir='ltr'>Amerbach</span> <span class='ocrx_word' id='word_1_245' title='bbox 1097 1898 1133 1927; x_wconf 93' lang='lat' dir='ltr'>in</span> <span class='ocrx_word' id='word_1_246' title='bbox 1145 1907 1167 1927; x_wconf 86' lang='lat' dir='ltr'>a</span> <span class='ocrx_word' id='word_1_247' title='bbox 1181 1897 1281 1928; x_wconf 85' lang='lat' dir='ltr'>draft</span> <span class='ocrx_word' id='word_1_248' title='bbox 1296 1897 1406 1928; x_wconf 85' lang='lat' dir='ltr'>letter</span> <span class='ocrx_word' id='word_1_249' title='bbox 1420 1902 1459 1928; x_wconf 84' lang='lat' dir='ltr'>to</span> <span class='ocrx_word' id='word_1_250' title='bbox 1473 1897 1657 1933; x_wconf 84' lang='lat' dir='ltr'>Sadoleto,</span> <span class='ocrx_word' id='word_1_251' title='bbox 1671 1898 1837 1929; x_wconf 87' lang='lat' dir='ltr'>undated</span> 
     </span>
     <span class='ocr_line' id='line_1_29' title="bbox 259 1941 1836 1982; baseline 0 -10"><span class='ocrx_word' id='word_1_252' title='bbox 259 1941 381 1978; x_wconf 81' lang='lat' dir='ltr'>(Basle</span> <span class='ocrx_word' id='word_1_253' title='bbox 398 1941 470 1972; x_wconf 85' lang='lat' dir='ltr'>MS.</span> <span class='ocrx_word' id='word_1_254' title='bbox 489 1941 526 1972; x_wconf 76' lang='lat' dir='ltr'>C‘.</span> <span class='ocrx_word' id='word_1_255' title='bbox 548 1941 631 1971; x_wconf 68' lang='lat' dir='ltr'>Vla.</span> <span class='ocrx_word' id='word_1_256' title='bbox 651 1949 703 1980; x_wconf 89' lang='lat'>73.</span> <span class='ocrx_word' id='word_1_257' title='bbox 724 1942 815 1979; x_wconf 84' lang='lat'><strong>255),</strong></span> <span class='ocrx_word' id='word_1_258' title='bbox 833 1951 918 1981; x_wconf 83' lang='lat' dir='ltr'>says</span> <span class='ocrx_word' id='word_1_259' title='bbox 935 1941 1020 1972; x_wconf 85' lang='lat' dir='ltr'>that</span> <span class='ocrx_word' id='word_1_260' title='bbox 1038 1942 1083 1971; x_wconf 91' lang='lat' dir='ltr'>he</span> <span class='ocrx_word' id='word_1_261' title='bbox 1101 1942 1130 1971; x_wconf 85' lang='lat' dir='ltr'>is</span> <span class='ocrx_word' id='word_1_262' title='bbox 1147 1941 1302 1981; x_wconf 79' lang='lat' dir='ltr'>sending</span> <span class='ocrx_word' id='word_1_263' title='bbox 1318 1946 1358 1971; x_wconf 86' lang='lat' dir='ltr'>to</span> <span class='ocrx_word' id='word_1_264' title='bbox 1376 1941 1549 1972; x_wconf 85' lang='lat' dir='ltr'>Sadoleto</span> <span class='ocrx_word' id='word_1_265' title='bbox 1566 1952 1588 1972; x_wconf 81' lang='lat' dir='ltr'>a</span> <span class='ocrx_word' id='word_1_266' title='bbox 1605 1952 1700 1982; x_wconf 80' lang='lat' dir='ltr'>copy</span> <span class='ocrx_word' id='word_1_267' title='bbox 1717 1942 1754 1972; x_wconf 88' lang='lat' dir='ltr'>of</span> <span class='ocrx_word' id='word_1_268' title='bbox 1772 1943 1836 1972; x_wconf 86' lang='lat' dir='ltr'>the</span> 
     </span>
     <span class='ocr_line' id='line_1_30' title="bbox 258 1983 1835 2025; baseline 0 -9"><span class='ocrx_word' id='word_1_269' title='bbox 258 1986 370 2021; x_wconf 82' lang='lat' dir='ltr'>Basil,</span> <span class='ocrx_word' id='word_1_270' title='bbox 389 1986 561 2025; x_wconf 78' lang='lat' dir='ltr'>together</span> <span class='ocrx_word' id='word_1_271' title='bbox 577 1985 668 2015; x_wconf 88' lang='lat' dir='ltr'>with</span> <span class='ocrx_word' id='word_1_272' title='bbox 685 1986 808 2025; x_wconf 89' lang='lat' dir='ltr'>copies</span> <span class='ocrx_word' id='word_1_273' title='bbox 826 1986 863 2016; x_wconf 82' lang='lat' dir='ltr'>of</span> <span class='ocrx_word' id='word_1_274' title='bbox 881 1985 945 2016; x_wconf 86' lang='lat' dir='ltr'>the</span> <span class='ocrx_word' id='word_1_275' title='bbox 962 1989 1217 2025; x_wconf 83' lang='lat' dir='ltr'>commentary</span> <span class='ocrx_word' id='word_1_276' title='bbox 1228 1995 1275 2015; x_wconf 92' lang='lat' dir='ltr'>on</span> <span class='ocrx_word' id='word_1_277' title='bbox 1293 1983 1412 2015; x_wconf 84' lang='lat' dir='ltr'>Psalrn</span> <span class='ocrx_word' id='word_1_278' title='bbox 1428 1987 1468 2024; x_wconf 82' lang='lat'>38</span> <span class='ocrx_word' id='word_1_279' title='bbox 1484 1985 1712 2021; x_wconf 80' lang='lat' dir='ltr'>(mentioned</span> <span class='ocrx_word' id='word_1_280' title='bbox 1727 1986 1749 2016; x_wconf 96' lang='lat' dir='ltr'>l.</span> <span class='ocrx_word' id='word_1_281' title='bbox 1765 1987 1835 2025; x_wconf 76' lang='grc'>04),</span> 
     </span>
     <span class='ocr_line' id='line_1_31' title="bbox 258 2029 1835 2069; baseline 0 -10"><span class='ocrx_word' id='word_1_282' title='bbox 258 2030 323 2060; x_wconf 84' lang='lat' dir='ltr'>the</span> <span class='ocrx_word' id='word_1_283' title='bbox 340 2029 620 2065; x_wconf 62' lang='lat' dir='ltr'>Declaratzbnes,</span> <span class='ocrx_word' id='word_1_284' title='bbox 639 2029 713 2059; x_wconf 85' lang='lat' dir='ltr'>and</span> <span class='ocrx_word' id='word_1_285' title='bbox 731 2029 837 2059; x_wconf 84' lang='lat' dir='ltr'>other</span> <span class='ocrx_word' id='word_1_286' title='bbox 855 2033 979 2060; x_wconf 78' lang='lat' dir='ltr'>recent</span> <span class='ocrx_word' id='word_1_287' title='bbox 998 2029 1247 2069; x_wconf 76' lang='lat' dir='ltr'>publicatione</span> <span class='ocrx_word' id='word_1_288' title='bbox 1264 2029 1302 2059; x_wconf 78' lang='lat' dir='ltr'>of</span> <span class='ocrx_word' id='word_1_289' title='bbox 1327 2029 1514 2060; x_wconf 83' lang='lat' dir='ltr'>Erasmus.</span> <span class='ocrx_word' id='word_1_290' title='bbox 1564 2029 1670 2060; x_wconf 86' lang='lat' dir='ltr'>Basle</span> <span class='ocrx_word' id='word_1_291' title='bbox 1684 2029 1758 2060; x_wconf 83' lang='lat' dir='ltr'>MS.</span> <span class='ocrx_word' id='word_1_292' title='bbox 1774 2030 1835 2060; x_wconf 87' lang='lat' dir='ltr'>Ki.</span> 
     </span>
     <span class='ocr_line' id='line_1_32' title="bbox 260 2073 1837 2113; baseline 0 -9"><span class='ocrx_word' id='word_1_293' title='bbox 260 2075 321 2104; x_wconf 87' lang='lat' dir='ltr'>Ar.</span> <span class='ocrx_word' id='word_1_294' title='bbox 343 2075 413 2104; x_wconf 61' lang='lat'>18³.</span> <span class='ocrx_word' id='word_1_295' title='bbox 433 2082 496 2112; x_wconf 79' lang='grc'>350</span> <span class='ocrx_word' id='word_1_296' title='bbox 520 2073 548 2103; x_wconf 87' lang='lat' dir='ltr'>is</span> <span class='ocrx_word' id='word_1_297' title='bbox 570 2083 617 2103; x_wconf 85' lang='lat' dir='ltr'>an</span> <span class='ocrx_word' id='word_1_298' title='bbox 639 2073 850 2113; x_wconf 83' lang='lat' dir='ltr'>autograph</span> <span class='ocrx_word' id='word_1_299' title='bbox 876 2073 986 2104; x_wconf 82' lang='lat' dir='ltr'>letter</span> <span class='ocrx_word' id='word_1_300' title='bbox 1011 2073 1107 2109; x_wconf 84' lang='lat' dir='ltr'>(Sad.</span> <span class='ocrx_word' id='word_1_301' title='bbox 1128 2073 1184 2109; x_wconf 61' lang='lat' dir='ltr'>E„</span> <span class='ocrx_word' id='word_1_302' title='bbox 1206 2082 1300 2111; x_wconf 87' lang='grc'>1550,</span> <span class='ocrx_word' id='word_1_303' title='bbox 1320 2083 1354 2112; x_wconf 90' lang='lat' dir='ltr'>p.</span> <span class='ocrx_word' id='word_1_304' title='bbox 1378 2074 1453 2112; x_wconf 82' lang='lat'>174)</span> <span class='ocrx_word' id='word_1_305' title='bbox 1479 2073 1573 2103; x_wconf 87' lang='lat' dir='ltr'>from</span> <span class='ocrx_word' id='word_1_306' title='bbox 1600 2073 1772 2104; x_wconf 82' lang='lat' dir='ltr'>Sadoleto</span> <span class='ocrx_word' id='word_1_307' title='bbox 1798 2078 1837 2104; x_wconf 88' lang='lat' dir='ltr'>to</span> 
     </span>
     <span class='ocr_line' id='line_1_33' title="bbox 259 2117 1836 2157; baseline -0.001 -9"><span class='ocrx_word' id='word_1_308' title='bbox 259 2117 446 2154; x_wconf 84' lang='lat' dir='ltr'>Boniface,</span> <span class='ocrx_word' id='word_1_309' title='bbox 457 2118 475 2147; x_wconf 89' lang='lat'>8</span> <span class='ocrx_word' id='word_1_310' title='bbox 490 2117 575 2157; x_wconf 80' lang='lat' dir='ltr'>May</span> <span class='ocrx_word' id='word_1_311' title='bbox 592 2126 687 2156; x_wconf 79' lang='lat'>1532,</span> <span class='ocrx_word' id='word_1_312' title='bbox 703 2117 777 2147; x_wconf 83' lang='lat' dir='ltr'>and</span> <span class='ocrx_word' id='word_1_313' title='bbox 789 2117 979 2157; x_wconf 75' lang='lat' dir='ltr'>evidently</span> <span class='ocrx_word' id='word_1_314' title='bbox 993 2121 1076 2147; x_wconf 87' lang='lat' dir='ltr'>sent</span> <span class='ocrx_word' id='word_1_315' title='bbox 1087 2117 1177 2147; x_wconf 83' lang='lat' dir='ltr'>with</span> <span class='ocrx_word' id='word_1_316' title='bbox 1189 2117 1264 2147; x_wconf 78' lang='lat' dir='ltr'>this</span> <span class='ocrx_word' id='word_1_317' title='bbox 1277 2117 1398 2153; x_wconf 87' lang='lat' dir='ltr'>letter,</span> <span class='ocrx_word' id='word_1_318' title='bbox 1414 2127 1472 2147; x_wconf 82' lang='lat' dir='ltr'>see</span> <span class='ocrx_word' id='word_1_319' title='bbox 1485 2117 1554 2157; x_wconf 90' lang='lat' dir='ltr'>Ep.</span> <span class='ocrx_word' id='word_1_320' title='bbox 1570 2118 1665 2157; x_wconf 75' lang='lat'>2684.</span> <span class='ocrx_word' id='word_1_321' title='bbox 1682 2118 1836 2156; x_wconf 75' lang='lat'>129—31.]</span> 
     </span>
    </p>
   </div>
   <div class='ocr_carea' id='block_1_9' title="bbox 259 2192 1836 2227">
    <p class='ocr_par' dir='ltr' id='par_1_14' title="bbox 259 2192 1836 2227">
     <span class='ocr_line' id='line_1_34' title="bbox 259 2192 1836 2227; baseline 0 -7"><span class='ocrx_word' id='word_1_322' title='bbox 259 2193 343 2220; x_wconf 76' lang='lat' dir='ltr'>IAC.</span> <span class='ocrx_word' id='word_1_323' title='bbox 367 2192 618 2220; x_wconf 83' lang='lat' dir='ltr'>SADOLETVS</span> <span class='ocrx_word' id='word_1_324' title='bbox 641 2193 776 2219; x_wconf 82' lang='lat' dir='ltr'>EPISC.</span> <span class='ocrx_word' id='word_1_325' title='bbox 801 2193 1015 2220; x_wconf 81' lang='lat' dir='ltr'>CARPENT.</span> <span class='ocrx_word' id='word_1_326' title='bbox 1039 2193 1134 2219; x_wconf 89' lang='lat' dir='ltr'>DES.</span> <span class='ocrx_word' id='word_1_327' title='bbox 1160 2192 1334 2219; x_wconf 81' lang='lat' dir='ltr'><strong>ERASMO</strong></span> <span class='ocrx_word' id='word_1_328' title='bbox 1357 2193 1669 2227; x_wconf 81' lang='lat' dir='ltr'>ROTERODAMO,</span> <span class='ocrx_word' id='word_1_329' title='bbox 1693 2193 1724 2219; x_wconf 87' lang='lat' dir='ltr'>S.</span> <span class='ocrx_word' id='word_1_330' title='bbox 1742 2193 1777 2219; x_wconf 90' lang='lat' dir='ltr'>P.</span> <span class='ocrx_word' id='word_1_331' title='bbox 1794 2193 1836 2220; x_wconf 94' lang='lat' dir='ltr'>D.</span> 
     </span>
    </p>
   </div>
   <div class='ocr_carea' id='block_1_10' title="bbox 201 2252 1836 2796">
    <p class='ocr_par' dir='ltr' id='par_1_15' title="bbox 259 2252 1835 2467">
     <span class='ocr_line' id='line_1_35' title="bbox 315 2252 1833 2303; baseline 0 -13"><span class='ocrx_word' id='word_1_332' title='bbox 315 2253 441 2299; x_wconf 72' lang='lat' dir='ltr'>QVOD</span> <span class='ocrx_word' id='word_1_333' title='bbox 462 2253 610 2291; x_wconf 88' lang='lat' dir='ltr'>literae</span> <span class='ocrx_word' id='word_1_334' title='bbox 632 2266 750 2290; x_wconf 86' lang='lat' dir='ltr'>meae</span> <span class='ocrx_word' id='word_1_335' title='bbox 772 2253 827 2290; x_wconf 87' lang='lat' dir='ltr'>ad</span> <span class='ocrx_word' id='word_1_336' title='bbox 845 2257 887 2290; x_wconf 90' lang='lat' dir='ltr'>te</span> <span class='ocrx_word' id='word_1_337' title='bbox 904 2253 1144 2290; x_wconf 78' lang='lat' dir='ltr'>tardissime</span> <span class='ocrx_word' id='word_1_338' title='bbox 1162 2252 1443 2303; x_wconf 84' lang='lat' dir='ltr'>perferantur,</span> <span class='ocrx_word' id='word_1_339' title='bbox 1462 2253 1587 2302; x_wconf 88' lang='lat' dir='ltr'>plane</span> <span class='ocrx_word' id='word_1_340' title='bbox 1604 2253 1833 2291; x_wconf 88' lang='lat' dir='ltr'>molestum</span> 
     </span>
     <span class='ocr_line' id='line_1_36' title="bbox 259 2307 1834 2358; baseline 0.001 -13"><span class='ocrx_word' id='word_1_341' title='bbox 259 2308 362 2346; x_wconf 89' lang='lat' dir='ltr'>mihi</span> <span class='ocrx_word' id='word_1_342' title='bbox 378 2312 455 2345; x_wconf 88' lang='lat' dir='ltr'>est.</span> <span class='ocrx_word' id='word_1_343' title='bbox 502 2307 709 2358; x_wconf 83' lang='lat' dir='ltr'>Cuperem</span> <span class='ocrx_word' id='word_1_344' title='bbox 732 2309 844 2346; x_wconf 91' lang='lat' dir='ltr'>enim</span> <span class='ocrx_word' id='word_1_345' title='bbox 862 2307 956 2346; x_wconf 86' lang='lat' dir='ltr'>illas</span> <span class='ocrx_word' id='word_1_346' title='bbox 973 2312 1140 2345; x_wconf 87' lang='lat' dir='ltr'>mature</span> <span class='ocrx_word' id='word_1_347' title='bbox 1159 2307 1277 2345; x_wconf 91' lang='lat' dir='ltr'>reddi</span> <span class='ocrx_word' id='word_1_348' title='bbox 1294 2321 1300 2344; x_wconf 91' lang='lat'>:</span> <span class='ocrx_word' id='word_1_349' title='bbox 1324 2321 1399 2345; x_wconf 91' lang='lat' dir='ltr'>nec</span> <span class='ocrx_word' id='word_1_350' title='bbox 1418 2313 1507 2345; x_wconf 83' lang='lat' dir='ltr'>tam</span> <span class='ocrx_word' id='word_1_351' title='bbox 1527 2312 1575 2344; x_wconf 84' lang='lat' dir='ltr'>vt</span> <span class='ocrx_word' id='word_1_352' title='bbox 1591 2312 1634 2345; x_wconf 91' lang='lat' dir='ltr'>te</span> <span class='ocrx_word' id='word_1_353' title='bbox 1651 2308 1834 2346; x_wconf 88' lang='lat' dir='ltr'>delecta-</span> 
     </span>
     <span class='ocr_line' id='line_1_37' title="bbox 259 2362 1834 2412; baseline -0.001 -12"><span class='ocrx_word' id='word_1_354' title='bbox 259 2367 355 2400; x_wconf 90' lang='lat' dir='ltr'>rent</span> <span class='ocrx_word' id='word_1_355' title='bbox 375 2363 505 2412; x_wconf 91' lang='lat' dir='ltr'>(quod</span> <span class='ocrx_word' id='word_1_356' title='bbox 523 2367 570 2400; x_wconf 89' lang='lat' dir='ltr'>tu</span> <span class='ocrx_word' id='word_1_357' title='bbox 595 2363 897 2400; x_wconf 84' lang='lat' dir='ltr'>humanissime</span> <span class='ocrx_word' id='word_1_358' title='bbox 918 2367 1050 2412; x_wconf 86' lang='lat' dir='ltr'>atque</span> <span class='ocrx_word' id='word_1_359' title='bbox 1071 2363 1322 2400; x_wconf 82' lang='lat' dir='ltr'>amicissime</span> <span class='ocrx_word' id='word_1_360' title='bbox 1345 2362 1432 2400; x_wconf 89' lang='lat' dir='ltr'>fieri</span> <span class='ocrx_word' id='word_1_361' title='bbox 1456 2362 1618 2408; x_wconf 85' lang='lat' dir='ltr'>scribis)</span> <span class='ocrx_word' id='word_1_362' title='bbox 1638 2375 1767 2412; x_wconf 86' lang='lat' dir='ltr'>quam</span> <span class='ocrx_word' id='word_1_363' title='bbox 1786 2367 1834 2400; x_wconf 81' lang='lat' dir='ltr'>vt</span> 
     </span>
     <span class='ocr_line' id='line_1_38' title="bbox 259 2417 1835 2467; baseline 0 -12"><span class='ocrx_word' id='word_1_364' title='bbox 259 2431 399 2455; x_wconf 90' lang='lat' dir='ltr'>meum</span> <span class='ocrx_word' id='word_1_365' title='bbox 423 2418 502 2454; x_wconf 90' lang='lat' dir='ltr'>tibi</span> <span class='ocrx_word' id='word_1_366' title='bbox 524 2418 707 2455; x_wconf 87' lang='lat' dir='ltr'>officium</span> <span class='ocrx_word' id='word_1_367' title='bbox 730 2417 923 2455; x_wconf 87' lang='lat' dir='ltr'>celeriter</span> <span class='ocrx_word' id='word_1_368' title='bbox 943 2421 1054 2456; x_wconf 87' lang='lat' dir='ltr'>esset</span> <span class='ocrx_word' id='word_1_369' title='bbox 1075 2417 1305 2467; x_wconf 81' lang='lat' dir='ltr'>cognitum.</span> <span class='ocrx_word' id='word_1_370' title='bbox 1367 2417 1481 2454; x_wconf 83' lang='lat' dir='ltr'>Tuas</span> <span class='ocrx_word' id='word_1_371' title='bbox 1509 2417 1680 2466; x_wconf 89' lang='lat' dir='ltr'>quidem</span> <span class='ocrx_word' id='word_1_372' title='bbox 1706 2418 1835 2455; x_wconf 88' lang='lat' dir='ltr'>tertio</span> 
     </span>
    </p>

    <p class='ocr_par' dir='ltr' id='par_1_16' title="bbox 221 2471 1836 2740">
     <span class='ocr_line' id='line_1_39' title="bbox 221 2471 1835 2521; baseline 0 -12"><span class='ocrx_word' id='word_1_373' title='bbox 221 2487 239 2516; x_wconf 82' lang='lat'><strong>5</strong></span> <span class='ocrx_word' id='word_1_374' title='bbox 259 2472 430 2510; x_wconf 86' lang='lat' dir='ltr'>Calend.</span> <span class='ocrx_word' id='word_1_375' title='bbox 455 2472 599 2509; x_wconf 89' lang='lat' dir='ltr'>Martii</span> <span class='ocrx_word' id='word_1_376' title='bbox 622 2472 747 2510; x_wconf 87' lang='lat' dir='ltr'>datas</span> <span class='ocrx_word' id='word_1_377' title='bbox 776 2473 950 2510; x_wconf 86' lang='lat' dir='ltr'>ineunte</span> <span class='ocrx_word' id='word_1_378' title='bbox 983 2472 1095 2510; x_wconf 84' lang='lat' dir='ltr'>Maio</span> <span class='ocrx_word' id='word_1_379' title='bbox 1120 2473 1275 2521; x_wconf 86' lang='lat' dir='ltr'>accepi.</span> <span class='ocrx_word' id='word_1_380' title='bbox 1336 2471 1386 2509; x_wconf 90' lang='lat' dir='ltr'>In</span> <span class='ocrx_word' id='word_1_381' title='bbox 1409 2472 1563 2521; x_wconf 85' lang='lat' dir='ltr'>quibus</span> <span class='ocrx_word' id='word_1_382' title='bbox 1589 2472 1704 2521; x_wconf 91' lang='lat' dir='ltr'>quod</span> <span class='ocrx_word' id='word_1_383' title='bbox 1731 2472 1835 2509; x_wconf 90' lang='lat' dir='ltr'>mihi</span> 
     </span>
     <span class='ocr_line' id='line_1_40' title="bbox 260 2526 1834 2577; baseline 0 -13"><span class='ocrx_word' id='word_1_384' title='bbox 260 2527 312 2564; x_wconf 89' lang='lat' dir='ltr'>de</span> <span class='ocrx_word' id='word_1_385' title='bbox 338 2527 585 2565; x_wconf 77' lang='lat' dir='ltr'>valetudine</span> <span class='ocrx_word' id='word_1_386' title='bbox 614 2539 817 2577; x_wconf 83' lang='lat' dir='ltr'>prospera</span> <span class='ocrx_word' id='word_1_387' title='bbox 845 2527 1074 2577; x_wconf 85' lang='lat' dir='ltr'>gratularis</span> <span class='ocrx_word' id='word_1_388' title='bbox 1102 2527 1299 2576; x_wconf 87' lang='lat' dir='ltr'>equidem</span> <span class='ocrx_word' id='word_1_389' title='bbox 1327 2526 1509 2564; x_wconf 89' lang='lat' dir='ltr'>libenter</span> <span class='ocrx_word' id='word_1_390' title='bbox 1537 2527 1698 2577; x_wconf 81' lang='lat' dir='ltr'>accipio</span> <span class='ocrx_word' id='word_1_391' title='bbox 1726 2527 1834 2564; x_wconf 88' lang='lat' dir='ltr'>hanc</span> 
     </span>
     <span class='ocr_line' id='line_1_41' title="bbox 259 2582 1834 2631; baseline -0.001 -12"><span class='ocrx_word' id='word_1_392' title='bbox 259 2582 592 2631; x_wconf 85' lang='lat' dir='ltr'>gratulationem</span> <span class='ocrx_word' id='word_1_393' title='bbox 622 2586 756 2626; x_wconf 84' lang='lat' dir='ltr'>tuam,</span> <span class='ocrx_word' id='word_1_394' title='bbox 780 2582 843 2619; x_wconf 88' lang='lat' dir='ltr'>tui</span> <span class='ocrx_word' id='word_1_395' title='bbox 872 2583 1027 2619; x_wconf 87' lang='lat' dir='ltr'>amoris</span> <span class='ocrx_word' id='word_1_396' title='bbox 1055 2582 1198 2619; x_wconf 81' lang='lat' dir='ltr'>eximii</span> <span class='ocrx_word' id='word_1_397' title='bbox 1225 2594 1323 2631; x_wconf 81' lang='lat' dir='ltr'>erga</span> <span class='ocrx_word' id='word_1_398' title='bbox 1352 2594 1417 2618; x_wconf 91' lang='lat' dir='ltr'>me</span> <span class='ocrx_word' id='word_1_399' title='bbox 1446 2585 1614 2619; x_wconf 86' lang='lat' dir='ltr'>testem.</span> <span class='ocrx_word' id='word_1_400' title='bbox 1674 2582 1834 2619; x_wconf 84' lang='lat' dir='ltr'>Verun-</span> 
     </span>
     <span class='ocr_line' id='line_1_42' title="bbox 261 2635 1836 2685; baseline -0.001 -11"><span class='ocrx_word' id='word_1_401' title='bbox 261 2641 405 2674; x_wconf 86' lang='lat' dir='ltr'>tamen</span> <span class='ocrx_word' id='word_1_402' title='bbox 427 2637 534 2674; x_wconf 89' lang='lat' dir='ltr'>scito</span> <span class='ocrx_word' id='word_1_403' title='bbox 557 2649 579 2673; x_wconf 89' lang='lat' dir='ltr'>a</span> <span class='ocrx_word' id='word_1_404' title='bbox 598 2637 738 2674; x_wconf 89' lang='lat' dir='ltr'>medio</span> <span class='ocrx_word' id='word_1_405' title='bbox 755 2636 991 2674; x_wconf 86' lang='lat' dir='ltr'>Nouembri</span> <span class='ocrx_word' id='word_1_406' title='bbox 1008 2649 1141 2685; x_wconf 75' lang='lat' dir='ltr'>Vsque</span> <span class='ocrx_word' id='word_1_407' title='bbox 1159 2635 1213 2673; x_wconf 88' lang='lat' dir='ltr'>ad</span> <span class='ocrx_word' id='word_1_408' title='bbox 1231 2636 1417 2685; x_wconf 86' lang='lat' dir='ltr'>Aprilem</span> <span class='ocrx_word' id='word_1_409' title='bbox 1437 2640 1678 2674; x_wconf 84' lang='lat' dir='ltr'>extremum</span> <span class='ocrx_word' id='word_1_410' title='bbox 1695 2637 1836 2674; x_wconf 88' lang='lat' dir='ltr'>minus</span> 
     </span>
     <span class='ocr_line' id='line_1_43' title="bbox 260 2690 1836 2740; baseline 0 -12"><span class='ocrx_word' id='word_1_411' title='bbox 260 2704 326 2728; x_wconf 90' lang='lat' dir='ltr'>me</span> <span class='ocrx_word' id='word_1_412' title='bbox 364 2691 584 2729; x_wconf 90' lang='lat' dir='ltr'>commode</span> <span class='ocrx_word' id='word_1_413' title='bbox 617 2691 814 2729; x_wconf 77' lang='lat' dir='ltr'>valuisse.</span> <span class='ocrx_word' id='word_1_414' title='bbox 875 2691 1028 2740; x_wconf 89' lang='lat' dir='ltr'>Itaque</span> <span class='ocrx_word' id='word_1_415' title='bbox 1060 2695 1155 2728; x_wconf 92' lang='lat' dir='ltr'>toto</span> <span class='ocrx_word' id='word_1_416' title='bbox 1185 2690 1263 2728; x_wconf 88' lang='lat' dir='ltr'>hoc</span> <span class='ocrx_word' id='word_1_417' title='bbox 1295 2695 1487 2740; x_wconf 90' lang='lat' dir='ltr'>tempore</span> <span class='ocrx_word' id='word_1_418' title='bbox 1519 2695 1562 2728; x_wconf 92' lang='lat' dir='ltr'>et</span> <span class='ocrx_word' id='word_1_419' title='bbox 1593 2692 1836 2728; x_wconf 87' lang='lat' dir='ltr'>intermissa</span> 
     </span>
    </p>

    <p class='ocr_par' dir='ltr' id='par_1_17' title="bbox 201 2745 1834 2796">
     <span class='ocr_line' id='line_1_44' title="bbox 201 2745 1834 2796; baseline -0.001 -12"><span class='ocrx_word' id='word_1_420' title='bbox 201 2764 240 2785; x_wconf 88' lang='lat'>10</span> <span class='ocrx_word' id='word_1_421' title='bbox 259 2750 406 2783; x_wconf 81' lang='lat' dir='ltr'>nostra</span> <span class='ocrx_word' id='word_1_422' title='bbox 429 2746 573 2783; x_wconf 85' lang='lat' dir='ltr'>studia</span> <span class='ocrx_word' id='word_1_423' title='bbox 595 2747 896 2784; x_wconf 87' lang='lat' dir='ltr'>conticuerunt</span> <span class='ocrx_word' id='word_1_424' title='bbox 916 2750 961 2783; x_wconf 88' lang='lat' dir='ltr'>et</span> <span class='ocrx_word' id='word_1_425' title='bbox 981 2759 1057 2796; x_wconf 84' lang='lat' dir='ltr'>ego</span> <span class='ocrx_word' id='word_1_426' title='bbox 1085 2745 1189 2783; x_wconf 90' lang='lat' dir='ltr'>nihil</span> <span class='ocrx_word' id='word_1_427' title='bbox 1211 2745 1385 2795; x_wconf 82' lang='lat' dir='ltr'>dignum</span> <span class='ocrx_word' id='word_1_428' title='bbox 1408 2746 1499 2783; x_wconf 84' lang='lat' dir='ltr'>viro</span> <span class='ocrx_word' id='word_1_429' title='bbox 1524 2746 1648 2795; x_wconf 89' lang='lat' dir='ltr'>potui</span> <span class='ocrx_word' id='word_1_430' title='bbox 1669 2746 1834 2794; x_wconf 81' lang='lat' dir='ltr'>exequi.</span> 
     </span>
    </p>
   </div>
   <div class='ocr_carea' id='block_1_11' title="bbox 496 2833 1599 2875">
    <p class='ocr_par' dir='ltr' id='par_1_18' title="bbox 496 2833 1599 2875">
     <span class='ocr_line' id='line_1_45' title="bbox 496 2833 1599 2875; baseline 0 -10"><span class='ocrx_word' id='word_1_431' title='bbox 496 2835 592 2865; x_wconf 79' lang='lat'>2648.</span> <span class='ocrx_word' id='word_1_432' title='bbox 620 2844 650 2874; x_wconf 91' lang='grc'>5.</span> <span class='ocrx_word' id='word_1_433' title='bbox 678 2835 789 2875; x_wconf 90' lang='lat' dir='ltr'>quod.</span> <span class='ocrx_word' id='word_1_434' title='bbox 808 2834 894 2865; x_wconf 72' lang='lat' dir='ltr'>Sad.</span> <span class='ocrx_word' id='word_1_435' title='bbox 914 2835 955 2865; x_wconf 89' lang='lat' dir='ltr'>E.</span> <span class='ocrx_word' id='word_1_436' title='bbox 976 2841 1065 2872; x_wconf 80' lang='lat'><em>1554</em></span> <span class='ocrx_word' id='word_1_437' title='bbox 1086 2834 1180 2865; x_wconf 89' lang='lat' dir='ltr'>LB.:</span> <span class='ocrx_word' id='word_1_438' title='bbox 1205 2844 1318 2874; x_wconf 88' lang='lat' dir='ltr'>quarn</span> <span class='ocrx_word' id='word_1_439' title='bbox 1337 2833 1416 2864; x_wconf 76' lang='lat' dir='ltr'>sad.</span> <span class='ocrx_word' id='word_1_440' title='bbox 1436 2834 1477 2864; x_wconf 90' lang='lat' dir='ltr'>E.</span> <span class='ocrx_word' id='word_1_441' title='bbox 1498 2841 1599 2872; x_wconf 83' lang='grc'>1550.</span> 
     </span>
    </p>
   </div>
   <div class='ocr_carea' id='block_1_12' title="bbox 259 2921 1836 3051">
    <p class='ocr_par' dir='ltr' id='par_1_19' title="bbox 259 2921 1836 3051">
     <span class='ocr_line' id='line_1_46' title="bbox 304 2921 1836 2962; baseline -0.001 -9"><span class='ocrx_word' id='word_1_442' title='bbox 304 2922 400 2953; x_wconf 84' lang='grc'>2646.</span> <span class='ocrx_word' id='word_1_443' title='bbox 430 2932 480 2953; x_wconf 86' lang='lat'>12.</span> <span class='ocrx_word' id='word_1_444' title='bbox 507 2922 642 2953; x_wconf 87' lang='lat' dir='ltr'>Iacobo</span> <span class='ocrx_word' id='word_1_445' title='bbox 681 2923 802 2960; x_wconf 86' lang='lat' dir='ltr'>Dano]</span> <span class='ocrx_word' id='word_1_446' title='bbox 839 2922 904 2953; x_wconf 85' lang='lat' dir='ltr'>See</span> <span class='ocrx_word' id='word_1_447' title='bbox 941 2922 1010 2962; x_wconf 88' lang='lat' dir='ltr'>Ep.</span> <span class='ocrx_word' id='word_1_448' title='bbox 1125 2921 1222 2951; x_wconf 82' lang='lat'>2648.</span> <span class='ocrx_word' id='word_1_449' title='bbox 1249 2932 1280 2961; x_wconf 86' lang='lat'>4.</span> <span class='ocrx_word' id='word_1_450' title='bbox 1306 2921 1419 2959; x_wconf 84' lang='lat' dir='ltr'>Tuas]</span> <span class='ocrx_word' id='word_1_451' title='bbox 1452 2921 1528 2952; x_wconf 83' lang='lat' dir='ltr'>Not</span> <span class='ocrx_word' id='word_1_452' title='bbox 1555 2925 1700 2952; x_wconf 81' lang='lat' dir='ltr'>extant.</span> <span class='ocrx_word' id='word_1_453' title='bbox 1757 2921 1836 2951; x_wconf 83' lang='lat' dir='ltr'>The</span> 
     </span>
     <span class='ocr_line' id='line_1_47' title="bbox 259 2964 1836 3006; baseline -0.001 -9"><span class='ocrx_word' id='word_1_454' title='bbox 259 2968 356 3006; x_wconf 82' lang='lat'>2644.</span> <span class='ocrx_word' id='word_1_455' title='bbox 375 2976 429 3006; x_wconf 84' lang='lat'>24,</span> <span class='ocrx_word' id='word_1_456' title='bbox 448 2975 553 3004; x_wconf 82' lang='lat' dir='ltr'>25nn.</span> <span class='ocrx_word' id='word_1_457' title='bbox 1071 2965 1295 3004; x_wconf 83' lang='lat' dir='ltr'>.dedicatory</span> <span class='ocrx_word' id='word_1_458' title='bbox 1312 2965 1422 2996; x_wconf 87' lang='lat' dir='ltr'>letter</span> <span class='ocrx_word' id='word_1_459' title='bbox 1435 2969 1474 2996; x_wconf 82' lang='lat' dir='ltr'>to</span> <span class='ocrx_word' id='word_1_460' title='bbox 1486 2966 1550 2996; x_wconf 84' lang='lat' dir='ltr'>the</span> <span class='ocrx_word' id='word_1_461' title='bbox 1563 2964 1706 2996; x_wconf 82' lang='lat' dir='ltr'>Basilis</span> <span class='ocrx_word' id='word_1_462' title='bbox 1722 2964 1836 2995; x_wconf 81' lang='lat' dir='ltr'>dated</span> 
     </span>
     <span class='ocr_line' id='line_1_48' title="bbox 307 3009 1465 3051; baseline -0.002 -10"><span class='ocrx_word' id='word_1_463' title='bbox 307 3019 357 3048; x_wconf 87' lang='lat'>19.</span> <span class='ocrx_word' id='word_1_464' title='bbox 382 3010 686 3048; x_wconf 81' lang='lat' dir='ltr'>Gerardu111]See</span> <span class='ocrx_word' id='word_1_465' title='bbox 704 3010 773 3051; x_wconf 87' lang='lat' dir='ltr'>Ep.</span> <span class='ocrx_word' id='word_1_466' title='bbox 794 3012 890 3049; x_wconf 73' lang='lat'>2045.</span> <span class='ocrx_word' id='word_1_467' title='bbox 909 3020 989 3049; x_wconf 81' lang='lat'>4111.</span> <span class='ocrx_word' id='word_1_468' title='bbox 1082 3019 1121 3040; x_wconf 82' lang='lat'>22</span> <span class='ocrx_word' id='word_1_469' title='bbox 1141 3009 1228 3039; x_wconf 79' lang='lat' dir='ltr'>Feb.</span> <span class='ocrx_word' id='word_1_470' title='bbox 1248 3009 1333 3049; x_wconf 85' lang='lat' dir='ltr'>(Ep.</span> <span class='ocrx_word' id='word_1_471' title='bbox 1354 3010 1465 3039; x_wconf 63' lang='lat'>2611).</span> 
     </span>
    </p>
   </div>
  </div>
 </body>
</html>
