1966 3379
484 92 600 130 THE
631 90 929 130 DONATION
960 90 1032 129 TO
1062 90 1383 130 GOCLENIUS
1632 94 1710 130 411

149 198 343 237 zebringen
360 197 475 238 geben
493 197 609 235 [hab],
627 196 719 228 doch
740 196 806 227 das
825 195 999 236 gemelter
1018 195 1125 226 brieff
1141 196 1210 226 mir
1227 195 1351 235 wyder
1366 196 1622 228 vberantwurt
1640 197 1716 228 vnd

149 241 382 282 zugeschickt
399 241 526 272 werdt.
575 241 711 272 Actum
727 240 780 271 vff
797 240 947 280 Zinstag
964 240 1057 270 noch
1075 239 1225 270 Martini
1242 240 1350 270 Anno
1371 240 1494 278 1539.']

322 316 346 342 P
399 337 405 343 .

203 305 537 410 guggrsldriptio:
583 359 863 398 Celeberrimo
896 359 1060 396 doctori
1095 358 1266 396 domino
1307 358 1527 396 Bonifacio
1566 359 1713 397 Amor-

149 415 311 453 bachio.
371 414 573 453 Basileae.

204 485 343 523 Tenor
364 485 602 523 Literarum
620 499 627 523 :

202 539 393 578 Salutem
416 540 655 590 plurimam.
716 539 897 577 Mortem
915 539 1081 576 Erasmi
1098 539 1244 584 nostri,
1262 539 1341 576 etsi
1363 538 1466 576 mihi
1483 540 1713 578 secundum
1735 548 1752 577 5

148 596 338 644 parentis
363 599 542 632 mortem
567 594 672 631 nihil
701 595 743 631 in
770 595 861 631 vita
887 593 1042 631 accidit
1069 594 1274 639 acerbius,
1300 594 1558 643 cogitatione
1585 596 1714 632 animi

147 649 201 687 ad
223 650 432 687 rationem
454 653 655 687 reuocata
675 648 803 698 paulo
824 648 1086 686 moderatius
1108 648 1261 698 incipio
1285 647 1405 685 ferre.
1466 647 1575 694 Quid
1602 650 1714 686 enim

148 704 206 741 illi
234 704 316 742 fuit
344 703 659 754 expectandum
686 704 728 740 in
754 704 856 748 vita,
879 703 994 752 quod
1018 715 1103 740 non
1124 702 1293 740 abunde
1314 702 1443 740 fuerit
1466 707 1714 741 assecutus?

148 758 341 796 Honores
371 759 588 796 constanti
622 759 764 795 animo
799 770 963 808 semper
997 757 1166 807 refugit,
1198 757 1458 807 principibus
1493 758 1714 807 Vtriusque

147 813 305 850 ordinis
325 814 603 863 gratissimus,
621 813 688 850 cui
707 817 913 861 tanquam
936 812 1104 862 parenti
1125 824 1269 849 omnes
1290 811 1470 849 studiosi
1491 812 1649 849 debent
1671 817 1714 850 et
1737 821 1775 842 10

146 867 365 905 debebunt
385 872 606 918 acceptam
631 867 785 905 referre
810 879 978 904 omnem
1004 866 1285 904 eruditionem
1312 879 1360 904 ac
1389 879 1512 904 verae
1541 868 1714 916 pietatis

145 922 348 960 studium.
409 921 537 960 Cuius
571 922 806 959 industriae
841 922 1077 971 praemium
1113 934 1198 958 non
1232 921 1359 958 modo
1394 922 1437 958 in
1472 923 1713 971 praesentia

145 978 293 1026 recipit
307 977 421 1027 apud
438 989 623 1027 superos,
639 989 786 1014 verum
800 978 930 1014 etiam
947 976 1039 1013 orbi
1056 976 1340 1013 honestissimi
1356 977 1538 1013 nominis
1555 976 1713 1014 famam

143 1044 361 1081 nunquam
382 1033 651 1069 interituram
673 1031 857 1081 reliquit,
875 1031 930 1069 ad
951 1043 1081 1080 quam
1098 1043 1183 1068 non
1200 1030 1323 1068 video
1344 1043 1398 1068 an
1416 1030 1504 1068 vlla
1525 1032 1714 1080 potuerit

144 1086 258 1124 vltra
297 1086 385 1124 fieri
423 1087 606 1124 accessio
640 1087 728 1124 vite
763 1086 962 1135 longioris
996 1086 1244 1123 accessione.
1304 1084 1440 1131 Quam
1476 1098 1576 1123 vero
1610 1085 1713 1123 mihi
1736 1093 1773 1123 15

143 1140 272 1178 fuerit
297 1141 528 1179 iucundum
556 1142 668 1178 inter
696 1145 763 1178 tot
790 1140 1044 1190 lachrymas,
1068 1141 1125 1177 mi
1147 1139 1414 1185 Amerbachi,
1436 1144 1480 1177 et
1501 1144 1712 1189 quantum

142 1195 340 1233 attulerit
368 1195 680 1241 consolationis,
706 1195 821 1245 quod
850 1200 941 1233 tam
969 1207 1106 1245 aequo
1133 1196 1276 1232 animo
1303 1194 1429 1232 duxit
1456 1196 1575 1240 mori,
1598 1196 1711 1244 quod

143 1249 496 1288 Christianissime
526 1250 755 1288 defunctus
785 1254 850 1288 est
881 1251 984 1296 vita,
1016 1250 1131 1299 quod
1164 1251 1207 1287 in
1243 1250 1333 1299 pios
1364 1262 1465 1287 Vsus
1495 1262 1572 1287 sua
1602 1250 1713 1288 bona

143 1305 430 1355 dispensanda
457 1305 641 1355 reliquit,
665 1306 736 1342 vix
762 1305 849 1342 vlla
877 1317 1110 1354 consequar
1137 1305 1340 1342 oratione.
1401 1304 1451 1341 In
1481 1317 1565 1354 qua
1593 1317 1636 1342 re
1664 1308 1713 1342 vt

141 1361 230 1397 eius
251 1360 535 1406 voluntatem,
558 1359 673 1410 apud
699 1372 765 1397 me
791 1372 902 1397 nunc
928 1372 1012 1397 non
1038 1360 1178 1397 minus
1206 1359 1438 1408 pollentem
1461 1372 1590 1408 quam
1611 1359 1712 1397 olim
1731 1368 1773 1390 20

142 1427 238 1452 cum
274 1415 361 1464 ipse
396 1415 572 1460 viueret,
608 1414 860 1460 adiutarem,
894 1414 1020 1452 simul
1056 1427 1152 1452 cum
1193 1418 1270 1452 tuo
1305 1418 1399 1451 tum
1434 1418 1710 1452 executorum

141 1469 364 1518 desyderio
402 1469 583 1507 facerem
623 1470 739 1516 satis,
779 1469 997 1519 profectus
1036 1482 1130 1506 sum
1175 1468 1287 1506 illico
1326 1468 1616 1518 Antwerpiam
1656 1469 1711 1506 ad

142 1523 368 1562 Erasmum
393 1523 608 1570 Schetum,
630 1525 938 1574 negotiatorem
964 1528 1008 1562 et
1033 1523 1164 1573 (quod
1186 1525 1227 1561 in
1250 1536 1298 1561 eo
1319 1536 1469 1573 genere
1491 1523 1711 1561 hominum

141 1578 257 1616 haud
291 1579 353 1616 ita
387 1578 584 1628 frequens
613 1592 702 1616 esse
736 1579 1000 1629 praedicant)
1033 1580 1172 1616 virum
1207 1579 1502 1628 integerrimae
1537 1578 1633 1616 fidei
1668 1583 1712 1616 et

141 1633 424 1671 humanitatis
444 1634 731 1672 admirandae.
791 1633 834 1671 Is
854 1635 1040 1683 acceptis
1062 1633 1196 1671 literis
1218 1634 1370 1671 vestris
1392 1646 1477 1671 non
1498 1634 1712 1671 recusauit
1732 1642 1771 1672 25

140 1689 289 1726 statim
311 1689 551 1726 vniuersam
581 1690 802 1738 pecuniam
830 1688 1016 1734 reddere,
1039 1688 1111 1726 sed
1138 1701 1188 1726 ea
1215 1693 1399 1733 moneta,
1422 1701 1506 1738 qua
1533 1689 1710 1738 accepit,

140 1755 291 1793 nempe
312 1743 583 1781 Brabantica.
643 1742 765 1789 Quod
787 1756 882 1781 cum
903 1744 1191 1781 existimarem
1215 1743 1335 1780 vobis
1356 1746 1399 1780 et
1421 1743 1647 1780 molestum
1667 1747 1712 1781 et

140 1797 456 1836 incommodum
483 1798 585 1844 fore,
609 1798 881 1847 videremque
905 1811 991 1835 non
1018 1799 1106 1835 sine
1133 1810 1287 1847 magno
1316 1802 1489 1847 sumptu
1518 1810 1594 1835 nec
1623 1798 1710 1835 sine

140 1852 326 1902 periculo
346 1865 439 1890 eam
461 1865 671 1891 summam
696 1866 819 1903 posse
841 1852 1190 1890 Francofordia'm
1214 1854 1366 1902 [posse]
1392 1852 1572 1898 traduci,
1594 1852 1710 1890 aliud

139 1908 244 1944 iniui
271 1907 506 1953 consilium,
535 1909 645 1945 sicut
675 1908 778 1945 mihi
808 1909 945 1945 visum
974 1912 1053 1953 est,
1081 1920 1166 1945 non
1198 1907 1327 1957 paulo
1356 1908 1494 1945 tutius
1523 1912 1566 1945 et
1596 1907 1710 1957 quod
1730 1917 1771 1947 30

139 1963 280 1999 minus
311 1962 486 2000 haberet
516 1962 730 2012 impendii.
792 1963 1028 2013 Impetraui
1057 1963 1169 2000 enim
1195 1975 1220 1999 a
1244 1961 1399 2000 Scheto
1424 1966 1485 2007 vt,
1509 1963 1710 2011 quoniam

138 2017 227 2067 ipse
255 2016 298 2054 in
325 2018 528 2067 proximis
552 2017 752 2055 nundinis
773 2017 1223 2055 Francofordicnsibus
1244 2018 1467 2067 pecuniam
1489 2029 1514 2054 a
1534 2017 1619 2054 suis
1641 2017 1710 2055 de-

139 2071 348 2109 bitoribus
372 2076 438 2116 est
463 2076 710 2122 recepturus
731 2072 982 2122 depositam,
1005 2072 1126 2109 vobis
1154 2071 1456 2110 Francfordiae
1484 2073 1539 2110 sit
1565 2084 1705 2109 nume-

139 2130 311 2164 raturus
326 2131 382 2172 et,
397 2126 513 2164 facta
530 2127 777 2165 reductione
793 2139 1065 2164 nummorum
1082 2127 1137 2164 ad
1154 2128 1376 2176 pecuniam
1392 2126 1707 2172 Brabanticam‚

140 2180 206 2219 vel
227 2193 377 2219 aureos
398 2180 670 2219 Germanicos
693 2182 760 2220 vel
782 2186 1006 2220 coronatos
1027 2181 1211 2219 Gallicos
1232 2181 1487 2219 redditurus.
1728 2189 1768 2220 35

193 2235 256 2273 De
286 2235 426 2285 legato
456 2241 500 2274 et
530 2237 722 2274 mercede
758 2236 977 2274 Lamberti
1011 2236 1245 2274 Coomauni
1279 2237 1475 2274 detracta
1507 2236 1710 2273 Erasmus

139 2289 319 2328 Schetus
335 2295 412 2328 aut
427 2292 516 2328 eius
532 2291 643 2329 filius
659 2291 818 2341 Caspar
834 2296 910 2329 aut
927 2295 1040 2329 certe
1058 2292 1230 2329 institor
1243 2291 1393 2329 afferet
1407 2290 1706 2340 syngrapham.

138 2344 363 2383 Caeterum
395 2358 504 2383 vnus
539 2346 764 2396 scrupulus
799 2350 946 2392 restat,
978 2346 1093 2395 quod
1123 2347 1165 2383 in
1195 2351 1377 2395 Vtraque
1408 2358 1586 2389 summa,
1618 2349 1708 2382 tam

138 2399 429 2449 depositorum
465 2400 579 2450 apud
616 2401 818 2438 Schetum
854 2414 984 2450 quam
1015 2400 1389 2445 detrahendorum,
1422 2399 1613 2438 nonnihil
1643 2404 1709 2437 est

138 2458 340 2492 erratum.
400 2454 616 2504 Siquidem
652 2457 763 2493 inter
801 2456 996 2506 deposita
1034 2469 1108 2505 per
1147 2468 1331 2493 errorem
1372 2456 1434 2493 bis
1475 2454 1609 2492 relata
1643 2458 1709 2491 cst
1728 2468 1769 2499 40

138 2521 305 2546 summa
325 2510 544 2559 octoginta
565 2511 690 2548 vnius
711 2510 966 2548 florenorum
991 2523 1087 2548 cum
1109 2511 1281 2548 stuferis
1303 2512 1368 2558 (vt
1390 2523 1466 2547 nos
1488 2510 1553 2546 hic
1575 2509 1706 2558 loqui-

138 2567 249 2612 mur)
280 2564 533 2613 quindecim,
561 2569 605 2602 et
633 2566 745 2602 inter
774 2565 1041 2603 detrahenda
1070 2578 1147 2615 pro
1177 2565 1317 2602 linteis
1347 2565 1439 2602 loco
1468 2563 1707 2613 quindecim

139 2618 393 2657 florenorum
438 2619 648 2657 scribendi
691 2619 866 2658 fuerunt
910 2621 1265 2669 vigintiquinque.
1328 2619 1514 2656 Martino
1562 2622 1706 2655 autem

138 2673 295 2723 Lypsio
319 2686 394 2723 per
418 2674 634 2719 Schetum,
660 2687 745 2712 non
773 2675 991 2724 octoginta
1017 2675 1175 2719 floreni,
1203 2675 1274 2711 scd
1302 2674 1507 2711 hactenus
1535 2677 1705 2710 tantum

138 2727 265 2765 modo
292 2728 579 2778 quadraginta
606 2733 707 2766 sunt
735 2729 876 2767 soluti.
936 2729 1058 2775 Quod
1084 2730 1118 2766 si
1144 2730 1193 2766 D.
1222 2729 1425 2765 Erasmus
1452 2728 1607 2776 Lypsio
1635 2739 1707 2776 per
1726 2739 1766 2771 45

138 2794 261 2820 suum
284 2783 625 2833 chyrographum
651 2784 831 2822 donauit
852 2785 1083 2834 octoginta,
1106 2784 1350 2821 obtestatur
1372 2787 1558 2820 vestram
1581 2781 1705 2818 fidem

139 2836 331 2886 Lypsius‚
354 2850 406 2875 ne
427 2838 719 2876 munificentia
744 2839 793 2876 D.
822 2839 988 2876 Erasmi
1014 2839 1147 2876 literis
1169 2839 1418 2887 consignata
1441 2850 1513 2886 per
1534 2849 1609 2873 vos
1632 2837 1705 2872 im-

138 2891 370 2929 minuatur.
430 2892 526 2930 Non
557 2898 795 2931 recusasset
824 2893 1004 2931 Schctus
1034 2893 1095 2930 illi
1126 2893 1309 2941 reliquos
1340 2891 1625 2940 quadraginta
1655 2890 1706 2927 de

139 2947 374 2996 prescripto
405 2952 550 2985 vestro
579 2947 749 2993 addere,
781 2948 853 2986 scd
886 2948 1001 2986 volui
1033 2949 1149 2997 prius
1187 2960 1271 2984 reni
1309 2947 1362 2983 ad
1399 2960 1473 2982 vos
1510 2945 1705 2995 perferre,
