1966 3379
100 122 222 171 2806]
573 117 734 156 FROM
763 115 968 156 JULIUS
1000 115 1185 154 PFLUG
1586 113 1664 150 219

154 227 246 264 Iam
274 237 373 262 vero
400 228 521 261 tuam
549 223 605 261 ad
632 222 904 272 Eugubinum
932 220 1157 270 epistolam
1186 218 1435 256 iamdudum
1464 217 1554 267 legi.
1616 217 1666 254 In

100 294 185 331 qua
206 285 254 318 tu
275 279 396 317 illum
417 281 612 316 amanter
633 290 732 314 sane
753 280 797 314 et
817 275 1019 325 singulari
1041 287 1137 312 cum
1158 274 1372 323 grauitate
1390 285 1545 310 mones.
1588 271 1667 317 Qui

100 337 264 373 vtinam
295 334 632 383 obtemperasset
661 331 752 369 tibi.
812 330 923 368 Nam
954 330 1010 367 sic
1040 329 1126 366 fere
1156 328 1217 373 fit,
1250 332 1299 365 vt
1329 340 1457 376 quam
1489 327 1668 375 quisque

100 390 370 439 voluptatem
388 386 678 425 maledicendo
699 386 826 435 capit,
849 397 942 422 eam
964 383 1073 421 male
1095 382 1306 420 audiendo
1327 383 1516 419 amittat.
1576 380 1669 426 Qua

102 447 143 482 in
164 457 207 482 re
228 447 406 481 euentus
428 455 523 480 cum
545 442 636 491 ipsa
657 441 846 478 iustitiae
874 438 1180 488 aequabilitate
1208 436 1432 474 bellissime
1461 436 1667 484 congruit.
1689 446 1731 474 60

100 499 193 545 Quo
210 499 341 547 magis
357 498 486 534 miror
502 496 604 546 quid
621 496 780 533 homini
797 495 961 532 venerit
978 494 1020 530 in
1037 497 1222 530 mentem
1240 496 1437 528 cunctam
1455 491 1670 527 nationem

101 557 291 592 nostram
312 556 437 590 tanta
458 550 717 589 contumelia
737 549 912 587 afficere.
975 547 1097 594 Quod
1119 548 1152 584 si
1173 551 1216 584 te
1237 547 1400 596 optima
1429 548 1671 582 monentem

103 608 249 647 audire
283 606 500 651 noluisset,
533 618 652 643 suam
686 609 829 642 tamen
861 604 992 653 ipsius
1023 603 1231 640 rationem
1268 601 1302 638 si
1334 600 1598 637 adhibuisset
1631 600 1672 635 in

103 662 337 707 consilium,
360 662 475 698 Virus
496 660 600 698 illud
623 660 665 696 in
686 672 761 697 nos
784 663 873 696 tam
895 658 1081 707 turpiter
1101 669 1186 694 non
1206 656 1477 693 euomuisset.

159 717 268 755 Sunt
298 720 412 754 certe
437 716 480 753 in
508 714 683 764 singulis
712 713 958 751 nationibus
983 713 1055 761 qui
1083 712 1160 749 sub
1186 711 1320 760 figura
1350 710 1568 747 hominum
1599 709 1672 745 im·
1693 719 1734 755 65

104 773 356 810 manitatem
387 774 539 820 gerunt
569 769 818 807 belluarum.
879 766 989 805 Sunt
1018 768 1120 804 item
1149 767 1221 815 qui
1248 777 1343 803 cum
1376 764 1552 813 ingenio,
1581 767 1675 800 tum

105 839 205 865 vero
225 827 355 864 etiam
377 827 539 863 virtute
560 823 786 862 excellunt.
848 822 940 859 Hoc
963 823 1035 871 qui
1056 825 1195 871 negat,
1217 833 1296 858 nae
1318 820 1351 857 is
1372 823 1448 856 aut
1470 818 1586 855 rudis
1612 821 1677 854 est

106 883 147 919 in
170 881 406 931 cognitione
428 892 568 918 rerum
591 879 874 916 humanarum
896 881 972 914 aut
994 876 1119 926 plane
1148 875 1384 925 impudens.
1445 873 1524 919 Qui
1549 873 1678 922 igitur

106 937 327 974 vniuersae
355 935 480 973 alicui
504 934 668 972 nationi
696 934 739 970 in
767 932 1005 982 opprobriis
1031 931 1177 969 obiicit
1202 942 1310 979 quae
1338 932 1439 966 sunt
1465 932 1678 965 certorum

106 991 263 1029 ciuium
285 990 414 1035 labes,
437 1002 522 1038 qua
542 988 585 1026 id
606 988 779 1025 tandem
801 987 942 1025 fronte
963 986 1096 1024 facit?
1155 984 1237 1023 Cur
1258 997 1342 1022 non
1364 984 1507 1033 potius
1529 981 1679 1020 laudat
1701 999 1740 1029 70

107 1046 160 1084 ob
182 1050 394 1083 certorum
417 1045 574 1081 ciuium
596 1044 807 1080 virtutes?
850 1042 900 1079 Id
917 1041 1033 1091 quod
1054 1053 1149 1078 cum
1171 1040 1304 1078 offitio
1326 1039 1425 1076 boni
1442 1038 1520 1074 viri
1542 1031 1680 1074 multo

107 1105 171 1138 est
192 1100 469 1138 coniunctius.
515 1098 666 1136 Nonne
684 1098 756 1147 qui
778 1098 838 1134 ita
859 1096 1143 1146 reprehendit,
1162 1095 1273 1132 idem
1290 1094 1420 1131 sentit
1437 1106 1479 1130 se
1497 1092 1680 1142 patriam

108 1168 277 1205 quoque
308 1167 440 1199 suam,
471 1166 567 1191 cum
604 1154 645 1190 in
676 1152 824 1190 eodem
857 1151 924 1189 vel
957 1150 1082 1188 simili
1114 1151 1169 1187 sit
1204 1150 1388 1193 crimine,
1419 1159 1608 1198 premere
1638 1150 1682 1183 et

110 1211 244 1248 tacita
264 1210 386 1259 quasi
414 1209 626 1246 sententia
652 1220 728 1245 sua
753 1207 985 1244 damnare?
1044 1204 1125 1243 Sed
1153 1205 1256 1254 quid
1284 1205 1317 1241 si
1345 1215 1429 1240 non
1458 1207 1547 1240 tam
1577 1202 1683 1238 vitia

109 1265 343 1315 exprobrat
373 1276 501 1313 quam
535 1264 718 1300 virtutes
750 1263 792 1299 in
828 1261 1009 1299 finitima
1041 1261 1147 1297 vitia
1177 1259 1436 1308 detorquet?
1495 1257 1552 1294 Vt
1587 1268 1682 1293 cum
1704 1275 1744 1305 75

110 1321 241 1358 animi
255 1319 447 1358 ,altitudo
469 1318 686 1356 hominum
708 1321 953 1354 nostrorum
975 1320 1105 1365 atque
1127 1315 1276 1360 virtus
1296 1326 1403 1363 quae
1425 1313 1467 1349 in
1490 1311 1685 1362 periculis

111 1373 589 1413 contemnendislucere
611 1372 729 1418 solet,
751 1372 915 1409 feritati
936 1371 1153 1408 tribuitur.
1199 1368 1321 1415 Quod
1343 1369 1377 1405 si
1399 1368 1492 1417 quis
1513 1365 1683 1404 Germa-

112 1442 277 1474 norum,
301 1428 456 1478 quibus
477 1428 642 1477 ingenia
664 1427 914 1476 Eugubinus
936 1425 1100 1470 adimit,
1123 1424 1254 1462 vellet
1275 1425 1316 1461 in
1342 1423 1420 1460 hoc
1448 1434 1597 1472 genere
1626 1421 1684 1458 in-

111 1485 306 1535 geniosus
327 1496 428 1529 esse,
446 1495 583 1520 nonne
604 1495 712 1531 quae
734 1483 775 1519 in
796 1481 868 1519 illo
890 1481 957 1518 vel
986 1479 1401 1530 praestantiss<ima>
1423 1481 1536 1521 sunt,
1558 1489 1607 1513 ea
1632 1474 1687 1513 ad

113 1539 290 1589 spetiem
312 1542 483 1588 turpem
504 1537 626 1575 facile
648 1537 852 1574 orationis
874 1537 915 1573 vi
938 1539 1184 1573 conuertere
1205 1536 1379 1584 posset?
1425 1531 1555 1569 Nulla
1575 1531 1687 1568 enim
1707 1542 1749 1571 80

113 1595 251 1631 virtus
277 1597 355 1638 est,
378 1594 444 1630 cui
472 1605 557 1630 non
578 1593 732 1629 vitium
754 1591 928 1640 aliquod
954 1592 1009 1628 sit
1031 1590 1272 1628 finitimum.
1334 1587 1425 1633 Quo
1453 1586 1619 1624 facilius
1647 1584 1689 1622 id

115 1649 230 1699 quod
263 1648 486 1686 honestam
519 1651 585 1684 est
615 1650 745 1696 atque
778 1646 936 1684 bonum
969 1645 1148 1683 dicendo
1183 1657 1233 1682 eo
1265 1647 1409 1694 potest
1440 1641 1609 1680 traduci
1641 1644 1690 1677 vt

114 1703 275 1742 malum
297 1716 387 1743 esse
408 1702 617 1740 videatur.

172 1759 305 1796 Recte
332 1759 461 1808 igitur
488 1761 549 1803 tu,
579 1757 651 1806 qui
680 1756 951 1806 prudentiam
983 1755 1196 1805 Eugubini
1227 1753 1418 1803 requiris,
1445 1764 1541 1789 cum
1572 1763 1690 1801 prae-

116 1814 267 1853 sertim,
292 1812 417 1850 multi
453 1813 539 1850 sint
568 1816 812 1849 nostrorum
844 1811 1063 1848 hominum
1094 1811 1166 1859 qui
1198 1810 1231 1846 si
1261 1810 1560 1846 commoueant
1591 1818 1690 1850 sese,
1711 1818 1752 1854 85

117 1869 275 1906 sentiat
305 1867 374 1905 ille
405 1866 624 1905 Germanis
656 1879 792 1916 neque
823 1867 989 1915 ingenia
1021 1878 1156 1914 neque
1189 1863 1443 1901 facultatem
1475 1861 1691 1905 orationis,

118 1936 254 1973 neque
280 1923 563 1961 maximarum
589 1934 728 1959 rerum
755 1922 974 1958 scientiam
996 1920 1152 1958 deesse.
1213 1918 1483 1967 Quamquam
1512 1929 1576 1954 res
1602 1916 1694 1965 ipsa

119 1991 195 2029 pro
224 1977 465 2015 hominibus
495 1977 651 2014 nostris
681 1976 882 2025 loquitur,
908 1976 1075 2013 etiamsi
1106 1974 1271 2012 nullum
1300 1973 1463 2011 faciant
1492 1971 1692 2009 verbum:

119 2033 233 2082 quod
264 2032 402 2069 multa
427 2033 510 2069 iam
534 2035 688 2069 extant
718 2032 848 2081 signa,
876 2043 1010 2080 eaque
1038 2029 1233 2074 illustria,
1263 2041 1348 2074 non
1377 2027 1512 2065 solum
1542 2025 1696 2075 ingenii

119 2088 301 2132 illorum,
324 2087 397 2124 sed
417 2087 547 2124 etiam
568 2087 747 2124 eximiae
769 2086 1000 2123 doctrinae.
1049 2084 1165 2122 Adde
1188 2084 1301 2133 quod
1325 2084 1461 2133 ipsum
1483 2080 1696 2130 Eugubini
1714 2100 1757 2129 90

120 2143 368 2180 institutum
400 2142 437 2179 ei
462 2141 741 2179 acerbitatem
770 2142 895 2178 istam
920 2140 1179 2189 exprobrare
1206 2139 1387 2176 videtur.
1448 2136 1559 2182 Quid
1585 2136 1696 2173 enim

121 2197 175 2235 ab
204 2197 337 2235 offitio
366 2196 547 2234 hominis
577 2195 819 2240 Christiani,
847 2195 1079 2232 sacerdotis
1106 2198 1150 2231 et
1178 2193 1376 2242 theologi,
1406 2191 1582 2229 alienius
1609 2202 1698 2227 esse

121 2256 276 2302 potest,
299 2264 428 2300 quam
450 2252 491 2288 in
512 2264 561 2288 eo
583 2264 668 2300 quo
689 2264 731 2288 se
753 2250 979 2301 profitetur
1008 2249 1250 2298 religionem
1277 2247 1501 2285 defendere
1527 2250 1698 2283 tantum

121 2307 370 2345 acerbitatis
404 2306 619 2344 effundere
653 2310 709 2351 et,
742 2309 892 2343 contra
923 2317 1053 2354 quam
1087 2304 1152 2341 lex
1187 2303 1327 2341 mutui
1359 2302 1514 2340 amoris
1549 2300 1698 2343 sancit,

123 2361 282 2399 multos
313 2361 446 2399 bonos
475 2361 586 2398 viros
617 2360 668 2398 de
698 2373 740 2398 se
771 2360 874 2397 nihil
903 2359 988 2397 tale
1016 2363 1225 2396 merentes
1251 2362 1341 2396 tam
1370 2357 1521 2406 insigni
1549 2355 1700 2392 iniuria
1719 2374 1760 2403 95

123 2417 317 2455 afficere?
371 2415 452 2453 Sed
473 2415 524 2453 de
546 2415 610 2452 his
633 2415 884 2465 Eugubinus
910 2415 997 2464 ipse
1019 2414 1187 2459 viderit,
1216 2426 1292 2463 ego
1318 2412 1433 2462 quod
1461 2411 1515 2448 ad
1543 2423 1609 2447 me
1637 2413 1698 2446 at-

125 2472 246 2516 tinet,
272 2470 443 2508 mallem
472 2470 591 2508 illum
617 2471 699 2508 isto
725 2469 1003 2507 maledicendi
1028 2481 1178 2518 genere
1203 2467 1498 2518 supersedisse.
1560 2465 1701 2502 Faueo

125 2526 235 2564 enim
277 2526 458 2563 hominis
498 2525 660 2562 honori.
721 2524 844 2570 Quod
884 2525 917 2561 si
957 2524 1137 2569 fecisset,
1178 2524 1381 2561 maiorem
1422 2518 1702 2571 proculdubio

126 2581 314 2618 fructum
340 2580 575 2617 industriae
608 2593 707 2617 suae
735 2580 953 2629 coepisset,
981 2591 1056 2616 nec
1081 2591 1173 2616 eam
1199 2578 1253 2615 ad
1279 2589 1407 2626 quam
1433 2588 1475 2613 se
1497 2573 1703 2612 excitauit

126 2635 232 2673 bene
253 2634 453 2672 audiendi
474 2636 683 2672 rationem
705 2635 792 2685 ipse
815 2635 856 2671 in
878 2634 1055 2671 dubium
1078 2636 1285 2671 vocasset.
1727 2647 1786 2667 100

184 2689 246 2727 De
263 2688 503 2727 Guilhelmo
526 2689 702 2727 Budaeo
723 2702 832 2739 quae
855 2689 1072 2738 scripsisti,
1089 2701 1139 2725 ea
1162 2701 1227 2725 me
1250 2686 1452 2735 singulari
1469 2684 1704 2721 affecerunt

129 2744 366 2794 voluptate.
413 2744 490 2782 Ille
507 2745 618 2781 enim
638 2745 698 2782 ita
715 2757 756 2782 se
773 2745 893 2793 gerit,
908 2748 951 2781 et
968 2757 1017 2781 ca
1034 2743 1156 2780 nobis
1172 2743 1310 2787 affert,
1327 2746 1373 2778 vt
1393 2740 1493 2777 mihi
1509 2738 1705 2775 videatur

131 2803 259 2837 natus
275 2812 363 2837 esse
381 2799 434 2836 ad
453 2799 589 2837 lucem
607 2800 732 2836 rectis
750 2799 902 2836 studiis
924 2798 1201 2836 inferendam.
1245 2797 1399 2834 Laetor
1422 2795 1549 2843 igitur
1567 2794 1705 2829 virum

541 2886 592 2916 79.
621 2878 655 2907 in
676 2877 734 2907 illo
753 2890 772 2906 a
789 2886 873 2908 corr.
893 2887 932 2907 cx
952 2877 987 2906 in
1002 2876 1094 2906 vllo:
1120 2875 1239 2906 multo
1255 2873 1286 2913 β.

674 2993 726 3025 50.
753 2986 964 3027 epistolam]
984 2986 1053 3026 Ep.
1074 2988 1169 3025 2405.
