1966 3379
246 113 326 150 412
787 110 1088 148 APPENDIX
1120 110 1277 148 XXIII

187 233 228 262 50
247 229 342 253 cum
365 216 440 253 hec
461 215 753 253 controuersia
775 215 975 264 inspectis
998 214 1163 251 Erasini
1181 213 1458 263 autographis
1480 214 1677 263 protinus
1698 214 1820 252 tolla-

248 275 330 311 tur.
353 275 396 307 et
419 283 493 307 vos
516 271 556 306 in
582 270 658 306 hac
680 276 802 319 parte
825 271 934 306 sicut
953 271 993 306 in
1011 270 1188 306 caeteris
1207 268 1405 306 omnibus
1427 273 1618 306 vestrum
1641 270 1821 306 offitium

248 326 340 362 sitis
361 325 529 362 facturi.

302 379 528 417 Caeterum
574 379 687 428 quod
728 379 924 427 adiungis
969 391 1052 415 non
1100 379 1314 425 ingratum
1356 377 1457 423 fore,
1500 378 1534 415 si
1574 379 1820 415 institutum

248 439 439 471 vestrum
464 434 607 482 aliqua
629 446 795 471 summa
820 446 945 483 penes
969 446 1034 470 nie
1056 433 1251 482 deposita
1274 433 1478 470 adiuuare
1501 445 1585 470 non
1607 446 1821 481 grauarer,

187 505 227 535 55
249 489 362 526 haud
394 489 481 525 scio
509 501 562 525 an
592 489 632 525 id
663 489 768 525 satis
798 488 918 525 salua
950 488 1030 525 fide
1060 489 1222 525 efficere
1252 489 1423 537 possim,
1454 492 1679 538 propterea
1709 487 1822 536 quod

248 545 336 593 ipse
357 548 542 581 testator
564 556 641 580 sua
662 543 937 592 legata-certo
954 542 1189 580 adstrinxit
1211 542 1302 579 loco
1324 556 1375 579 ex
1398 542 1538 579 verbis
1560 543 1822 587 testamenti,

247 611 343 636 cum
367 598 470 635 velit
493 611 557 635 me
579 598 652 635 illa
674 599 716 635 in
742 598 974 635 Brabantia
992 598 1250 646 dispensare,
1268 602 1311 634 et
1328 602 1428 634 ante
1449 597 1669 634 conditum
1694 601 1821 634 testa-

248 657 441 690 mentum
466 654 546 690 iam
570 653 736 702 aliquot
757 653 880 689 annis
903 652 1005 689 mihi
1022 653 1151 689 etiam
1169 665 1220 689 cx
1239 652 1457 696 mandato,
1476 653 1595 689 cuius
1613 653 1653 688 in
1673 651 1825 689 vltima

247 721 418 757 quoque
444 708 670 745 voluntate
699 708 906 752 meminit,
930 707 1033 756 quid
1061 708 1101 743 in
1131 720 1239 756 quos
1267 707 1457 744 conferre
1485 707 1676 751 debeam,
1700 706 1824 756 plane

187 777 229 805 60
250 763 463 812 preiuerit.
524 762 695 812 Alioqui
722 775 805 799 non
830 762 1043 810 grauatim
1072 761 1149 799 hoc
1172 774 1278 798 onus
1300 761 1491 798 cederem
1515 761 1761 798 melioribus
1782 766 1823 798 et

249 818 398 855 maiori
420 817 624 867 praeditis
650 817 892 866 prudentia.
953 817 993 854 si
1018 816 1119 853 mihi
1145 816 1261 854 aliud
1285 816 1408 853 licere
1431 820 1571 866 putas,
1594 829 1678 853 non
1701 816 1823 853 diffu-

248 873 359 922 giam
382 873 622 921 grauissimi
644 873 723 909 viri
745 872 1064 909 auctoritatem.

306 927 445 965 Vnum
478 927 686 976 reliquum
722 931 799 969 est,
832 927 889 963 mi
920 926 1188 971 Amerbachi,
1220 926 1393 975 quando
1424 926 1639 963 communi
1675 926 1823 970 amico,

250 983 334 1031 qui,
370 983 495 1019 sicuti
531 995 628 1019 vere
669 981 828 1025 scribis,
866 985 1097 1030 vtrumque
1138 985 1334 1018 nostrum
1375 980 1548 1018 mirifice
1588 980 1824 1025 adamauit,

189 1051 230 1087 05
250 1037 390 1075 orbati
425 1050 584 1081 sumus,
616 1037 695 1074 fati
726 1036 971 1073 necessitati
1003 1049 1087 1073 non
1120 1048 1417 1085 repugnemus,
1450 1035 1523 1073 sed
1559 1036 1674 1073 omni
1710 1048 1824 1080 cura,

250 1091 394 1129 studio
434 1096 477 1129 et
517 1092 775 1141 cogitatione
820 1090 1142 1135 contendamus,
1186 1095 1234 1128 vt
1274 1090 1392 1127 illum
1433 1094 1616 1128 vocante
1657 1089 1827 1128 Christo

249 1146 409 1184 alacres
431 1148 550 1195 sequi
572 1147 794 1196 possimus,
856 1145 1034 1183 Interim
1056 1146 1159 1183 dum
1177 1145 1243 1183 hic
1261 1145 1513 1183 habebimus
1530 1145 1825 1190 diuersorium,

251 1203 392 1251 magni
421 1202 606 1238 muneris
635 1201 738 1238 mihi
766 1201 860 1244 erit,
889 1201 923 1237 si
951 1200 1214 1245 Goelenium,
1244 1213 1383 1249 quem,
1413 1204 1462 1237 vt
1489 1200 1541 1237 (le
1570 1213 1635 1238 me
1663 1199 1824 1249 aliquid

250 1256 388 1294 dicam
430 1256 780 1305 magnificentius,
817 1268 892 1292 nec
933 1255 1137 1293 Erasmus
1178 1256 1266 1305 ipse
1304 1255 1532 1300 fastidiuit,
1569 1256 1611 1292 in
1651 1267 1827 1292 numero

191 1331 232 1363 70
251 1315 425 1349 tuorum
457 1312 688 1348 amicorum
717 1310 909 1356 colloces,
938 1310 1055 1347 nullo
1082 1323 1232 1360 genere
1261 1310 1384 1348 officii
1415 1312 1530 1358 [non]
1562 1314 1714 1347 mutuo
1742 1322 1825 1347 non

250 1379 566 1416 responsurum.
614 1365 727 1403 Illud
758 1378 884 1415 porro
914 1365 1018 1402 mihi
1049 1378 1134 1403 non
1165 1365 1293 1403 modo
1321 1370 1469 1414 ceptae
1497 1364 1570 1402 sed
1600 1364 1827 1402 absolutae

252 1420 573 1458 beneuolentiae
598 1422 679 1458 erit
704 1426 1018 1469 argumentum,
1042 1421 1075 1457 si
1101 1420 1175 1458 des
1200 1433 1386 1470 operam,
1410 1424 1459 1456 vt
1479 1419 1683 1469 epistolae
1710 1432 1826 1457 meae

251 1476 305 1513 ad
343 1476 566 1513 Erasmum
599 1476 782 1525 scriptae
813 1488 971 1520 omnes,
1003 1488 1084 1524 que
1120 1475 1223 1512 mihi
1258 1476 1299 1512 in
1335 1475 1400 1512 his
1436 1474 1678 1523 regionibus
1712 1475 1827 1524 apud

251 1531 490 1568 maliciosos
519 1531 700 1568 fortasse
736 1535 910 1580 possent
939 1543 1028 1567 esse
1058 1530 1212 1575 fraudi,
1244 1529 1359 1579 quod
1390 1529 1495 1566 nihil
1525 1529 1646 1566 illum
1677 1542 1827 1579 passus

192 1605 232 1637 75
252 1598 345 1622 sum
378 1586 582 1635 ignorare,
611 1585 727 1634 quod
757 1586 889 1635 ipsius
918 1586 1156 1629 interesset,
1188 1586 1359 1634 penitus
1390 1584 1656 1622 aboleantur.
1717 1583 1827 1629 Quid

252 1645 396 1677 autem
428 1641 605 1689 aequius
627 1653 755 1689 quam
782 1640 979 1677 heredem
1005 1639 1106 1677 dare
1131 1652 1303 1690 operam
1325 1652 1377 1676 ne
1400 1639 1503 1688 quid
1528 1639 1632 1676 mihi
1657 1645 1827 1676 mortuo

252 1695 430 1733 Erasmo
450 1700 617 1732 creetur
641 1695 828 1745 periculi,
852 1707 948 1732 cum
974 1708 1050 1744 ego
1075 1694 1189 1732 illius
1213 1694 1353 1732 famae
1381 1699 1425 1731 et
1452 1693 1739 1732 incolumitati
1767 1694 1827 1731 ita

252 1763 376 1800 saepe
407 1750 656 1795 studuerim,
688 1750 855 1787 nullum
890 1749 1125 1799 periculum
1157 1754 1206 1787 vt
1237 1749 1378 1786 subire
1413 1749 1654 1794 recusarim,
1686 1753 1730 1786 et
1760 1748 1828 1785 ille

253 1806 436 1842 vicissim
464 1818 529 1842 me
555 1806 611 1842 sic
639 1806 796 1842 amarit
828 1809 876 1842 vt
907 1817 1000 1842 mea
1031 1804 1302 1845 incommoda
1330 1817 1415 1841 non
1443 1803 1567 1841 aliter
1594 1816 1723 1853 quam
1752 1816 1828 1840 sua

192 1871 234 1900 80
253 1859 383 1897 fuerit
410 1860 635 1904 doliturus,
659 1860 692 1896 si
720 1859 823 1909 quid
851 1860 1074 1896 accidisset
1101 1859 1282 1896 aduersi.
1343 1858 1385 1896 Si
1413 1859 1583 1908 cogites,
1606 1871 1735 1907 quam
1762 1858 1827 1895 hic

253 1915 310 1951 sit
330 1927 480 1964 parum
507 1915 719 1952 libertatis
743 1927 843 1964 prae
869 1927 997 1963 quam
1027 1914 1142 1964 apud
1170 1927 1258 1959 vos,
1281 1925 1366 1951 non
1395 1913 1616 1951 miraberis
1644 1926 1710 1950 me
1737 1925 1828 1950 esse

253 1969 464 2007 solicitum
488 1970 529 2006 in
552 1982 606 2014 re,
630 1983 738 2018 quae
760 1969 953 2018 neglecta
978 1968 1124 2006 multis
1145 1968 1229 2006 fuit
1250 1968 1431 2013 damno3
1464 1972 1507 2005 et
1528 1968 1676 2005 eadem
1699 1980 1829 2017 opera.

254 2024 462 2073 intelliges
493 2037 557 2061 me
586 2024 664 2061 tibi
693 2037 770 2074 pro
796 2024 1001 2074 adempto
1029 2024 1143 2061 omni
1171 2027 1288 2061 metu
1321 2036 1368 2060 ac
1400 2024 1629 2061 securitate
1660 2022 1829 2060 reddita

254 2091 442 2116 summas
463 2079 708 2116 delaturum
730 2092 820 2116 esse
841 2080 1011 2128 gratias

193 2141 234 2179 85
310 2133 424 2171 Bene
457 2134 562 2178 vale,
591 2133 845 2171 Amerbachi
874 2133 1117 2178 clarissime,
1144 2133 1322 2171 Louanii
1350 2133 1628 2170 decimanona
1658 2132 1828 2182 augusti

254 2187 377 2225 Anno
399 2199 650 2226 M.D.xxxvr

789 2243 906 2281 Tuus
928 2243 1164 2292 quantulus
1185 2248 1249 2280 est
1270 2242 1514 2280 conrardus
1535 2241 1773 2280 Goelenius.

308 2314 476 2352 Collata
498 2328 668 2364 presens
690 2315 811 2364 copia
832 2327 928 2352 cum
954 2316 1039 2352 suis
1064 2314 1388 2364 ori<ginali>bus
1413 2314 1546 2351 literis
1570 2314 1625 2351 ad
1650 2313 1828 2351 verbum

254 2369 498 2414 concordat,
535 2370 576 2407 id
613 2370 727 2419 quod
762 2374 947 2407 attestor
986 2371 1117 2418 signo,
1154 2370 1324 2407 nomine
1359 2382 1407 2406 ac
1443 2369 1690 2418 cognomine
1725 2369 1829 2405 meis

193 2445 236 2474 90
255 2424 392 2462 solitis
419 2428 463 2461 et
493 2426 719 2469 consuetis,
750 2424 931 2462 Iodocus
961 2423 1222 2474 Grimberga,
1255 2425 1384 2461 sacris
1413 2423 1649 2473 apostolica
1679 2428 1721 2460 et
1753 2424 1827 2459 im-

254 2479 402 2529 periali
428 2479 773 2524 auctoritatibus,
796 2492 959 2516 necnon
986 2492 1060 2529 per
1085 2479 1305 2516 consilium
1327 2478 1428 2520 Cae.
1453 2478 1534 2516 Ma.
1559 2479 1601 2515 in
1628 2478 1827 2522 Brabafi

253 2533 520 2584 approbatus
542 2534 658 2571 Nota
720 2534 907 2581 (Sealed.)

418 2657 512 2696 A4.
578 2656 767 2696 LETTER
803 2668 860 2696 OF
893 2656 1137 2697 BONirAcE
1171 2656 1443 2696 AMERBACH
1476 2667 1534 2696 To
1567 2667 1661 2696 THE

712 2716 1012 2757 UNIVERSITY
1046 2729 1103 2756 OF
1137 2716 1369 2757 LOUVAIN.

306 2801 426 2835 Basle
444 2800 526 2835 Ms.
548 2801 834 2835 Erasmuslade
854 2801 894 2841 C,
916 2802 986 2835 Nr.
1013 2812 1067 2844 13.
1571 2800 1703 2833 Basle.

1495 2859 1514 2893 7
1535 2850 1649 2894 April
1673 2859 1777 2892 1539.

301 2929 347 2967 [A
364 2929 465 2959 draft
483 2929 630 2959 written
653 2929 701 2968 by
718 2939 740 2959 a
756 2929 866 2965 clerk,
885 2929 957 2960 and
981 2928 1168 2960 corrected
1191 2928 1241 2968 by
1259 2927 1477 2964 Amerbaeh,
1496 2928 1559 2958 the
1582 2927 1733 2958 addi-ess
1755 2927 1829 2958 and

256 2973 443 3013 signature
461 2973 698 3013 autograph.]
