1966 3379
630 106 702 145 TO
732 105 998 144 ERASMUS
1029 105 1238 144 SCHETS
1639 107 1717 144 365

150 110 271 158 2913]

147 224 329 261 quorum
364 211 479 261 prior
513 210 701 248 habebat
734 209 961 260 epistolam
998 213 1130 254 tuam,
1167 210 1269 246 item
1305 209 1379 246 filii
1415 210 1530 246 iussu
1566 211 1716 247 matris

147 266 362 314 scriptam,
389 278 497 314 quae
522 265 714 315 profecto
741 264 932 302 declarat
959 265 1155 301 iuuenem
1183 276 1271 300 esse
1298 268 1450 312 arguto
1479 264 1646 313 ingenio
1673 269 1716 302 et

147 320 201 357 ad
226 319 420 357 liberales
448 319 691 369 disciplinas
719 323 875 356 natura
902 319 1149 368 composito.
1192 317 1254 355 Ne
1284 322 1407 367 putes
1434 331 1500 355 me
1527 320 1715 367 paternis

146 374 327 411 blandiri
355 374 540 419 auribus,
569 387 620 411 ex
649 374 791 410 animo
818 373 978 422 loquor.
1021 372 1199 421 Vtrique
1225 372 1435 424 respondi,
1462 386 1537 409 nec
1563 373 1715 410 dubito

146 429 248 477 quin
276 441 349 478 per
376 428 557 466 eundem
587 428 860 465 Tilmannum
888 427 1111 476 acceperis.
1156 427 1369 464 Posterior
1396 427 1499 463 nihil
1528 427 1715 465 habebat

146 486 319 520 tuarum
337 482 590 528 litterarum,
606 487 778 520 tantum
796 481 983 519 habebat
996 480 1221 530 epistolam
1238 480 1413 530 Graphii
1430 493 1513 518 non
1531 481 1713 530 longam,

143 541 188 574 et
209 537 315 575 duas
336 550 357 574 e
379 537 611 582 Lusitania,
634 549 814 586 quarum
837 536 1018 573 alteram
1044 536 1270 585 scripserat
1292 535 1527 572 Damianus
1548 549 1573 572 a
1593 535 1713 581 Goes,

143 591 323 630 alteram
362 591 470 629 alius
505 591 702 640 quidamz
750 595 968 641 praeterea
1007 590 1234 627 nonnullas
1273 589 1378 627 alias
1418 589 1606 627 habebat
1646 591 1714 628 ille

143 646 382 684 fasciculus.

199 700 311 738 Bene
329 701 460 738 habet
477 700 592 750 quod
609 713 703 738 mea
722 699 953 737 Hollandia
968 699 1121 736 saltem
1143 698 1349 736 ducentos
1366 703 1409 736 et
1427 699 1714 748 quadraginta

143 755 322 793 florenos
350 755 588 805 pollicetur,
615 756 765 804 opinor
789 754 996 803 reliquam
1023 758 1187 803 partem
1214 754 1324 790 inter
1349 753 1503 802 digitos
1529 766 1712 802 quorun-

143 809 241 847 dam
256 810 464 847 hesuram.
497 809 664 847 Literae
678 814 777 846 tuae
792 809 947 858 quibus
962 808 1171 858 significas
1187 808 1456 845 Vincentium
1472 813 1713 856 questorem

142 864 329 913 polliceri
354 865 559 902 ducentos
584 868 627 901 et
652 863 948 913 quadraginta,
971 876 1020 901 ac
1042 863 1094 900 de
1115 863 1213 900 fuco
1235 875 1319 911 quo
1341 864 1563 911 sexaginta
1586 864 1711 900 inter-

141 920 253 968 cepti
274 924 387 964 sunt,
410 919 747 968 disquisiturum,
771 919 902 955 serius
924 922 1132 955 venerunt
1149 930 1278 966 quam
1302 921 1350 953 vt
1373 918 1578 966 oportuit.
1621 917 1712 955 Iam

140 974 252 1011 enim
284 987 358 1024 per
388 973 571 1023 Viglium
607 973 881 1010 Zuichemum
917 972 969 1010 de
1004 973 1182 1021 pecunia
1217 972 1393 1009 detenta
1428 985 1475 1009 ac
1512 972 1713 1009 mutilata

141 1029 287 1078 scripsi
316 1028 531 1066 nonnullis
559 1031 689 1076 atque
718 1028 848 1065 etiam
874 1027 952 1076 ipsi
977 1027 1180 1076 questori,
1204 1039 1289 1063 non
1314 1026 1507 1064 facturus
1534 1027 1566 1063 si
1593 1031 1712 1064 tuam

140 1083 367 1132 epistolam
392 1083 520 1133 paulo
546 1083 756 1120 maturius
781 1083 1048 1131 accepissem.
1092 1081 1256 1118 Muneri
1278 1081 1504 1118 honorario
1526 1081 1712 1119 multum

139 1139 382 1175 accessisset
398 1138 559 1187 gratiae
581 1138 615 1174 si
635 1141 678 1174 et
699 1138 909 1186 integrum
927 1141 971 1174 et
988 1140 1156 1173 mature
1178 1136 1329 1173 datum
1351 1136 1513 1173 fuisset.
1555 1135 1711 1173 Ciuita-

140 1192 256 1230 tibus
285 1197 429 1229 tamen
456 1205 540 1230 non
568 1192 772 1229 minorem
799 1191 936 1228 habeo
959 1192 1142 1240 gratiam
1169 1203 1244 1240 pro
1270 1190 1434 1228 liberali
1460 1190 1710 1228 voluntate:

140 1251 356 1296 vtcunque
378 1247 547 1284 illorum
569 1246 860 1284 munificentia
881 1258 956 1295 per
976 1245 1192 1283 famelicos
1214 1245 1435 1294 quosdam,
1459 1245 1606 1294 quales
1628 1245 1713 1283 fere

139 1305 241 1338 sunt
263 1303 334 1351 qui
356 1301 503 1339 colunt
525 1301 657 1346 aulas,
681 1301 902 1338 retardata
922 1301 1144 1349 accisaque
1167 1301 1234 1338 sit.

194 1356 322 1393 Mitto
357 1369 467 1394 nunc
507 1356 613 1394 duos
653 1355 819 1393 libellos
859 1356 1079 1393 inauratos
1115 1368 1210 1392 cum
1246 1355 1412 1403 aliquot
1447 1354 1636 1404 epistolis
1672 1356 1713 1392 in

137 1409 336 1460 Angliam
358 1410 714 1448 transmittendis.
756 1410 965 1456 Quoniam
990 1414 1134 1447 autem
1162 1409 1402 1447 Lodouicus
1427 1423 1452 1447 a
1477 1408 1626 1447 Castro
1651 1423 1710 1447 re-

137 1464 265 1514 liquit
305 1465 513 1515 Angliam,
554 1465 657 1502 mihi
697 1465 868 1502 videtur
907 1464 1144 1502 consultius
1185 1468 1233 1501 vt
1273 1468 1410 1502 totam
1453 1465 1711 1502 sarcinulam

138 1520 264 1557 simul
286 1525 553 1570 compactam
575 1520 721 1557 iubeas
740 1519 859 1557 reddi
877 1519 1068 1557 Roberto
1084 1519 1283 1563 Aldrisio‚
1306 1518 1528 1568 capellano
1549 1519 1711 1557 dudum

138 1575 337 1624 Episcopi
352 1575 664 1620 LincolniensiS,
681 1587 794 1612 nunc
809 1575 932 1624 regio.
966 1574 1077 1611 Nam
1095 1574 1128 1611 is
1147 1573 1250 1611 mihi
1263 1578 1328 1611 est
1343 1575 1504 1611 amicus
1522 1575 1711 1612 omnium

137 1629 418 1675 fidelissimus,
441 1630 693 1678 curabitque
715 1630 857 1667 omnia
879 1629 1095 1666 reddenda
1112 1629 1266 1677 quibus
1284 1632 1466 1678 oportet.
1511 1628 1585 1666 Vel
1607 1630 1710 1667 scire

137 1685 262 1733 cupio
285 1697 338 1722 an
360 1684 512 1733 aliquis
535 1686 577 1721 in
600 1684 802 1722 Lodouici
825 1684 964 1721 locum
986 1684 1232 1721 successerit
1253 1688 1296 1721 et
1317 1684 1513 1732 quisnam
1536 1683 1605 1721 ille
1627 1685 1694 1721 sit.

192 1739 257 1776 Ex
297 1752 381 1788 quo
422 1752 498 1777 nos
539 1739 710 1788 reliquit
751 1739 912 1788 Viglius
951 1738 1055 1775 nihil
1096 1738 1147 1775 de
1183 1738 1255 1775 illo
1292 1738 1412 1776 licuit
1448 1751 1709 1788 cognoscere,

136 1794 312 1831 viuatnc
334 1807 388 1831 an
410 1795 592 1843 perierit.
634 1794 839 1831 Discessit
857 1793 951 1831 hinc
969 1793 1107 1830 media
1126 1793 1289 1838 bruma,
1307 1805 1440 1842 eaque
1462 1794 1707 1843 asperrima.

135 1847 268 1898 Cupio
295 1861 368 1898 per
393 1853 435 1886 te
460 1850 613 1886 certior
638 1848 725 1886 fieri
751 1849 785 1885 si
810 1848 912 1897 quid
942 1848 1001 1885 illi
1030 1848 1144 1897 quod
1172 1847 1302 1885 nolim
1331 1847 1498 1885 accidit.
1541 1847 1583 1885 Si
1610 1849 1707 1885 inci-

135 1902 244 1940 derit
275 1904 556 1953 oportunitas,
589 1903 774 1952 significa
805 1902 980 1948 Quirino
1010 1902 1178 1940 Talesio
1208 1902 1434 1951 epistolam
1471 1915 1599 1952 quam
1632 1903 1710 1940 tibi

134 1959 346 1995 commisit
376 1971 460 1995 vna
491 1971 585 1996 cum
622 1958 752 1995 linteo
783 1957 896 2007 quod
934 1971 1041 1995 vxor
1076 1958 1192 1994 misit
1227 1957 1329 1994 mihi
1364 1970 1452 1995 esse
1483 1957 1707 1995 redditam.

135 2011 242 2050 Vtor
266 2025 395 2050 manu
421 2013 570 2058 aliena,
593 2025 724 2062 quum
750 2012 1051 2067 moolestissima
1079 2012 1283 2061 chiragra,
1305 2016 1383 2049 aut
1408 2011 1524 2049 aliud
1548 2012 1709 2049 malum

136 2066 196 2104 illi
224 2067 487 2105 simillimum
519 2068 575 2105 sic
607 2068 835 2117 occupauit
863 2067 1065 2104 dextrum
1097 2066 1318 2104 brachium
1351 2071 1398 2104 vt
1429 2080 1480 2104 nc
1512 2066 1709 2104 lineolam

460 2151 490 2180 8.
516 2160 673 2190 quorum
690 2149 771 2180 MS.
867 2160 878 2180 1
891 2159 918 2180 1.
946 2149 1145 2180 Hollendia
1161 2149 1281 2180 salten
1299 2148 1382 2180 MS.

132 2249 231 2285 Jan.,
260 2249 333 2279 and
361 2249 599 2289 presumably
623 2249 762 2280 carried
791 2249 884 2280 back

132 2293 222 2323 with
247 2293 323 2323 him
345 2293 442 2333 Epp.
466 2294 607 2330 2896-9.
656 2293 713 2323 He
735 2293 842 2323 made
863 2304 885 2323 a

132 2336 266 2367 second
284 2337 439 2376 journey
460 2341 498 2367 to
523 2336 710 2377 Freiburg,
732 2337 883 2367 deliver-

133 2380 194 2421 ing
225 2390 325 2411 some
357 2381 446 2411 time
479 2381 603 2411 before
638 2390 671 2411 11
708 2381 831 2411 March
863 2391 885 2411 a

131 2423 243 2455 letter
259 2424 354 2454 from
371 2425 565 2464 Grapheus
583 2426 644 2461 (110
661 2424 780 2455 doubt
800 2425 885 2455 that

131 2468 320 2498 answercd
344 2468 392 2508 by
415 2468 484 2508 Ep.
509 2468 609 2503 2916)
631 2468 705 2498 and
729 2479 750 2499 a
776 2468 885 2499 letter

132 2511 226 2542 from
255 2512 411 2542 Damian
437 2522 458 2542 a
481 2511 577 2542 Goes
604 2512 807 2549 (answercd
837 2513 885 2551 by

132 2555 202 2595 Ep.
226 2556 339 2595 2914),
362 2556 431 2586 but
453 2556 597 2585 neither
620 2555 689 2595 Ep.
712 2565 796 2593 2909
819 2566 886 2586 nor

131 2609 206 2639 any
223 2599 329 2629 other
347 2599 457 2629 letter
475 2600 568 2629 from
587 2598 691 2629 Olah.

176 2652 207 2673 2.
232 2643 427 2683 epistolam
452 2646 568 2677 tuam,
594 2643 683 2673 item
707 2643 784 2680 filii]
810 2643 884 2674 Not

131 2690 285 2717 extant:
311 2687 500 2717 answered
518 2687 682 2726 by,I¹]pp.
702 2688 832 2725 2896‚7.

175 2739 206 2767 9.
232 2730 340 2768 alius]
370 2730 479 2761 From
504 2730 573 2770 Ep.
601 2740 685 2770 2914
709 2731 739 2761 it
763 2730 882 2761 would

131 2783 271 2814 appear
299 2775 384 2804 that
413 2775 457 2805 he
486 2784 560 2804 was
591 2784 613 2804 a
645 2778 812 2813 stranger
844 2778 883 2804 to

130 2817 319 2854 Erasmus,
342 2818 489 2857 writing
512 2828 559 2848 on
584 2819 647 2848 the
671 2819 883 2858 suggestion

129 2861 167 2892 of
189 2861 366 2898 Damian3
394 2862 462 2892 but
486 2862 590 2892 there
615 2862 644 2892 is
668 2872 715 2892 no
739 2862 818 2892 clue
844 2866 883 2892 to

130 2905 186 2935 his
204 2905 376 2944 identity.

177 2957 227 2988 13.
253 2949 449 2989 significas]
471 2949 610 2980 Schets'
632 2949 744 2980 letter
766 2950 795 2979 is
818 2953 883 2980 not

954 2252 1099 2283 extant,
1119 2249 1188 2279 but
1205 2249 1251 2279 ef.
1271 2249 1340 2289 Ep.
1361 2250 1446 2286 2896
1464 2249 1544 2279 init.

1042 2292 1294 2330 Vincentium]
1313 2292 1378 2323 See
1396 2293 1464 2332 Ep.
1486 2294 1581 2327 2810.

1000 2345 1050 2376 17.
1077 2337 1220 2376 scripsi]
1238 2336 1315 2366 Tho
1333 2336 1461 2367 letters
1479 2347 1540 2366 are
1560 2341 1626 2367 not
1647 2347 1706 2367 ex-

953 2384 1049 2416 tant,
1069 2381 1137 2410 but
1156 2381 1331 2411 Erasmus
1348 2381 1533 2411 mentions
1551 2381 1652 2411 them
1671 2382 1707 2411 in

953 2424 1050 2464 Epp.
1072 2425 1167 2461 2890.
1187 2433 1262 2463 3—4,
1283 2434 1376 2463 2923.
1396 2428 1470 2463 5—0.

997 2477 1049 2507 23.
1077 2467 1218 2498 libellos
1240 2468 1444 2505 inauratos]
1468 2468 1554 2498 Two
1577 2472 1707 2498 ornate

954 2512 1209 2552 presentation
1234 2513 1357 2551 copies
1381 2512 1418 2542 of
1442 2512 1506 2542 tho
1531 2512 1582 2541 De
1604 2522 1705 2551 prae-

952 2555 1150 2594 paratione,
1169 2556 1214 2585 of.
1235 2556 1304 2595 Ep.
1324 2565 1421 2595 2024.

999 2602 1050 2629 20.
1078 2599 1250 2637 Aldrisio]
1269 2600 1333 2628 Sec
1352 2600 1419 2639 Ep.
1444 2601 1526 2636 1650
1544 2600 1678 2629 introd.

998 2652 1050 2682 27.
1079 2643 1267 2683 Episcopi]
1284 2643 1382 2673 John
1403 2643 1604 2681 Longlond.

996 2696 1048 2725 31.
1075 2687 1196 2716 media
1225 2687 1368 2723 brunin]
1403 2687 1459 2716 He
1488 2687 1551 2716 left
1584 2687 1706 2717 before

954 2740 991 2760 22
1007 2731 1090 2761 Jan.
1112 2739 1212 2769 1533:
1232 2741 1290 2760 seo
1308 2731 1373 2769 Ep.
1394 2732 1489 2767 2890.
1506 2740 1562 2768 3¹¹·
1600 2730 1705 2759 From

952 2774 1022 2814 Ep.
1058 2783 1141 2811 2015
1177 2775 1220 2803 he
1255 2774 1375 2803 would
1411 2784 1507 2803 seem
1541 2778 1579 2803 to
1613 2774 1705 2803 have

952 2817 1106 2848 reached
1125 2817 1292 2847 Brussols
1305 2818 1421 2847 about
1444 2826 1478 2846 12
1498 2817 1632 2847 March.

996 2871 1049 2901 34.
1076 2862 1181 2898 vxor]
1206 2872 1254 2891 sc.
1276 2861 1422 2895 Tastsii,
1443 2860 1497 2890 for
1513 2871 1559 2890 an
1577 2861 1706 2891 earlier

951 2906 1021 2945 gift
1039 2905 1132 2935 from
1150 2905 1326 2935 Talcsius‘
1345 2905 1427 2934 wife
1444 2914 1503 2934 seo
1522 2905 1589 2944 Ep.
1607 2913 1702 2944 2735.

952 2958 1048 2979 20—1.

1736 382 1754 412 5

1738 653 1777 674 10

1737 932 1772 962 15

1732 1477 1772 1508 25

1730 1750 1772 1780 30

1732 2023 1771 2053 35
