1966 3379
119 122 239 171 2688]
490 120 650 158 FROM
680 119 964 158 BONIFACE
996 119 1314 158 AMERBACH
1629 121 1679 158 65

115 226 370 275 aequissimo
391 226 479 262 iure
499 237 664 262 mecum
685 237 819 274 agere,
841 224 956 273 quod
972 224 1296 262 accommodato
1312 224 1497 262 dedisset
1514 238 1589 275 pro
1606 238 1681 263 suo

118 282 206 318 iure
227 280 365 318 denuo
387 283 662 329 repetentem,
685 279 787 316 item
813 283 856 316 et
883 278 1054 316 abunde
1078 279 1273 328 exempla
1302 283 1493 316 veterum
1521 280 1679 316 recolli-

117 348 255 385 gerem
273 347 482 372 summam
504 334 645 371 liberis
666 334 830 370 amissis
852 334 1234 382 aequanimitatem
1258 346 1358 382 prae
1381 347 1423 371 se
1440 334 1680 379 ferentium,
1702 342 1719 371 5

118 394 333 440 postremo
352 402 428 426 nec
449 389 553 426 satis
574 389 800 425 conuenire
827 388 1013 426 viderem
1043 392 1091 425 vt
1115 388 1230 437 apud
1252 388 1494 425 litterarum
1522 389 1680 426 studio-

114 457 210 482 sum
241 457 327 481 non
354 444 397 481 id
427 443 538 480 ratio
566 444 726 480 efficere
755 448 898 492 posset
924 442 1039 491 quod
1067 443 1181 492 apud
1207 443 1394 492 plebeios
1419 447 1599 492 tempus,
1628 443 1683 480 ad

118 499 192 536 hec
228 503 372 536 tamen
408 511 474 535 me
510 498 823 547 compositurus
858 497 963 534 nihil
998 498 1204 548 promoui,
1242 497 1348 535 adeo
1383 497 1578 535 adfectus
1613 498 1683 535 ille

118 558 321 603 paternus
343 552 597 597 inualuerat,
621 565 746 601 quem
774 556 973 589 excutere
1001 553 1181 601 qu0t[t]i
1209 553 1411 601 cuiusque
1440 553 1495 589 sit
1524 553 1681 601 ignoro,

117 608 219 645 mihi
240 612 352 645 certe
377 612 471 644 tum
499 607 581 644 fuit
608 607 879 656 impossibile.
941 607 1051 644 Huic
1080 619 1174 644 cum
1205 620 1281 657 par
1308 619 1393 644 non
1421 619 1566 652 essem,
1596 608 1683 658 ipse
1706 617 1744 638 10

117 675 285 712 quoque
307 663 349 699 in
372 662 565 699 morbum
588 662 727 707 incidi,
750 675 834 711 quo
856 674 951 699 cum
981 663 1065 699 iam
1095 662 1197 698 xviii
1219 661 1328 699 diem
1351 662 1581 699 conflictor.
1642 661 1684 699 Si

119 730 267 767 queres
296 717 432 755 morbi
459 729 604 766 genus,
634 729 708 753 nec
730 716 940 754 medicum
964 729 1061 754 vere
1086 717 1365 766 pronunciare
1390 729 1512 766 posse
1534 716 1682 758 credo:

117 772 231 821 quod
248 773 358 809 enim
380 771 540 809 febrem
563 771 891 821 pestilentialem
913 772 1215 816 coniectamur,
1234 771 1337 808 mihi
1358 776 1581 821 propterea
1600 784 1684 808 non

119 827 167 864 fit
196 826 433 871 verisimile,
456 839 553 863 cum
581 830 756 876 propter
784 826 1015 875 praedicta,
1040 830 1133 863 tum
1162 826 1276 875 quod
1307 830 1437 875 caput
1464 839 1685 875 nunquam

119 882 247 926 dolui,
274 881 346 919 sed
376 881 512 918 solum
544 881 770 918 immodico
802 882 843 918 in
874 882 1082 931 principio
1112 881 1172 918 ita
1205 886 1424 930 correptus
1456 881 1517 918 fui
1548 881 1686 918 calore
1709 891 1746 921 15

119 941 166 974 vt
196 941 313 974 totus
339 936 440 973 mihi
466 936 612 973 ardere
638 936 815 973 viderer.
877 936 1034 973 Verum
1066 937 1099 972 is
1130 935 1287 973 Christi
1319 935 1520 973 beneficio
1550 936 1687 973 altero

118 992 265 1028 statim
288 991 354 1028 die
376 991 617 1040 pharmacis
639 991 822 1040 sumptis
844 990 1039 1028 subsidit.
1091 990 1214 1028 Nunc
1231 990 1421 1039 εὐκρασία
1444 991 1573 1028 initae
1592 1003 1687 1028 cum

118 1046 301 1083 firmiore
325 1045 571 1083 valetudine
599 1046 816 1083 societatis
844 1046 1009 1095 signum
1042 1046 1241 1086 sustulit:
1275 1046 1341 1083 cui
1372 1045 1688 1095 promouendae

118 1114 203 1138 non
243 1113 394 1150 parum
435 1100 673 1138 adiumenti
714 1105 813 1138 tuae
853 1100 1096 1138 attulerunt
1137 1100 1297 1138 literae.
1373 1100 1484 1138 Nam
1527 1101 1614 1138 siue
1655 1101 1688 1138 is

118 1168 235 1193 meus
254 1157 295 1192 in
313 1160 353 1193 te
371 1160 432 1193 est
451 1168 582 1199 amor,
601 1156 689 1193 siue
705 1168 753 1193 ea
771 1160 847 1193 tua
863 1155 979 1205 apud
996 1168 1062 1192 me
1079 1155 1331 1200 authoritas,
1352 1156 1440 1193 siue
1457 1160 1689 1205 vtrumque
1709 1167 1750 1187 20

119 1211 273 1260 potius,
302 1210 530 1248 flexanima
561 1210 634 1247 illa
665 1214 741 1248 tua
772 1211 964 1248 oratione
992 1211 1260 1255 immutatus,
1290 1211 1322 1247 si
1352 1210 1454 1260 quid
1488 1211 1690 1248 moeroris

119 1270 350 1315 supererat,
388 1266 421 1302 si
456 1278 541 1302 non
578 1266 747 1314 penitus
782 1266 960 1310 excussi,
993 1266 1191 1315 aequiore
1227 1271 1371 1303 tamen
1408 1266 1552 1303 animo
1583 1265 1690 1302 ferre

119 1320 259 1363 didici,
289 1321 417 1357 immo
448 1321 642 1370 protinus
674 1320 807 1358 nubes
840 1320 994 1358 habere
1025 1321 1126 1370 cepi.
1188 1320 1340 1370 Itaque
1372 1333 1448 1370 pro
1478 1320 1688 1365 antidoto,

119 1388 269 1424 nempe
295 1387 370 1424 pro
393 1375 526 1412 literis
547 1388 626 1424 ago
648 1375 727 1412 tibi
748 1376 907 1425 gratias
929 1375 1204 1421 immortales,
1228 1375 1300 1413 sed
1325 1379 1367 1413 et
1393 1388 1478 1413 non
1507 1376 1690 1413 minores

119 1429 233 1479 quod
254 1429 483 1467 maioribus
504 1434 737 1479 occupatus
759 1431 800 1467 in
823 1428 1013 1467 Sadoleti
1030 1434 1073 1467 et
1090 1430 1271 1468 aliorum
1294 1430 1425 1468 literis
1449 1430 1529 1467 huc
1552 1435 1688 1467 trans-
1712 1439 1750 1469 25

120 1484 341 1522 mittendis
372 1489 543 1522 tantum
570 1485 791 1534 negocium
817 1498 911 1523 mea
939 1498 1066 1522 causa
1097 1485 1236 1523 subire
1267 1498 1352 1523 non
1384 1486 1439 1523 sis
1469 1490 1688 1535 grauatus

119 1539 242 1584 Cura,
267 1541 322 1576 mi
344 1540 532 1584 Erasme,
556 1544 605 1577 vt
633 1539 789 1578 valeas.
849 1539 891 1578 Si
920 1544 962 1578 te
988 1553 1116 1590 quam
1142 1541 1374 1578 rectissime
1401 1540 1541 1579 valere
1568 1540 1688 1578 intel-

120 1594 272 1639 lexero,
295 1595 379 1632 iam
401 1594 612 1632 conualui.

176 1649 364 1687 Basileae
387 1663 412 1687 x
435 1650 544 1687 Iulii.

176 1704 412 1754 Heruagius
434 1705 529 1742 hinc
551 1705 698 1742 abiens
723 1718 888 1742 mecum
914 1718 996 1743 non
1023 1705 1130 1743 fuit:
1162 1719 1258 1743 eum
1285 1706 1392 1743 serio
1419 1707 1578 1744 iratum
1606 1719 1691 1744 non
1712 1723 1754 1753 30

120 1759 256 1797 credo.
326 1759 483 1797 Alciati
523 1764 679 1798 sortem
721 1760 922 1805 dolerem,
964 1761 1043 1797 nisi
1084 1765 1174 1798 tam
1216 1760 1440 1811 magnifico
1481 1761 1693 1811 stipendio

121 1813 348 1852 Patauium
379 1819 628 1861 voca>retur3
667 1828 743 1853 nec
775 1816 886 1853 enim
919 1816 1071 1861 minus,
1102 1820 1152 1854 vt
1182 1816 1322 1861 audio,
1355 1816 1534 1855 offertur
1564 1829 1692 1866 quam

120 1869 235 1920 apud
256 1869 480 1920 Bituriges.

485 2076 614 2114 2689.
679 2074 817 2116 FROM
840 2074 970 2116 JOHN
995 2075 1330 2117 CARONDELET.

172 2162 398 2208 Esterhazy
416 2163 498 2198 MS.
521 2175 604 2208 331.
1400 2168 1595 2201 Brussels.

172 2211 254 2245 OE.
277 2223 359 2246 222.
1354 2227 1397 2258 19
1416 2217 1516 2262 July
1539 2228 1643 2261 1532.

136 2289 330 2317 IOANNES
351 2290 722 2320 ARCHIEPISCOPVS
744 2293 1101 2329 PANORMITANVS,
1125 2294 1454 2321 CANCELLARIVS
1477 2295 1684 2322 CAESARIS

439 2346 485 2373 IN
508 2347 772 2383 BRABANTIA,
797 2348 971 2375 ERASMO
993 2349 1319 2377 ROTTERODAMO
1343 2350 1374 2376 S.

178 2403 393 2443 SALVEBIS
434 2406 677 2456 plurimum,
719 2409 783 2445 vir
823 2410 1106 2447 ornatissime.
1185 2409 1553 2448 Commonstrauit
1592 2411 1695 2448 mihi

123 2459 173 2497 D.
197 2460 398 2498 Nicolaus
426 2461 567 2507 Olaus,
597 2476 622 2500 a
649 2464 821 2501 secretis
848 2468 892 2502 et
919 2464 1103 2502 consiliis
1133 2463 1478 2513 Ser<e>nissimae
1508 2466 1694 2513 Reginae

126 2515 340 2563 Regentviffl
363 2516 601 2566 complures
627 2517 771 2556 literas
795 2523 904 2563 tuas,
926 2520 1149 2568 presertim
1173 2521 1437 2560 nouissimas,
1457 2521 1612 2569 quibus
1635 2534 1692 2557 re-

124 2569 306 2619 spondes
329 2570 420 2615 hiis,
443 2584 551 2620 quae
574 2573 661 2622 ipse
689 2573 738 2611 D.
763 2573 893 2611 Olaus
915 2576 1166 2612 secretarius
1189 2575 1426 2612 Maiestatis
1449 2588 1548 2612 suae
1571 2575 1623 2612 ad
1653 2581 1695 2612 te

125 2625 304 2674 scripsit,
329 2626 501 2663 confuse
523 2631 680 2673 tamen,
704 2628 809 2665 nihil
832 2629 938 2666 certi
960 2630 1221 2667 renuntians.
1283 2630 1355 2666 Ait
1384 2630 1484 2667 1).T.
1510 2643 1551 2667 se
1580 2629 1693 2666 edifi-
1715 2638 1732 2667 5

124 2691 219 2716 care
256 2680 478 2727 Friburgi3
520 2682 619 2719 vino
654 2682 953 2733 Burgundiaco
994 2697 1136 2721 carere
1176 2697 1261 2721 non
1302 2697 1433 2734 posse.
1494 2684 1695 2729 Queritur

126 2734 323 2771 itinerum
348 2736 586 2773 molestiam
609 2741 653 2774 et
674 2737 843 2787 longam
870 2739 1244 2789 intercapedinem,
1269 2752 1363 2775 cum
1387 2739 1478 2776 aliis
1503 2739 1542 2775 id
1564 2752 1694 2787 genus

126 2789 355 2835 nonnullis,
382 2791 536 2839 quibus
568 2791 689 2830 facile
720 2794 903 2843 prospici
935 2795 1107 2843 poterit,
1135 2807 1359 2844 suppressa
1392 2799 1535 2831 tamen
1565 2795 1694 2830 animi

170 2889 265 2919 2688.
285 2898 336 2928 31.
357 2890 688 2928 A1‹·iati]B0niface
698 2902 746 2922 110
757 2893 876 2923 doubt
944 2893 1030 2932 ably
1048 2893 1140 2923 from
1160 2893 1309 2931 Viglius.

127 2932 198 2962 had
217 2933 272 2962 his
290 2944 387 2963 news
406 2934 439 2963 in
459 2935 522 2964 th<=
541 2935 676 2965 bundle
694 2936 732 2965 of
748 2936 876 2967 letters
989 2938 1085 2966 2689.
1112 2947 1141 2976 3.
1173 2937 1311 2974 lin-rus]
1343 2936 1437 2976 Epp.
1473 2937 1566 2974 2582.
1599 2939 1693 2976 2013.

127 2975 220 3006 from
244 2977 341 3018 Italy
360 2979 432 3014 (see
457 2978 526 3018 Ep.
548 2980 644 3019 2084.
674 2981 747 3019 13¹)
767 2981 873 3020 prob·
947 2984 1041 3021 2640.

169 3050 292 3082 45²·10
906 3045 931 3071 F
