1966 3379
230 135 305 172 148
663 134 920 173 LETTERS
951 134 1022 173 OF
1053 134 1321 173 ERASMUS
1683 138 1805 186 [1533

226 252 353 289 quam
379 240 557 289 migrare
580 238 722 277 velles.
784 239 834 276 Id
864 240 897 277 si
924 240 983 277 ita
1012 244 1089 284 est,
1114 239 1216 288 quid
1243 239 1359 277 aliud
1385 241 1486 290 agis,
1509 241 1589 278 nisi
1620 245 1668 278 vt
1697 254 1802 278 nun-

225 307 355 344 quam
388 295 572 344 patriam
605 299 726 331 tuam
758 295 1049 343 amicos<que>
1086 295 1158 343 qui
1193 294 1258 331 hic
1295 299 1397 331 sunt
1433 295 1623 332 reuisas‘?
1682 295 1803 333 Vnde

227 349 329 387 haec
357 354 447 387 tam
477 349 620 386 subita
652 350 870 387 mutacio?
931 349 1027 386 Vini
1058 349 1240 386 fortasse
1270 349 1559 398 Burgundiaci
1589 350 1803 399 cupiditas

227 410 268 442 te
292 404 413 442 nobis
435 404 637 454 abripuit.
699 404 755 442 Vt
783 417 834 441 ex
864 405 967 441 meis
994 403 1205 453 prioribus
1234 404 1493 442 intellexisse
1522 406 1713 454 potuisti,
1738 405 1802 442 hic

166 474 205 504 25
225 463 270 496 et
287 459 636 508 Burgundiacum
654 464 697 496 et
715 459 1009 508 Hungaricum
1028 471 1079 495 ex
1095 471 1206 508 penu
1224 459 1392 507 reginae
1410 458 1565 496 habere
1580 461 1802 509 potuisses,

226 527 311 563 quo
333 518 519 552 aetatem
544 519 664 551 tuam
687 514 865 552 fouereS.
925 512 1035 559 Quid
1059 514 1188 563 igitur
1211 514 1269 550 rei
1291 514 1358 558 sit,
1382 514 1574 551 rescribe.

282 569 343 606 Dc
363 569 510 606 Leuini
528 570 804 606 matrimonio
824 573 867 606 ct
880 569 1021 618 ipsius
1039 572 1182 618 preter
1199 580 1336 605 meam
1355 581 1523 606 omnem
1542 570 1803 607 sentenciam

227 623 401 661 consilio
433 624 690 674 precipitato
720 637 771 660 cx
804 624 936 673 ipsius
966 629 1009 661 et
1040 624 1142 660 meis
1173 623 1277 667 aliis,
1311 635 1416 672 quas
1449 624 1492 660 in
1527 624 1638 661 hunc
1671 637 1804 674 Vsque

227 679 337 716 diem
361 679 548 716 arbitror
570 678 648 716 tibi
670 691 760 716 esse
784 678 985 723 redditas,
1009 679 1153 715 omnia
1175 683 1216 715 tc
1240 678 1501 716 intellexisse
1527 692 1610 716 non
1638 679 1801 717 dubito.

166 749 207 778 30
227 734 306 780 Qui
339 735 372 771 si
404 735 508 771 meis
538 738 581 771 et
612 733 798 771 consiliis
831 737 875 770 et
908 733 1124 771 mandatis
1160 734 1384 782 paruisset,
1420 734 1625 782 virginem
1661 734 1803 784 ampla

226 789 403 827 fortuna
424 788 610 838 doteque
631 789 669 826 ei
692 789 809 826 breui
832 793 1024 837 tempore
1046 789 1358 838 reperissemus
1420 788 1462 825 Is
1484 801 1596 826 nunc
1619 802 1643 826 a
1664 790 1806 826 nescio

227 857 312 893 quo
333 844 525 881 Caesaris
553 844 782 881 secretario
811 843 1081 888 sollicitatur,
1106 848 1154 880 vt
1182 843 1237 880 sit
1266 843 1326 880 illi
1353 855 1378 880 a
1406 855 1549 881 manu.
1611 844 1721 881 Eum
1751 844 1805 881 ob

228 899 465 937 vberiorem
500 903 729 948 quaestum
763 911 848 936 non
885 898 1135 936 dehortarer
1168 911 1193 935 a.
1232 899 1464 948 proposito,
1500 899 1580 935 nisi
1616 899 1802 936 viderem

227 967 356 1004 quam
388 966 473 991 non
503 953 795 991 Christianum
827 957 871 990 et
902 966 1031 1002 quam
1063 953 1194 990 etiam
1227 953 1511 1002 periculosum
1544 954 1599 991 sit
1629 966 1804 991 onrem

166 1023 206 1054 35
228 1009 512 1053 iuuenculam,
536 1010 618 1046 iam
642 1014 765 1046 vtero
786 1012 1039 1052 tumentem,
1059 1008 1262 1045 maritum
1285 1007 1475 1045 deserere
1497 1008 1550 1046 ad
1574 1021 1705 1046 vnum
1729 1013 1805 1046 aut

227 1064 411 1102 alterum
434 1077 606 1108 annum,
633 1069 680 1101 vt
703 1063 778 1101 hos
801 1068 899 1101 tuos
925 1064 1158 1112 municipes
1180 1062 1304 1100 video
1333 1063 1410 1100 hoc
1440 1063 1577 1101 facere
1605 1076 1657 1100 ex
1689 1076 1806 1101 more

227 1119 387 1157 solitos.
432 1119 633 1164 Quirinus
656 1124 756 1156 tuus
777 1120 930 1156 missus
952 1131 976 1156 a
999 1122 1042 1155 te
1065 1118 1106 1155 in
1128 1117 1325 1167 Angliam
1345 1118 1583 1156 diuerterat
1605 1119 1646 1155 in
1664 1131 1807 1155 mense

227 1173 468 1224 Septembri
499 1174 553 1212 ad
585 1186 652 1211 me
681 1186 776 1211 cum
809 1173 965 1211 litteris
996 1174 1081 1210 tuis
1112 1172 1406 1210 breuiusculis.
1468 1173 1722 1222 Properauit
1753 1173 1807 1210 ad

227 1229 438 1279 Angliaui,
471 1234 519 1266 vt
549 1229 587 1266 ei
618 1229 812 1273 iusseras,
845 1229 912 1266 cui
944 1229 1225 1272 iniunxeram,
1256 1232 1303 1264 vt
1335 1227 1390 1265 ad
1422 1240 1487 1265 me
1519 1241 1664 1266 rursus
1692 1227 1807 1265 illinc

166 1298 209 1329 40
229 1284 398 1322 rediret.
473 1284 638 1333 Regina
679 1283 821 1321 abfuit
862 1283 1065 1321 Bruxella
1106 1283 1314 1320 trimestri
1355 1283 1510 1332 spacio,
1552 1296 1807 1332 omnemque

228 1340 391 1377 interea
414 1339 689 1377 Harmoniam
718 1339 934 1388 peragrati
963 1351 1122 1376 sumus.
1183 1337 1319 1375 Credo
1348 1337 1466 1375 illum
1497 1337 1605 1375 hanc
1634 1338 1688 1375 ob
1718 1351 1804 1375 rem

228 1394 282 1432 ad
305 1407 371 1431 me
394 1407 479 1431 non
508 1394 745 1439 diuertisse,
770 1393 843 1431 sed
869 1397 985 1430 recta
1013 1393 1067 1430 ad
1097 1402 1139 1430 te
1167 1393 1404 1430 reuertisse.
1465 1391 1507 1430 Si
1535 1393 1665 1442 igitur
1691 1406 1716 1430 a
1741 1406 1808 1431 me

228 1449 391 1499 aliquid
413 1454 603 1486 erratum
626 1453 691 1486 est·
713 1449 816 1498 quin
838 1448 892 1486 ad
915 1453 957 1486 te
980 1448 1232 1497 scripserim,
1255 1447 1489 1485 adscribito
1511 1447 1626 1497 quod
1654 1447 1806 1485 fuerim

229 1517 395 1554 semper
419 1505 461 1541 in
481 1505 784 1554 expectacione
806 1502 982 1549 Quirini.

168 1572 208 1603 45
285 1559 388 1597 Vale
413 1564 457 1597 et
485 1560 573 1597 siue
601 1559 760 1604 redeas,
784 1559 873 1596 siue
903 1571 1075 1596 maneas
1105 1559 1146 1595 in
1175 1557 1267 1595 loco
1296 1558 1431 1595 statui
1459 1558 1678 1607 aetatique
1708 1562 1809 1595 tuae

229 1615 582 1658 conuenienciori,
602 1615 683 1651 mei
705 1614 960 1658 memineris,
978 1618 1019 1650 et
1044 1626 1110 1651 me
1127 1618 1251 1650 tuum
1274 1625 1363 1650 esse
1386 1617 1528 1650 totum
1546 1613 1807 1651 existimato.

285 1669 512 1707 Bruxellae
534 1669 687 1707 vltima
710 1669 901 1706 Ianuarii
923 1668 1046 1705 Anno
1072 1677 1187 1715 1533.

619 1817 748 1855 2760.
815 1814 882 1854 ΤΟ
905 1813 1170 1854 THEOBALD
1195 1813 1417 1854 FETTICH.

279 1899 548 1950 (¹openhagen
568 1904 650 1939 MS.
672 1904 717 1938 G.
739 1905 791 1938 K.
814 1904 851 1938 S.
873 1915 919 1946 95
940 1904 1039 1944 Ἑο1.,
1061 1904 1086 1938 f.
1114 1905 1180 1938 188
1199 1907 1261 1947 (α).
1467 1903 1672 1948 Freiburg.

279 1956 500 1989 Ptolemaei
521 1955 571 1988 de
590 1954 858 1998 Geogmphia,
880 1954 907 1987 f.
931 1965 948 1987 2
967 1957 1030 1996 (β).
1384 1964 1397 1987 1
1422 1954 1633 1998 February
1656 1963 1760 1996 1533.

280 2006 329 2039 N.
352 2017 389 2050 p.
416 2015 530 2049 1204:
561 2004 688 2038 Lond.
710 2004 848 2037 xxviii.
873 2014 938 2044 19:
969 2004 1051 2037 LB.
1077 2014 1181 2048 1242.

276 2073 349 2111 [An
374 2072 584 2112 autograph
611 2070 860 2111 rough-drast,
885 2071 949 2101 the
974 2070 1121 2111 preface
1146 2074 1185 2101 to
1210 2070 1413 2110 Ptolemy's
1439 2069 1672 2110 Geoqraphia,
1691 2070 1811 2103 Basle.

232 2117 389 2151 Froben,
407 2125 509 2155 1533;
532 2116 595 2146 tbe
613 2115 692 2145 first
710 2115 851 2146 edition
869 2115 906 2145 of
924 2115 987 2145 the
1004 2115 1124 2145 Greek
1142 2119 1236 2145 text.
1286 2114 1439 2154 Despite
1456 2114 1568 2144 BEN
1586 2114 1731 2144 neither
1749 2114 1813 2144 the

230 2161 426 2201 title-page
444 2170 511 2190 nor
533 2160 594 2190 the
621 2163 796 2190 contents
816 2163 963 2199 suggest
987 2159 1068 2189 that
1094 2159 1270 2189 Erasmus
1293 2158 1366 2188 had
1389 2158 1572 2198 anything
1594 2163 1633 2189 to
1656 2157 1704 2188 do
1721 2158 1812 2189 with

231 2206 295 2236 the
319 2204 472 2244 editing.
522 2204 592 2234 For
615 2203 762 2234 Fettich
787 2213 846 2234 see
872 2203 942 2243 Ep.
965 2203 1273 2242 1767—Erasmus
1297 2212 1415 2232 seems
1439 2208 1479 2232 to
1504 2202 1598 2232 have
1624 2201 1813 2242 forgotten

232 2250 287 2280 his
306 2248 441 2286 na1ne.]

270 2319 364 2345 DES.
390 2318 590 2345 ERASMVS
612 2318 708 2344 ROT.
734 2317 894 2344 EXIMIO
916 2318 1022 2344 VIRO
1044 2317 1308 2344 THEOBALDO
1332 2316 1564 2344 FETTICHIO
1586 2316 1785 2343 MEDICAE

808 2372 885 2399 REI
907 2372 1114 2400 PERITISS.
1138 2372 1170 2399 S.
1196 2372 1236 2399 D.

289 2434 351 2472 VT
372 2433 587 2484 intelligas
608 2445 695 2471 non
718 2437 879 2471 temere
901 2433 1065 2471 dictum
1087 2446 1112 2471 a
1133 2433 1282 2483 priscis
1305 2432 1584 2482 sapientibus,
1603 2432 1668 2469 vir
1689 2444 1811 2469 orna—

654 2510 750 2540 2760.
777 2519 850 2540 Trr.
878 2509 1139 2549 FET‘rrcmoss:
1167 2518 1340 2540 FRI'erro
1359 2522 1389 2540 α.

279 2598 375 2628 2759.
403 2607 455 2637 24.
482 2608 527 2628 ex
558 2599 649 2629 meis
681 2598 880 2638 prioribus]
918 2598 990 2639 Ep.
1059 2598 1152 2635 (OE.
1172 2608 1208 2638 p.
1228 2598 1318 2636 275).

236 2644 331 2681 2693.
355 2651 492 2681 129-35.
1104 2651 1157 2681 42.
1184 2652 1256 2672 non
1275 2641 1483 2678 diuertisse]
1506 2640 1599 2672 Olah
1618 2649 1735 2670 seems
1752 2650 1812 2670 en-

279 2687 331 2716 28.
359 2686 488 2726 ipsius]
522 2685 686 2716 Livinus'
720 2686 830 2716 letter
863 2686 893 2716 is
925 2690 991 2717 not
1060 2685 1169 2725 tirely
1186 2690 1226 2716 to
1243 2686 1337 2715 have
1359 2685 1547 2725 forgotten
1569 2684 1651 2715 that
1675 2684 1720 2714 he
1741 2683 1814 2714 had

234 2734 378 2761 extant.
1059 2740 1145 2760 seen
1166 2728 1342 2766 Quirinus
1363 2729 1399 2759 in
1421 2729 1526 2759 Mons
1547 2728 1584 2758 in
1607 2728 1701 2758 Nov.
1731 2736 1812 2765 1532

280 2775 333 2813 38.
359 2773 508 2811 litteris]
526 2773 597 2813 Ep.
616 2783 712 2813 2707.
1061 2774 1145 2813 (Ep.
1168 2783 1265 2812 2741.
1285 2774 1398 2812 6—17).
1446 2772 1543 2802 That
1565 2771 1741 2808 Quirinus
1761 2781 1813 2801 re-

280 2828 333 2858 40.
359 2818 537 2848 trimestri
575 2818 714 2858 spacio]
752 2817 879 2848 Olah's
914 2827 988 2848 eor·
1060 2817 1196 2848 turned
1217 2818 1253 2847 in
1275 2817 1359 2847 that
1380 2816 1512 2847 month
1535 2826 1652 2846 seems
1674 2815 1814 2845 certain

236 2861 486 2902 respondence
533 2861 653 2892 shows
700 2861 785 2892 that
831 2862 876 2891 he
926 2861 993 2892 left
1061 2866 1127 2892 not
1152 2861 1239 2900 only
1262 2860 1356 2891 from
1377 2861 1461 2891 that
1484 2860 1606 2894 letter,
1630 2860 1697 2889 but
1718 2859 1813 2888 from

235 2905 405 2937 Brussels
445 2905 612 2935 between
653 2907 739 2935 6-10
779 2905 861 2936 Oct.
906 2914 989 2944 1532
1059 2905 1124 2935 the
1141 2904 1241 2944 plain
1260 2908 1463 2935 statement
1487 2903 1524 2934 of
1545 2903 1706 2933 Levinus
1727 2903 1813 2933 Am·

237 2950 329 2986 (OE.
349 2959 412 2990 pp.
432 2948 567 2989 254—5).
586 2949 660 2979 and
681 2949 765 2979 that
782 2949 846 2979 the
864 2948 990 2986 Queen
1049 2949 1204 2981 ,monius
1223 2949 1259 2979 in
1278 2948 1348 2988 Ep.
1368 2949 1464 2987 2817,
1486 2948 1624 2987 179-82.

237 2993 412 3025 returned
433 2998 472 3023 to
495 2993 664 3023 Brussels
685 3003 733 3023 011
753 2993 772 3023 8
795 2993 879 3024 Jan.
908 3001 989 3032 1533
