1966 3379
168 122 288 171 2705]
466 118 625 157 FROM
654 116 816 156 INIGO
847 115 1024 154 LOPEZ
1055 115 1130 152 DE
1162 113 1435 152 MENDOZA
1676 114 1725 149 87

167 225 375 276 quaedam
399 226 512 272 (nam
533 222 583 260 de
605 222 801 260 omnibus
823 220 970 258 melius
987 220 1073 269 ipse
1091 218 1312 265 iudicabis)
1329 217 1536 255 eiusmodi
1553 216 1727 253 fuerunt

170 281 285 318 visae
313 283 362 316 vt
385 282 580 316 autorem
608 278 761 326 ipsum,
791 276 824 312 si
853 275 1042 319 vixisset,
1073 273 1272 322 euulgare
1302 276 1378 309 aut
1406 272 1460 308 ad
1489 276 1530 308 te
1558 272 1727 308 mittere
1752 288 1788 317 15

171 335 267 383 (nisi
297 333 500 380 fallimur)
531 331 765 381 puduisset.
826 330 970 367 Visum
1001 333 1066 366 est
1096 332 1240 365 tamen
1272 338 1416 364 omnes
1448 325 1573 363 simul
1604 325 1657 362 ad
1687 329 1728 361 te

170 390 353 433 mittere,
382 400 433 425 ne
461 386 527 424 vel
556 387 598 423 in
626 385 763 423 alieno
792 384 899 421 libro
930 385 994 420 ius
1025 383 1147 420 nobis
1178 380 1378 430 seligendi
1408 384 1484 417 ant
1516 379 1728 417 reiiciendi

171 454 471 492 vsurparemus
508 440 573 478 vel
606 441 648 477 in
684 439 806 476 nobis
841 439 954 475 bona
984 437 1086 475 fides
1118 436 1364 485 desyderari
1395 435 1470 472 abs
1501 439 1543 471 te
1573 437 1728 483 posset.

171 498 394 536 Caeterum
416 495 611 533 candoris
633 495 696 531 tui
718 507 765 531 ac
788 493 1016 543 probitatis
1038 496 1181 541 partes
1203 490 1375 534 fuerint,
1403 489 1480 526 hac
1507 490 1548 525 in
1570 501 1611 525 re
1634 500 1730 524 con-

171 552 381 601 syderare,
418 554 629 600 quantum
670 549 839 586 intersit
874 546 1015 585 tecum
1052 547 1138 596 ipse
1175 546 1284 582 inter
1320 545 1512 594 priuatos
1549 543 1732 592 parietes
1754 560 1793 580 20

173 611 389 655 vtcunque
410 604 571 654 aliquid
594 603 905 647 commenteris,
923 614 978 639 an
1000 601 1042 638 id
1063 601 1116 638 ab
1138 600 1232 637 aliis
1250 599 1508 636 censendum
1531 599 1573 635 in
1594 596 1731 646 publi-

173 674 268 699 cum
290 660 413 698 edere
435 659 727 697 destinaueris.
790 658 1015 694 Praeterea
1044 656 1078 693 si
1106 654 1208 704 quid
1236 653 1461 691 offenderis
1489 652 1733 702 asperitatis

174 717 216 753 in
242 715 381 752 verbis
407 714 521 763 quod
550 715 689 750 minus
718 712 838 749 licuit
865 723 1118 761 expungere,
1147 709 1213 746 fac
1242 709 1482 746 memineris
1511 706 1734 745 Stunicam

174 771 215 808 id
239 782 361 807 omne
382 769 591 817 abolitum
614 767 822 811 voluisse;
856 778 931 803 nec
953 766 1168 809 miremur,
1191 764 1224 800 si
1245 763 1371 801 homo
1393 767 1549 799 natura
1570 774 1665 798 acer
1687 773 1734 797 ae

175 825 400 862 vehemens
421 823 754 871 haudquaquam
784 822 825 858 in
855 820 1023 870 scriptis
1049 823 1126 856 aut
1153 819 1283 855 etiam
1312 819 1354 854 in
1381 817 1602 865 colloquiis
1631 820 1734 852 tem-
1758 832 1796 861 25

175 892 320 929 perare
342 879 420 915 sibi
442 881 624 927 poterat,
648 875 821 925 quando
843 876 959 912 vitiis
987 886 1111 912 nemo
1139 874 1228 910 sine
1256 873 1458 916 nascitur,
1489 875 1531 908 et
1560 871 1637 908 hoc
1664 882 1734 906 ex-

175 938 298 983 cepto
325 935 365 970 in
392 932 562 981 reliquis
590 932 675 968 fere
704 930 902 968 omnibus
930 930 1045 966 vitae
1074 940 1325 976 morumque
1354 927 1578 964 honestate
1607 930 1737 973 atque

176 989 416 1026 innocentia
452 986 788 1024 commendatur.
849 984 936 1022 Nec
969 983 1177 1021 absimilis
1208 982 1290 1019 fuit
1318 983 1473 1023 exitus,
1506 981 1568 1017 vti
1596 993 1647 1017 ex
1675 980 1737 1022 iis,

176 1045 248 1092 qui
279 1042 522 1087 adfuerunt,
555 1041 676 1078 nobis
708 1041 888 1089 contigit
919 1039 1077 1076 audire.
1138 1037 1351 1087 Superest,
1386 1037 1442 1074 mi
1475 1036 1661 1079 Erasme,
1691 1038 1739 1070 vt

177 1102 371 1135 nostrum
388 1097 540 1147 probes
562 1097 603 1133 in
625 1100 667 1133 te
684 1096 887 1139 animum,
904 1095 977 1143 qui
995 1093 1072 1130 tibi
1090 1092 1300 1141 rebusque
1319 1092 1404 1129 tuis
1423 1091 1527 1128 bene
1545 1090 1739 1140 cupimus
1761 1107 1801 1137 30

176 1157 224 1190 vt
245 1153 317 1201 qui
339 1152 533 1189 maxime.
585 1150 698 1188 Vale.

233 1207 440 1255 D<atum>
463 1206 638 1243 Romae.
700 1204 871 1250 Quinto.
894 1203 991 1241 Kal.
1016 1202 1229 1253 Septemb.
1256 1211 1372 1249 1532.

232 1270 328 1307 Des.
351 1270 530 1307 Erasmo
553 1268 652 1305 Rot.
675 1267 963 1305 eruditissimo
984 1279 1031 1303 ac
1053 1265 1326 1303 celeberrimo
1348 1265 1451 1301 viro.

464 1383 668 1423 2⁷032706.
735 1382 873 1422 FROM
896 1381 1139 1421 BONIFACE
1165 1380 1450 1420 AMERBACH.

230 1463 349 1497 Basle
367 1463 448 1496 MS.
470 1463 511 1496 C.
535 1463 622 1496 VIst.
645 1471 702 1504 73.
728 1472 782 1506 14.
1411 1457 1584 1540 ABasle.

1347 1518 1392 1549 29
1449 1510 1570 1550 ugust
1591 1515 1696 1548 1532.

224 1575 297 1613 [An
315 1574 522 1615 autograph
540 1573 661 1609 letter,
681 1573 802 1604 folded
815 1582 855 1603 as
870 1572 895 1602 if
913 1573 968 1602 for
981 1571 1152 1612 dispatch
1166 1571 1235 1601 but
1249 1573 1315 1601 not
1327 1568 1536 1600 addressed.
1586 1568 1615 1598 A
1631 1568 1745 1607 rougli

181 1619 281 1650 draft
299 1619 336 1649 of
354 1619 427 1649 this
445 1618 555 1648 letter
572 1618 601 1648 is
618 1616 791 1647 scrawled
810 1617 845 1646 in
863 1617 926 1647 the
945 1616 1105 1655 margins
1122 1615 1159 1645 of
1177 1615 1246 1654 Ep.
1266 1614 1379 1652 2697]

237 1673 275 1711 S.
301 1673 344 1710 P.
405 1672 542 1710 Tuam
560 1672 614 1709 ad
631 1671 878 1709 Sadoletum
896 1670 1135 1720 epistolam,
1158 1682 1244 1706 vna
1265 1681 1361 1706 cum
1380 1667 1544 1712 libellis,
1564 1667 1627 1703 vti
1645 1665 1748 1703 mihi

183 1728 234 1766 de
251 1728 409 1777 scripto
427 1727 659 1777 praeiuisti,
678 1739 751 1776 per
767 1729 931 1763 certum
946 1725 1149 1762 nuncium
1166 1723 1343 1774 perferri
1360 1722 1533 1760 curabo.
1574 1721 1747 1759 Vtinam

184 1783 263 1820 tibi
293 1783 436 1820 omnia
466 1795 574 1831 quae
604 1794 678 1831 per
703 1794 768 1818 me
800 1781 888 1830 agis
920 1784 1009 1817 tam
1041 1779 1219 1817 feliciter
1244 1778 1411 1822 cedant,
1439 1789 1566 1826 quam
1595 1788 1671 1825 ego
1695 1775 1749 1812 ad

186 1837 351 1875 nullum
381 1837 631 1886 obsequium
660 1836 928 1884 officiumque
957 1838 1034 1872 tua
1055 1847 1183 1871 causa
1212 1832 1519 1882 praestandum
1545 1844 1630 1868 non
1657 1842 1749 1867 sum

185 1896 375 1942 paratus.
437 1892 519 1929 Pro
547 1904 720 1928 munere
742 1891 902 1939 gratias
930 1889 1009 1926 tibi
1037 1901 1115 1938 ago
1143 1887 1420 1925 immortales.
1481 1887 1644 1924 Rarum
1674 1885 1750 1922 hoc
1772 1900 1789 1930 5

185 1951 262 1992 est,
286 1951 330 1984 et
355 1946 553 1984 omnibus
581 1945 706 1995 Tagis
733 1945 1001 1993 Pactolisque
1026 1943 1366 1993 praeferendum,
1393 1954 1543 1991 nempe
1575 1953 1659 1989 quo
1687 1951 1752 1976 me

187 2001 782 2039 immortalitaticonsecrasti.
818 1999 1042 2048 Obligatus
1056 2011 1149 2035 sum
1165 1998 1219 2035 ad
1234 1997 1444 2046 ἀντίδωρα.
1479 1996 1634 2034 Verum
1651 1994 1753 2043 quid

188 2056 431 2105 rependam,
463 2056 521 2093 mi
551 2055 739 2099 Erasme,
771 2055 862 2099 tibi,
895 2055 960 2091 cui
992 2053 1242 2091 iamdudum
1274 2052 1341 2089 vel
1371 2052 1558 2088 animam
1590 2049 1724 2087 debeo
1738 2054 1752 2085 ἱ)

187 2110 279 2147 Nisi
310 2110 587 2148 obseruantia
617 2109 822 2147 aduersus
852 2112 897 2146 et
922 2121 1014 2146 mea
1042 2112 1085 2145 et
1110 2108 1266 2152 studio,
1292 2107 1448 2156 quibus
1477 2110 1519 2143 te
1545 2110 1753 2153 tanquam

188 2178 346 2202 numen
369 2177 510 2203 meum
531 2169 574 2202 et
596 2177 774 2201 veneror
794 2168 836 2201 et
859 2164 1053 2212 suspicio,
1077 2175 1231 2200 nomen
1259 2161 1364 2199 dilui
1392 2173 1468 2211 pro
1497 2165 1573 2198 tua
1601 2158 1753 2196 benefi-
1778 2175 1816 2195 10

189 2220 330 2257 centia
351 2221 523 2269 pateris,
546 2220 737 2256 omnium
761 2219 993 2255 moriturus
1022 2230 1115 2255 sum
1144 2217 1483 2266 ingratissimus3
1516 2214 1620 2252 nihil
1642 2214 1754 2251 enim

190 2278 383 2324 preterea
404 2279 470 2311 est
491 2287 575 2323 quo
603 2273 848 2311 satisfacere
876 2274 1046 2322 possim.
1101 2271 1223 2318 Quod
1251 2272 1420 2321 parcius
1449 2270 1600 2314 scribo,
1622 2268 1755 2318 inopi-

191 2334 319 2367 natus
340 2333 384 2366 et
404 2330 647 2379 insperatus
670 2328 874 2365 Ioachimi
896 2327 1092 2365 Gandaui
1115 2327 1258 2364 abitus
1284 2327 1325 2363 in
1353 2338 1482 2363 causa
1509 2330 1597 2365 est:
1630 2335 1756 2372 quem

191 2397 286 2421 cum
309 2396 473 2421 mecum
501 2385 543 2420 in
574 2383 752 2433 prandio
777 2383 971 2420 futurum
998 2395 1120 2431 spero
1148 2381 1390 2429 (addixerat
1418 2381 1529 2417 enim
1562 2379 1650 2416 heri
1678 2378 1756 2415 sub

193 2451 416 2488 vesperum
452 2443 550 2475 tuas
581 2438 806 2485 adferens),
840 2450 952 2474 nunc
986 2441 1155 2474 mutato
1190 2435 1366 2473 consilio
1396 2436 1505 2472 istuc
1537 2448 1579 2471 se
1611 2445 1756 2482 quam·
1782 2449 1818 2477 15

193 2495 377 2543 primum
401 2494 493 2538 iter,
515 2494 714 2530 comitem
738 2496 900 2537 nactus,
924 2493 1212 2540 ingressurum
1236 2490 1459 2539 significat.
1523 2489 1633 2525 Bene
1652 2487 1757 2528 vale„

195 2549 380 2586 Patrone
402 2547 758 2597 incomparabilisv
781 2546 903 2583 dulce
925 2547 1052 2583 decus
1073 2558 1228 2583 meum.

258 2603 449 2640 Basileae
471 2603 638 2640 cursim.
700 2601 910 2639 Postridie
932 2601 981 2638 D.
1005 2600 1246 2650 Augustini.
1306 2600 1432 2637 Anno
1454 2608 1691 2636 M.D.xxx11.

255 2658 434 2695 Basilius
457 2662 498 2695 te
520 2657 749 2707 plurimum
773 2656 948 2693 salutat.

745 2711 862 2748 Tuus
882 2723 933 2747 ex
955 2711 1098 2748 animo
1120 2709 1364 2747 Bonifacius
1386 2707 1704 2746 Amorbachius.
1784 2723 1822 2742 ,νο

759 2783 854 2812 2706.
884 2792 932 2812 12.
960 2783 1103 2823 partius
1119 2781 1201 2812 AMS.

242 2851 338 2880 2706.
369 2860 394 2880 1.
421 2849 616 2890 epistolam
658 2873 664 2879 .
708 2873 714 2879 .
758 2873 764 2878 .
802 2848 946 2885 libellis]
1016 2848 1078 2877 the
1100 2847 1180 2878 first
1206 2847 1307 2887 place
1334 2848 1366 2876 in
1392 2847 1454 2877 the
1483 2845 1596 2884 Epist.
1618 2844 1761 2873 Palaeo-

199 2894 287 2925 sont
304 2904 350 2924 on
369 2894 418 2933 by
437 2904 459 2924 a
484 2894 624 2923 French
647 2892 788 2925 doctor.
806 2892 852 2922 cf.
874 2892 943 2931 Ep.
1013 2892 1116 2922 naeoi
1134 2895 1172 2921 to
1192 2891 1261 2931 Ep.
1283 2892 1378 2930 2084.

199 2942 296 2977 2705.
344 2938 421 2968 The
438 2937 549 2967 letter
566 2937 594 2967 is
616 2941 681 2967 not
699 2940 843 2966 extant.
1062 2944 1110 2974 ¹3·
1138 2935 1328 2972 Ioachimi]
1347 2936 1412 2964 See
1432 2934 1498 2973 Ep.
1522 2941 1614 2971 2703.
1636 2941 1692 2969 3¹1·

244 2991 274 3021 7.
300 2981 535 3018 consecrasti]
551 2981 727 3011 Erasmus
745 2979 816 3010 had
836 2980 942 3019 given
