1966 3379
142 123 264 170 2721]
526 120 686 159 FROM
714 119 983 158 AMBROSE
1014 118 1316 157 PELARGUS
1632 120 1707 157 107

142 227 275 264 lentia
314 237 478 274 semper
510 226 676 262 auctior
715 225 791 269 sui,
824 224 1097 273 vegetiorque
1131 223 1344 261 euaderet.
1404 223 1462 260 At
1494 236 1626 272 quum
1660 228 1708 260 tu

143 281 355 318 amicitiae
396 293 576 317 neruum
611 280 852 321 dimoueris,
888 291 1036 316 vereor
1070 278 1178 315 hanc
1216 277 1334 315 breui
1369 279 1606 315 extinctam
1644 278 1705 315 iri.

144 336 223 372 Est
257 334 434 384 proinde
470 334 584 383 quod
619 338 761 371 tecum
797 333 1079 382 expostulem,
1116 331 1246 369 titulo
1282 332 1483 369 nimirum
1521 332 1707 369 violatae

143 390 367 427 amicitiae.
426 388 537 434 Quid
558 388 696 426 isthoc
718 388 893 425 tandem
912 389 971 425 rei
991 391 1069 432 est,
1094 387 1270 435 inquies.
1332 387 1527 436 Aceipito
1549 387 1705 435 itaque.
1727 402 1745 431 5

145 444 274 481 Venio
295 443 349 481 ad
367 443 622 492 bibliopolae
639 443 864 480 officinam.
909 442 1109 480 Sciscitor
1124 441 1275 490 ecquid
1293 441 1494 490 placeant
1512 441 1707 478 Floridae

144 499 311 535 Erasmi
342 498 561 546 Epistolae
590 498 686 543 (hae
714 498 797 534 iam
820 502 1010 534 recenter
1040 496 1318 546 prodierant).
1378 495 1458 541 Qui
1488 500 1580 532 tum
1604 496 1708 532 mihi

143 566 281 590 comes
310 557 403 589 erat
426 553 714 602 Hieronymus
741 552 882 589 Barba
909 552 1229 595 Domfflicanus,
1254 551 1318 587 vir
1346 563 1481 599 neque
1511 550 1707 587 indoctus

144 620 278 656 neque
309 620 393 644 non
425 608 532 656 pius,
561 607 878 656 centemplatus
906 606 1136 655 exemplar,
1166 605 1281 654 quod
1312 609 1405 642 tum
1434 617 1566 642 vnum
1597 604 1708 642 forte

143 674 327 699 vaenum
354 664 420 708 (vt
447 662 571 709 solet)
599 666 692 699 erat
719 662 976 711 expositum,
1005 673 1158 698 manus
1185 660 1393 704 admouit,
1422 659 1561 696 voluit
1590 672 1707 696 reuo-
1731 674 1770 695 10

142 717 306 765 luitque
328 717 527 765 paginas:
560 729 608 754 ac
630 721 722 753 tum
745 721 903 753 temere
931 717 974 753 in
1002 716 1141 753 locum
1170 714 1333 759 incidit,
1355 727 1440 763 quo
1468 714 1710 763 Augustino

143 772 277 809 Mario
297 775 340 808 et
361 771 587 809 Ambrosio
608 771 786 820 Pelargo
806 774 1029 820 acceptum
1047 770 1177 808 refers
1193 769 1395 818 quicquid
1412 773 1477 806 est
1494 768 1709 806 tumultus

143 825 331 863 Basileae
352 825 505 863 oborti.
565 825 630 863 Sic
653 839 695 863 se
719 826 880 863 habent
902 825 1033 863 verba
1055 829 1131 862 tua
1153 826 1195 861 in
1221 823 1403 873 epistola
1431 824 1485 861 ad
1515 824 1681 861 Morum
1700 837 1706 861 2

144 881 274 918 ‘Erat
296 880 409 918 bona
436 893 530 930 spes
560 893 648 918 rem
677 881 731 918 ad
761 881 1030 918 moderatum
1059 883 1223 917 statum
1252 879 1500 924 redituram,
1523 878 1595 916 sed
1624 877 1709 916 duo

142 935 351 979 monachi,
381 935 491 973 alter
518 936 792 973 concionator
820 936 863 972 in
894 948 1074 979 summo⁷
1103 934 1214 972 alter
1243 934 1357 983 apud
1389 946 1488 970 suos
1520 933 1707 970 Domini·
1732 947 1769 977 15

141 1003 280 1034 canos,
303 990 603 1039 excitauerunt
625 990 746 1027 nobis
769 990 880 1027 hunc
899 990 1148 1029 tumultum.
1201 988 1269 1025 Illi
1294 988 1466 1037 quidem
1493 987 1709 1037 fugerunt,

142 1044 213 1082 alii
238 1057 339 1082 vero
369 1045 585 1082 feriuntur
615 1045 756 1083 malos
813 1045 913 1093 Age,
945 1045 1010 1081 vir
1041 1043 1164 1088 bone,
1197 1043 1369 1080 hoccine
1399 1047 1464 1080 est
1496 1043 1709 1080 amicitiae

142 1099 398 1148 symbolum,
421 1100 728 1143 immerentem,
752 1101 837 1137 imo
863 1100 967 1137 bene
995 1099 1126 1136 etiam
1155 1098 1206 1136 de
1227 1098 1445 1148 republica
1465 1097 1710 1135 Christiana

143 1155 354 1199 meritum,
379 1154 609 1192 mendaciis
631 1154 885 1192 traducere?

197 1208 337 1254 Quum
370 1209 449 1246 hoc
485 1222 551 1246 me
582 1210 625 1246 in
655 1210 802 1259 primis
834 1209 1012 1246 haberet
1047 1208 1274 1249 solicitum,
1309 1220 1361 1244 ne
1397 1220 1483 1256 qua
1518 1207 1709 1244 Basileae
1731 1221 1771 1242 20

142 1263 382 1301 oboriretur
403 1264 568 1309 seditio,
591 1277 722 1313 quum
746 1265 787 1301 in
811 1264 888 1301 hoc
911 1266 1003 1312 (pro
1024 1275 1118 1300 mea
1145 1262 1317 1312 quidem
1347 1263 1560 1312 portione)
1589 1265 1709 1298 totus

144 1318 421 1363 incubuerim,
458 1323 506 1356 vt
541 1318 729 1356 eiusdem
766 1319 954 1368 corporis
989 1318 1182 1355 membra
1221 1321 1264 1355 et
1304 1322 1457 1354 mutua
1497 1316 1709 1354 charitate

143 1373 418 1410 cohaererent
450 1377 493 1411 et
525 1374 580 1411 ab
615 1375 781 1411 vnitate
813 1373 909 1411 fidei
944 1373 1117 1410 minime
1154 1373 1196 1409 in
1232 1372 1440 1410 factiones
1474 1371 1710 1409 haereticas

143 1428 425 1465 desciscerent
442 1443 448 1471 ;
472 1441 603 1477 quum
622 1429 745 1477 deniq
755 1441 804 1466 ue
821 1441 929 1477 quae
947 1429 1062 1477 pacis
1081 1431 1183 1465 sunt
1200 1431 1243 1464 et
1260 1427 1510 1464 concordiae
1527 1426 1711 1464 adnixus

143 1483 219 1519 sim
243 1483 496 1532 persuadere
517 1483 728 1529 omnibus,
751 1495 836 1532 qua
864 1487 910 1520 tu
940 1496 1007 1520 me
1034 1482 1174 1519 fronte
1202 1482 1343 1520 oborti
1365 1481 1579 1519 tumultus
1607 1481 1712 1518 facis
1732 1494 1771 1524 25

143 1541 367 1575 autorem?
417 1538 604 1575 Fortiter
626 1538 755 1587 (quod
778 1539 958 1587 ingenue
985 1537 1139 1584 fateor)
1166 1538 1361 1574 inuectus
1390 1549 1483 1573 sum
1514 1537 1556 1573 in
1581 1535 1710 1573 refra-

142 1593 325 1630 etarium
347 1592 467 1630 illum
488 1593 749 1631 haereticum
771 1592 1160 1642 Oecolampadium,
1183 1604 1309 1641 quem
1339 1591 1406 1629 vel
1429 1591 1506 1628 hoc
1528 1591 1712 1628 maxime

144 1648 313 1685 nomine
348 1647 496 1687 durius
532 1649 703 1697 coargui
738 1648 945 1697 oportuit,
981 1647 1096 1696 quod
1132 1646 1317 1684 tuendae
1357 1646 1610 1691 sententiae,
1644 1646 1712 1682 cui

143 1702 271 1739 semel
293 1702 507 1740 mordicus
530 1703 726 1747 inhaesit,
749 1704 878 1740 etiam
901 1706 1053 1739 contra
1073 1702 1302 1739 veritatem
1324 1705 1434 1738 esset
1463 1705 1710 1738 contumax.

144 1756 266 1802 Quod
292 1761 341 1796 vt
367 1757 562 1802 facerem,
585 1770 635 1795 ea
662 1757 765 1795 mihi
793 1757 956 1795 consilii
985 1757 1067 1794 mei
1095 1757 1208 1794 ratio
1235 1757 1444 1793 constitit.
1505 1755 1710 1793 Videbam
1733 1768 1774 1798 30

143 1812 377 1861 periculum
399 1825 488 1850 esse
509 1816 558 1850 vt
580 1813 929 1861 pestilentissimo
950 1812 1149 1861 dogmate
1171 1824 1246 1848 suo
1267 1815 1311 1848 et
1332 1812 1553 1848 ciuitatem
1580 1810 1711 1858 incly-

144 1870 233 1903 tam
258 1866 373 1904 illam
396 1871 439 1904 et
460 1868 645 1916 seipsum
668 1867 883 1917 perditum
908 1868 998 1904 iret.
1059 1866 1182 1911 Quod
1203 1879 1333 1915 quam
1360 1866 1482 1912 longe
1510 1865 1712 1909 abfuerit,

143 1921 286 1958 exitus
315 1923 402 1971 ipse
431 1922 611 1971 probat:
645 1926 693 1959 vt
721 1922 960 1971 complures
989 1921 1149 1963 dicant,
1179 1934 1244 1957 me
1276 1934 1360 1958 non
1391 1933 1550 1957 vanum
1583 1920 1712 1957 fuisse

143 1989 360 2025 augurem.
421 1977 537 2014 Haec
559 1977 661 2014 dum
683 1977 805 2022 facio,
830 1978 914 2014 imo
942 1977 1045 2013 dum
1073 1975 1179 2013 nihil
1208 1989 1292 2012 non
1320 1975 1442 2019 facio,
1465 1975 1567 2012 dum
1597 1975 1712 2011 omni

145 2031 273 2079 (quod
303 2032 441 2079 aiunt)
470 2032 576 2081 pede
604 2037 671 2070 sto
699 2032 903 2069 aduersus
931 2031 1241 2069 haereticorum
1271 2031 1485 2080 dogmata,
1515 2030 1616 2066 dum
1647 2042 1712 2066 me
1734 2042 1773 2071 35

143 2086 295 2135 capitis
325 2099 494 2135 quoque
530 2088 610 2124 mei
643 2086 830 2136 periculo
861 2099 1031 2136 oppono
1063 2098 1233 2122 murum
1270 2098 1345 2135 pro
1379 2085 1507 2122 domo
1539 2084 1713 2129 domini,

144 2140 246 2177 dum
269 2141 438 2190 publice
461 2142 747 2191 priuatimque
769 2155 864 2179 cum
890 2141 1010 2179 hoste
1034 2153 1208 2177 manum
1238 2153 1426 2183 consero,
1449 2140 1551 2177 dum
1576 2139 1714 2176 verbis

144 2208 192 2232 ac
232 2196 401 2245 seriptis
441 2201 653 2234 errantem
698 2197 921 2241 admoneo,
963 2195 1273 2233 tumultuarius
1314 2194 1513 2231 videlicet
1554 2194 1711 2231 videar.

144 2250 256 2287 Sciui
278 2263 406 2298 quam
429 2255 471 2288 te
492 2264 576 2288 non
601 2265 751 2301 parum
773 2255 1076 2288 commoneant
1098 2263 1221 2287 voces
1237 2250 1473 2299 Carporum
1493 2249 1713 2297 Principis,

145 2317 251 2353 quas
272 2305 326 2342 ob
350 2306 389 2343 id
414 2307 471 2354 (ni
499 2305 638 2353 fallor)
666 2306 811 2356 plenas
839 2306 1063 2343 calumniis
1091 2318 1180 2343 esse
1206 2305 1353 2342 scribis
1381 2304 1495 2353 quod
1521 2303 1637 2341 dicat
1663 2316 1713 2340 ex
1734 2316 1776 2345 40

145 2364 186 2397 te
216 2364 365 2397 natum
389 2361 592 2410 quicquid
614 2365 679 2398 est
701 2362 866 2411 vspiam
889 2361 1109 2399 seditionis
1133 2364 1177 2397 et
1202 2359 1430 2397 tumultus.
1491 2359 1548 2396 Et
1576 2371 1641 2395 me
1664 2371 1715 2395 ne

303 2464 350 2494 17,
378 2455 562 2485 feriuntur
587 2455 682 2485 malo
700 2456 777 2485 vide
796 2455 971 2487 Addcnda
990 2455 1057 2494 Ep.
1078 2462 1178 2483 2211.
1199 2453 1254 2486 66,
1273 2453 1339 2483 vol.
1359 2463 1393 2486 x,
1411 2464 1447 2492 p.
1467 2452 1573 2483 amriii.

188 2584 219 2611 6.
248 2582 427 2619 Floridae]
445 2582 522 2611 The
537 2582 719 2621 Epistolae
734 2583 895 2613 Florsrlae
964 2582 1048 2612 that
1065 2582 1129 2611 the
1146 2580 1256 2611 letter
1272 2579 1503 2619 complained
1522 2579 1558 2609 of
1580 2579 1608 2608 is
1627 2580 1633 2590 ¹
1647 2588 1716 2607 one

145 2626 217 2656 111111
249 2626 435 2665 appeared
469 2626 505 2655 in
539 2626 639 2666 Sept.
677 2636 768 2665 1531.
818 2626 895 2656 Tho
964 2625 1001 2655 of
1019 2626 1082 2655 the
1102 2625 1161 2655 old
1185 2624 1292 2654 ones'
1321 2626 1403 2661 (0111·
1424 2623 1546 2653 1111111ι
1569 2619 1714 2653 παλαιοί,

145 2670 254 2700 letter
276 2670 313 2699 of
336 2670 452 2699 which
479 2670 653 2707 Pelargus
677 2681 761 2707 goes
784 2681 830 2700 on
856 2674 895 2700 1ο
965 2674 1030 2699 not
1055 2669 1092 2698 of
1124 2669 1187 2699 the
1212 2667 1303 2705 νέοι),
1330 2667 1401 2697 and
1432 2667 1513 2697 that
1543 2666 1716 2702 pelargus

144 2713 326 2753 eoinpluin
352 2724 425 2743 was
452 2714 599 2753 printed
624 2715 727 2744 there
754 2715 808 2744 for
832 2715 896 2744 11111
964 2713 1096 2743 should
1135 2713 1228 2742 have
1268 2712 1375 2741 made
1417 2712 1473 2740 liis
1514 2709 1711 2748 complaint

146 2758 220 2787 first
246 2758 346 2787 time.
396 2758 432 2787 lt
458 2768 530 2787 was
556 2757 744 2798 reprinted
771 2759 804 2787 111
832 2758 895 2787 thu
964 2757 1102 2790 earlier.
1122 2767 1161 2786 so
1184 2756 1269 2786 that
1292 2756 1354 2785 1111ι
1372 2755 1482 2784 letter
1498 2753 1603 2783 1-1111111
1623 2753 1716 2781 have

149 2801 328 2840 Epis-tolno
351 2801 585 2831 J'alaeomeoi
608 2802 642 2831 111
669 2802 770 2841 Sept.
802 2810 894 2839 1532.
965 2802 1055 2830 lwen
1089 2800 1228 2830 altered
1262 2810 1301 2829 or
1333 2797 1511 2829 111111111-11ι
1554 2808 1611 2825 81⁸⁰
1648 2796 1714 2834 ΕΡ.

147 2844 330 2881 volamus·
374 2845 535 2875 Florida?
568 2856 653 2885 inuy
687 2846 730 2875 bo
762 2856 783 2875 ιι
815 2846 896 2884 slip.
968 2853 1062 2883 2723.
1087 2854 1162 2877 20¹1·

148 2889 332 2921 Erasmus.
356 2889 560 2927 unswering
582 2890 656 2919 111111
678 2889 762 2929 (Ep.
782 2891 893 2927 ‘2722L
1010 2890 1040 2917 S.
1071 2889 1316 2927 Hieronymus
1336 2886 1469 2921 Burbu]
1492 2884 1558 2914 Not
1583 2884 1714 2913 known

144 2932 277 2971 clearly
295 2932 542 2962 understssnds
560 2934 633 2963 111111
652 2938 691 2963 111
709 2944 814 2963 menn
834 2933 896 2962 11111
967 2936 1004 2962 lo
1023 2943 1076 2962 us.

150 2977 329 3015 Epistoluo
363 2977 617 3013 l’alaeonae01';
653 2977 708 3007 for
738 2977 781 3007 111ἱ
813 2988 897 3016 says
1017 2986 1064 3015 13·
1091 2975 1261 3016 epistolii}
1283 2975 1350 3014 1⁴31).
1374 2982 1465 3002 2:11.
1486 2979 1582 3009 (1341.
