1966 3379
164 117 285 168 2938]
433 116 592 155 FROM
622 114 774 154 JOHN
805 112 1089 153 GENESIUS
1120 111 1460 151 SEPULVEDA
1657 110 1735 148 395

164 221 219 259 ad
249 221 440 259 Marcum
471 221 633 270 Papam
665 222 998 268 conqueruntur,
1031 231 1056 255 a
1084 229 1169 266 quo
1196 215 1439 265 exemplum
1468 215 1735 252 decretorum

165 277 366 326 ipsorum,
389 275 503 325 quod
525 275 742 324 petebant,
765 276 1028 323 receperunt.
1080 271 1201 309 Adde
1223 270 1339 320 quod
1360 270 1456 307 libri
1479 270 1659 307 tutiores
1681 269 1735 306 ab

164 331 326 368 iniuriis
348 343 436 367 esse
457 329 607 374 solent,
629 333 673 366 et
694 329 833 366 minus
854 341 879 365 a
899 326 1037 365 sciolis
1059 326 1217 363 scholia
1243 337 1366 374 saepe
1392 337 1487 361 cum
1514 324 1735 372 scripturis

164 384 525 422 confundentibus
547 384 705 428 viciari,
729 383 801 420 vbi
826 395 851 419 a
875 381 1147 432 paucioribus
1169 379 1235 418 vel
1263 379 1464 428 leguntur
1485 378 1553 415 vel
1580 377 1733 415 intelli·
1754 388 1796 418 95

164 443 334 489 guntur.
386 438 477 476 Nisi
499 438 609 476 forte
632 438 709 475 hoc
731 437 846 482 dicis,
870 436 1078 486 placuisse
1100 435 1142 472 in
1163 434 1330 472 foedere
1352 437 1401 470 vt
1422 433 1553 470 dictio
1575 431 1735 469 Graeca

163 493 464 531 emendaretur
491 493 546 530 ad
574 492 785 530 Latinam.
836 490 959 537 Quod
984 503 1060 528 nec
1087 494 1152 527 est
1176 487 1409 539 probabile,
1436 491 1733 537 praeterquam

163 549 206 585 in
238 552 354 585 certo
386 547 529 597 aliquo
561 547 664 593 loco,
698 550 742 584 et
774 558 995 595 nunquam
1027 544 1189 582 factum
1223 543 1352 580 fuisse
1384 546 1548 579 certum
1584 540 1733 578 habeo.

163 602 275 640 Nam
315 602 542 640 articulum
579 614 704 651 quem
744 601 851 638 citas
884 612 936 637 ex
971 612 1101 637 aurea
1136 598 1267 643 bulla,
1309 597 1408 634 licet
1443 596 1550 633 duas
1585 608 1735 632 aureas

164 657 303 694 bullas
326 658 368 694 in
389 657 498 694 libro
525 655 809 694 Conciliorum
837 654 1100 704 perlegerim,
1135 654 1325 690 inuenire
1350 663 1570 700 nunquam
1600 651 1732 699 potui.
1758 660 1819 682 100

163 711 300 757 Quam
331 712 460 761 igitur
490 711 618 756 dicas,
649 714 694 748 et
722 709 834 747 vnde
866 722 892 747 a
925 709 1048 746 nobis
1078 707 1265 758 petenda
1299 707 1366 751 sit,
1403 706 1577 743 obsecro
1611 709 1653 742 te
1685 717 1736 741 ne

162 767 352 816 graueris
372 766 427 803 ad
448 778 524 803 nos
544 765 813 815 perscribere.

219 820 333 859 Vale.
386 821 562 866 Romae,
584 820 759 857 Decimo
780 818 866 857 Cal.
891 818 984 856 Iun.
1003 830 1115 855 anno
1132 830 1156 854 a
1172 816 1340 855 Christo
1362 818 1465 852 nato
1487 824 1734 851 MDxxxnn.

657 874 736 912 Tui
758 873 1093 911 studiosissimus
1115 872 1176 910 Io.
1200 870 1404 909 Genesius
1426 868 1679 919 Sepulueda.

160 1016 194 1054 F
216 961 498 1054 Cheleberrimo
534 963 625 1000 viro
653 961 826 999 domino
852 960 1087 1010 Desyderio
1120 959 1299 997 Erasmo
1331 956 1624 995 Roterodamo
1653 959 1733 993 etc.
1759 964 1818 995 105

197 1030 231 1054 r1
265 1030 368 1071 urgi.

491 1224 620 1263 2939.
686 1221 824 1262 FROM
857 1221 989 1262 ‚JOHN
1024 1220 1402 1260 PAUNGARTNER.

210 1311 372 1356 Leipzig
389 1311 472 1346 MS.
1431 1307 1657 1351 Augsburg.

208 1361 293 1395 EE.
315 1363 398 1395 206.
429 1362 433 1366 '
1397 1360 1443 1391 26
1461 1357 1559 1402 May
1580 1367 1687 1401 1534.

205 1445 279 1482 [An
296 1444 450 1485 original
467 1444 589 1481 letter,
608 1445 756 1476 written
773 1443 848 1475 and
864 1443 1064 1475 addressed
1082 1443 1131 1483 by
1148 1453 1170 1473 a
1187 1446 1384 1482 secretmy,
1403 1441 1531 1481 signed
1549 1441 1598 1481 by
1616 1440 1735 1471 Paun—

160 1492 323 1528 gartner.
371 1488 449 1519 The
465 1488 612 1520 bottom
629 1488 667 1519 of
684 1489 747 1519 the
764 1488 916 1519 address
934 1488 963 1518 is
980 1491 1043 1518 cut
1059 1487 1138 1525 off]

215 1563 471 1613 SA<L>VTEM
505 1569 549 1603 et
583 1565 626 1602 in
661 1564 858 1603 omnibus
892 1564 1213 1614 paratissimum
1244 1563 1509 1612 obsequium.
1560 1561 1736 1598 Erasme

159 1619 498 1657 excelentissime
528 1619 868 1669 doctissimeque,
905 1624 1004 1657 tuas
1031 1619 1087 1656 ad
1115 1631 1182 1656 me
1210 1618 1336 1655 datas
1378 1616 1545 1654 litteras
1578 1616 1734 1665 accepi,

160 1673 350 1723 aliasque
371 1673 538 1712 litteras
559 1674 623 1712 his
644 1675 698 1712 ad
715 1687 821 1724 quos
844 1674 1062 1724 scripsisti,
1085 1673 1261 1711 reddidi.
1314 1671 1451 1718 Quam
1473 1684 1539 1709 me
1561 1683 1675 1708 ames
1692 1674 1736 1707 et

160 1728 358 1766 obserues
383 1730 481 1767 scio.
523 1728 809 1775 Quamobrem
834 1733 878 1766 et
902 1741 968 1766 me
994 1729 1073 1766 tibi
1095 1727 1290 1778 pluribus
1315 1726 1560 1764 nominibus
1582 1725 1734 1763 obstri-

159 1787 278 1826 ctum
294 1796 385 1821 esse
405 1796 624 1834 cognosco.
670 1784 875 1821 Misissem
897 1796 1010 1821 nunc
1032 1783 1111 1821 tibi
1133 1781 1434 1820 munusculum
1456 1779 1645 1830 aliquod,
1663 1779 1734 1817 sed
1754 1794 1774 1825 5

159 1837 265 1875 illud
294 1838 390 1875 huic
420 1840 573 1877 nuntio
600 1840 866 1876 committere
895 1851 981 1876 non
1009 1837 1235 1875 audebam.
1286 1836 1329 1874 Si
1354 1835 1490 1874 fidelis
1515 1835 1668 1884 aliquis
1693 1847 1735 1872 se

159 1894 337 1930 nuntius
358 1893 472 1931 intra
494 1893 671 1931 biduum
694 1898 771 1931 aut
793 1893 985 1931 triduum
1001 1893 1218 1938 obtulerit,
1236 1904 1332 1929 cum
1348 1903 1397 1928 eo
1413 1895 1502 1935 aut,
1521 1891 1554 1927 si
1570 1889 1735 1927 nullum

158 1951 312 1985 nactus
343 1948 476 1993 fuero,
505 1961 601 1986 cum
633 1949 804 1999 proprio
832 1948 911 1986 tibi
939 1948 1091 1986 nuntio
1120 1947 1212 1993 hoc,
1241 1946 1356 1996 quod
1385 1947 1468 1983 iam
1497 1944 1735 1994 cupiebam,

159 2002 330 2040 mittam
353 2003 667 2041 munusculum.

214 2057 310 2094 Alia
340 2070 426 2095 non
457 2057 592 2096 habeo
621 2071 735 2096 noua
765 2071 874 2108 quae
905 2058 1087 2096 scribam
1117 2069 1247 2106 quam
1276 2055 1390 2105 quod
1421 2055 1509 2093 dux
1537 2054 1733 2092 Wurten-
1758 2068 1797 2090 10

162 2110 375 2161 bergensis
396 2112 601 2150 ducatum
629 2126 754 2151 suum
780 2114 821 2150 vi
850 2117 1045 2162 occupat.
1089 2111 1343 2149 Timendum
1374 2110 1451 2148 hoc
1480 2122 1531 2147 ne
1560 2109 1734 2154 malum,

158 2166 373 2215 pontificis
394 2171 438 2204 et
458 2166 678 2205 Gallorum
700 2169 807 2217 regis
824 2168 972 2212 ductu,
990 2167 1156 2216 longius
1174 2170 1330 2216 serpat.
1374 2165 1437 2202 Tu
1456 2164 1550 2202 vale
1572 2176 1736 2213 semper

157 2225 201 2258 et
223 2233 301 2267 me,
324 2225 373 2259 vt
395 2221 513 2267 soles,
537 2223 884 2260 commendatum
907 2222 1077 2260 habeas,

214 2275 279 2313 Ex
302 2276 509 2326 Augusta,
532 2279 634 2315 xxvi
657 2278 757 2315 Maii
777 2278 903 2315 Anno
925 2278 1086 2314 xxxiiii.

986 2332 1103 2369 Tuus
1125 2335 1173 2369 vt
1194 2343 1296 2368 suus
1758 2345 1795 2375 15

653 2387 866 2425 Iohannes
889 2388 1235 2437 Paungartnerus
1256 2399 1281 2423 a
1303 2385 1577 2434 Paungarten
1598 2387 1677 2420 etc.

214 2473 584 2512 Excellentissimo
618 2474 948 2525 doctissimoque
984 2476 1074 2512 viro
1110 2474 1295 2512 Domino
1335 2473 1514 2510 Erasmo
1554 2471 1732 2508 Rotero-

160 2528 300 2574 damo,
331 2541 456 2566 verae
484 2528 722 2580 theologiae
751 2534 840 2581 opt.
871 2531 1143 2579 maximoque
1173 2529 1414 2579 professori,
1447 2527 1629 2564 Domino
1658 2537 1734 2562 suo

159 2583 351 2634 inprimis
374 2584 627 2622 venerando.

204 2699 302 2731 2938.
326 2709 380 2740 04.
407 2699 526 2731 sciolis
544 2700 645 2731 aLB:
672 2711 804 2741 parum
822 2701 941 2732 doctis
956 2700 989 2741 β.
1061 2710 1132 2731 100.
1160 2710 1352 2740 nunquam
1371 2698 1472 2729 aLB:
1501 2706 1682 2737 nusquam
1699 2695 1730 2735 β.

163 2753 233 2774 101.
261 2744 363 2774 aLB:
389 2754 492 2775 nom.
509 2743 540 2784 β.
637 2747 752 2785 104—6.
778 2745 846 2776 Tui
874 2770 880 2775 .
908 2769 915 2776 .
944 2770 949 2776 .
978 2745 1157 2785 Friburgi.
1175 2755 1238 2775 mn.
1256 2744 1288 2784 β.

204 2880 300 2910 2938.
326 2890 380 2918 99.
406 2881 514 2919 duas]
528 2881 598 2912 For
611 2882 674 2912 the
689 2881 764 2912 bull
778 2882 815 2912 of
830 2891 911 2922 1435
980 2882 1099 2913 doubt
1116 2882 1201 2912 that
1218 2881 1255 2911 of
1277 2882 1368 2919 1356.

159 2934 218 2970 soe
231 2925 299 2964 Ep.
316 2934 542 2965 2005-40-111·
565 2925 642 2955 The
654 2926 760 2956 other
771 2926 912 2956 Golden
1026 2926 1122 2955 2939.
1151 2935 1178 2955 2.
1206 2924 1363 2961 litteras]
1396 2923 1468 2953 Not
1499 2926 1642 2955 extant.
1672 2932 1731 2952 seo

161 2968 243 2998 Bul}
261 2969 298 2999 of
317 2969 433 2999 which
448 2968 654 3009 Sopulveda
668 2970 802 3009 speaks
820 2970 848 3000 is
866 2980 913 3000 no
982 2970 1052 3010 Ep.
1072 2978 1169 3008 2037.
1190 2978 1285 3008 7-11.
