1966 3379
255 131 335 167 404
810 129 1108 167 APPENDIX
1143 129 1276 167 XXII

315 235 428 272 Idem
452 234 693 271 faciendum
716 235 757 271 in
782 234 902 272 bonis
924 235 1121 283 eorporis.
1178 234 1227 271 In
1249 234 1520 271 adolescente
1541 234 1762 279 sobrietas,
1786 235 1827 272 in

256 289 443 327 formoso
474 289 692 338 pudicitia.
753 289 795 326 Si
823 289 1021 338 dignitas,
1048 289 1178 326 animi
1206 290 1396 337 grauitas
1425 289 1466 325 in
1496 288 1620 326 vultu
1652 288 1824 326 relucet.

178 358 238 385 190
259 344 375 381 Vires
400 350 441 381 et
472 343 768 381 salubritatem
798 345 987 393 corporis
1018 345 1131 393 parit
1157 348 1201 380 et
1231 349 1359 393 auget
1388 343 1611 388 industria,
1634 356 1682 381 ac
1712 344 1827 381 vitae

258 399 476 436 sobrietas.

314 454 431 490 Bona
462 454 593 490 animi
628 467 702 503 per
734 454 870 490 omnis
905 453 1061 490 aetatis
1096 452 1251 501 gradus
1286 452 1515 490 tractanda
1546 456 1658 490 sunt.
1718 451 1828 498 Quid

258 521 372 557 puer.
396 508 496 557 quid
519 508 775 547 adolescens.
798 508 898 557 quid
926 508 1102 551 iuuenis,
1124 507 1226 556 quid
1255 508 1331 552 vir,
1355 507 1458 556 quid
1486 520 1612 544 senex
1639 508 1826 555 gesserit.

257 562 402 608 Qualis
426 564 464 599 in
488 564 684 612 patriam,
709 564 749 600 in
772 568 980 612 parentes,
1004 563 1045 599 in
1069 575 1257 606 vxorem,
1281 563 1323 599 in
1347 562 1512 607 liberos,
1535 562 1576 599 in
1597 563 1768 607 amicos,
1787 563 1828 599 in

257 619 381 661 ciues,
403 622 447 654 ct
470 618 622 655 hostes.

177 686 237 715 195
314 672 369 709 Vt
391 673 431 709 in
455 672 740 722 vituperando
762 673 945 709 virtutes
968 672 1007 708 in
1035 671 1228 721 proxima
1253 672 1357 708 vitia
1381 671 1680 720 deprauamus,
1704 672 1765 708 ita
1788 672 1828 708 in

258 726 472 764 laudando
507 728 611 764 vitia
651 732 948 770 extenuamus,
982 727 1193 763 virtutum
1226 727 1399 763 nomina
1435 726 1661 771 donantes,
1699 726 1827 776 parsi-

258 782 442 819 moniam
475 782 768 829 frugalitatem
799 781 1081 831 appellantes‚
1114 782 1338 818 saeuitiam
1368 782 1684 826 saeueritatem,
1714 785 1828 818 astu-

258 837 361 874 tiam
385 837 657 886 prudentiam
680 842 758 874 ete.

314 891 391 928 Est
426 891 631 929 laudandi
662 905 793 940 genus
831 904 904 940 per
935 891 1310 940 comparationem.
1367 890 1509 927 Veluti
1541 903 1672 939 quum
1705 902 1830 939 quem

177 960 240 980 200
259 946 496 991 laudamus,
523 959 618 983 cum
651 946 795 995 aliquo
826 947 1015 983 omnium
1048 945 1203 983 iudicio
1234 945 1531 982 laudatissimo
1562 945 1830 989 conferimus,

259 1006 333 1038 aut
360 1014 455 1038 cum
482 1001 687 1051 pluribus,
709 1006 751 1038 et
777 1014 871 1038 eum
900 1000 966 1038 vel
996 1013 1139 1050 parem
1173 1000 1237 1037 vel
1268 1001 1525 1049 superiorem
1555 999 1831 1044 ostendimus,

259 1055 392 1093 veluti
415 1057 447 1093 si
470 1057 564 1105 quis
585 1055 783 1093 Carolum
802 1055 1023 1093 Caesarem
1042 1059 1271 1105 componat
1289 1068 1385 1092 cum
1403 1054 1646 1092 Alexandro
1664 1054 1831 1103 Magno.

859 1142 957 1180 Loci
979 1155 1235 1180 communes.

315 1208 453 1254 Quum
478 1209 682 1246 virtutem
706 1208 892 1257 aliquam
916 1208 1168 1252 attollimus,
1188 1212 1264 1245 aut
1281 1209 1434 1245 vitium
1453 1221 1759 1257 exaggeramus
1781 1208 1833 1245 ad

177 1280 239 1309 205
261 1276 411 1301 causae
434 1268 603 1301 nostrae
625 1263 910 1300 commodum.
959 1263 1100 1301 Veluti
1124 1264 1156 1300 si
1179 1276 1304 1312 quem
1328 1262 1476 1300 laudes
1494 1276 1517 1300 a
1535 1262 1678 1300 studio
1701 1262 1833 1312 philo-

261 1318 446 1368 sophiae,
466 1318 581 1355 locus
603 1319 840 1355 communis
861 1319 955 1363 erit,
974 1322 1181 1367 quantam
1205 1317 1441 1355 vtilitatem
1464 1317 1633 1355 adferat
1655 1317 1833 1355 homini-

261 1373 340 1410 bus
362 1373 654 1422 philosophiae
678 1374 875 1422 cognitio.

370 1443 614 1481 Sententiae
637 1445 757 1493 quasi
780 1444 943 1482 lumina
965 1445 1170 1481 orationis
1188 1443 1500 1481 admiscendae.
1554 1443 1704 1480 Variae
1722 1446 1834 1480 sunt.

316 1497 517 1548 Simplex.
578 1498 694 1536 Nihil
717 1504 807 1536 tam
831 1499 1035 1549 populare
1057 1512 1186 1548 quam
1211 1499 1394 1535 bonitas.

179 1575 242 1596 210
318 1553 502 1590 Ratione
525 1553 729 1591 subiecta.
783 1554 831 1591 In
853 1555 967 1591 omni
990 1554 1236 1597 certamine,
1255 1554 1327 1602 qui
1349 1553 1594 1602 opulentior
1610 1557 1687 1595 est,
1706 1553 1835 1590 etiam

262 1609 295 1645 si
317 1609 468 1657 accipit
494 1609 703 1648 iniuriam,
727 1613 871 1646 tamen
894 1609 1032 1646 facere
1054 1609 1237 1646 videtur.

318 1663 499 1712 Duplex.
561 1663 629 1707 Vt.
654 1662 916 1712 Obsequium
939 1664 1110 1707 amicos.
1135 1664 1295 1701 veritas
1318 1663 1464 1700 odium
1487 1663 1613 1712 parit.

318 1718 382 1754 Ex
405 1717 594 1755 diuersis.
655 1718 770 1756 Mors
792 1719 946 1755 misera
967 1731 1053 1755 non
1075 1722 1153 1761 est,
1172 1718 1317 1755 aditus
1338 1718 1391 1755 ad
1415 1722 1597 1754 mortem
1616 1717 1742 1755 miser
1757 1721 1835 1755 est.

319 1772 469 1810 Recta.
530 1773 637 1810 Tam
659 1773 775 1811 deest
800 1786 932 1810 auaro
954 1773 1069 1822 quod
1091 1773 1235 1817 habet,
1259 1785 1388 1821 quam
1412 1772 1526 1821 quod
1549 1785 1633 1809 non
1656 1772 1799 1809 habet.

182 1836 243 1866 215
319 1827 532 1876 Figurata.
593 1827 735 1877 Vsque
756 1828 917 1865 adeone
940 1829 1046 1865 mori
1071 1829 1271 1865 miserum
1294 1831 1360 1864 estf
1375 1832 1390 1864 ἱ)

319 1881 547 1919 Translata
583 1883 637 1920 ad
678 1895 917 1933 personam.
978 1882 1156 1920 Seruare
1197 1883 1330 1932 potui,
1368 1881 1542 1931 perdere
1583 1894 1639 1918 an
1678 1881 1837 1930 possim

264 1949 385 1984 rogas
400 1940 415 1974 ’ἰ

320 1991 628 2040 Epsphonema,
650 1992 826 2029 additur
848 1993 905 2029 rei
927 1996 1126 2030 narratae
1148 1996 1225 2029 aut
1247 1991 1467 2041 probatae.

320 2045 494 2090 Noema,
535 2059 619 2083 non
666 2048 933 2097 exprimitur,
974 2047 1047 2084 sed
1087 2046 1355 2096 intelligitur.
1427 2046 1532 2084 Eras
1573 2046 1726 2095 dignus
1766 2047 1839 2095 qui

184 2120 246 2141 220
264 2113 439 2137 manum
463 2101 638 2139 haberes
660 2103 882 2151 integram.

322 2155 386 2192 Ex
410 2156 643 2205 inopinato,
666 2157 761 2206 quis
782 2161 826 2193 te
847 2157 1039 2206 permisit
1063 2157 1120 2193 sic
1143 2157 1324 2193 timere?

321 2210 385 2246 Ex
408 2212 643 2248 contrariis,
704 2211 855 2248 Habeo
877 2224 1004 2260 quem
1026 2211 1200 2260 fugiam,
1224 2223 1350 2259 quem
1372 2223 1525 2259 sequar
1545 2223 1631 2247 non
1654 2210 1801 2248 habeo.

322 2265 445 2301 Item.
506 2265 644 2311 Miser,
667 2279 799 2315 quum
821 2266 938 2315 loqui
960 2266 1152 2309 nesciret,
1176 2270 1316 2303 tacere
1340 2278 1424 2302 non
1447 2270 1630 2315 poterat.

634 2347 934 2397 Amplificandi
957 2348 1143 2385 rationes
1165 2360 1212 2384 ac
1235 2347 1466 2384 minuendi.

185 2423 247 2453 225
322 2412 386 2448 Ex
416 2413 656 2450 mutatione
686 2414 883 2458 nominis,
912 2418 960 2450 vt
989 2414 1021 2450 si
1052 2426 1129 2463 pro
1160 2426 1294 2453 caeso.
1324 2414 1507 2450 occisum
1539 2412 1666 2450 dicas.
1700 2413 1732 2449 si
1764 2425 1840 2462 pro

268 2467 474 2515 improbo,
498 2467 723 2505 latronem.
783 2467 943 2505 Contra
965 2469 1037 2517 qui
1061 2467 1261 2517 pulsauit.
1284 2468 1490 2516 attigisse.

323 2521 387 2558 Ex
417 2522 644 2559 collatione
669 2522 830 2560 addita.
891 2522 986 2560 Non
1018 2522 1169 2562 furem.
1200 2522 1272 2559 sed
1305 2527 1533 2571 raptorem.
1562 2535 1645 2559 non
1675 2522 1838 2559 adulte-

269 2589 376 2620 rum,
405 2576 476 2613 sed
508 2581 844 2625 expugnatorem
877 2577 1119 2626 pudicitiae.
1153 2590 1238 2614 non
1270 2577 1534 2625 sacrilegum,
1568 2577 1639 2613 sed
1673 2576 1839 2614 hostem

270 2643 486 2667 sacrorum
516 2631 863 2680 religionumque,
886 2644 970 2669 non
999 2632 1212 2675 sicarium,
1239 2631 1311 2669 sed
1340 2631 1679 2668 crudelissimum
1706 2632 1838 2668 carni-

188 2707 250 2736 230
269 2685 388 2722 ficem
411 2685 567 2722 ciuium
591 2687 885 2735 sociorumque
907 2687 950 2722 in
973 2691 1163 2723 vestrum
1187 2686 1389 2723 iudicium
1411 2685 1677 2723 adducimus.

325 2739 391 2776 Ab
413 2740 686 2784 incremento,
710 2753 842 2790 quum
867 2754 942 2778 ceu
971 2753 1046 2790 per
1069 2741 1228 2789 gradus
1255 2741 1504 2790 peruenitur
1531 2740 1585 2777 ad
1612 2753 1839 2785 summum,

270 2798 344 2830 aut
386 2794 702 2842 quodammodo
742 2795 857 2832 vltra
892 2808 1118 2832 summum.
1179 2795 1362 2832 Facinus
1401 2799 1464 2832 est
1505 2795 1666 2832 vincire
1705 2795 1840 2832 ciuem

272 2848 530 2893 Romanum,
554 2849 689 2886 scelus
711 2849 946 2895 verberare,
970 2849 1244 2899 parricidium
1267 2862 1430 2887 necare.
1491 2848 1601 2895 Quid
1629 2849 1768 2887 dicam
1798 2849 1841 2886 in

271 2916 437 2941 crucem
460 2903 638 2941 tollere?

748 2978 809 3014 196
834 2976 980 3007 nomine
1000 2976 1259 3017 Compemlz'um
1279 2976 1376 3007 Rhea.
