1966 3379
109 124 230 174 2879]
608 122 679 161 To
708 121 861 161 ι101111
892 120 1166 159 VERGARA
1591 119 1666 157 321

108 227 211 265 mihi
250 239 408 272 narras,
449 239 533 264 non
572 226 789 275 pietatem.
849 224 930 262 Sed
969 237 1106 269 mane,
1139 236 1238 262 mox
1275 223 1421 261 audies
1455 224 1666 261 eximiam.

110 282 250 319 Tanta
271 280 550 325 solicitudine,
574 284 698 317 tanta
725 279 1006 317 sanctimonia
1034 278 1347 328 prudentiaque
1373 282 1495 314 curat
1524 291 1668 315 omnes

108 335 351 373 educandos
372 339 421 372 vt
441 347 527 372 non
547 346 771 383 corporum
793 333 919 370 modo
941 345 1087 370 verum
1108 333 1238 369 etiam
1255 333 1494 369 animorum
1517 345 1669 381 parens

109 390 272 440 optimo
293 390 380 426 iure
403 389 484 426 dici
507 389 650 438 possit.
710 388 887 425 Nullum
909 388 1098 425 omnium
1120 387 1355 424 destinauit
1375 387 1667 435 negotiationi,

109 448 186 482 aut
206 443 298 480 aliis
319 443 623 480 sordidioribus
645 442 820 479 artibus.
881 441 945 478 Ad
969 441 1266 485 eruditionem,
1289 440 1341 477 ad
1371 440 1590 489 pietatem,
1614 441 1669 477 ad

108 498 290 548 gerenda
316 498 557 547 Principum
580 509 627 534 ac
649 497 748 545 reip.
773 495 995 545 splendida
1023 495 1168 532 munia
1195 495 1384 532 instituit
1413 507 1582 532 omnes:
1615 495 1669 531 ad

110 565 218 601 quae
242 552 486 601 frequenter
512 551 703 589 euadunt
733 563 882 600 parum
910 550 1110 599 appositi,
1136 550 1208 598 qui
1230 548 1346 586 libris
1368 561 1415 585 ac
1437 548 1669 597 disciplinis

108 607 409 644 insenuerunt:
442 619 540 643 nam
571 606 732 642 vmbris
762 605 932 649 assueti,
961 604 1101 641 nescio
1131 616 1216 652 quo
1247 607 1374 652 pacto
1404 607 1668 651 stupescunt,

109 674 157 698 ac
188 660 322 698 veluti
351 660 618 710 glaucomate
645 659 775 697 oculis
806 659 958 696 oborto
989 658 1144 695 mentis
1173 658 1423 706 vertiginem
1455 656 1669 705 quandam

108 715 346 765 patiuntur,
362 715 528 763 quoties
550 715 589 751 in
612 713 831 763 puluerem
853 726 900 750 ac
923 712 1066 757 solem,
1086 712 1163 749 hoc
1184 716 1262 751 est.
1285 711 1339 748 ad
1363 711 1504 748 ciuilia
1525 712 1670 748 munia

109 770 386 807 asciscuntur.
447 769 609 806 Tenera
633 772 725 805 etas
751 767 865 805 domi
890 767 1101 805 formatur
1128 766 1182 804 ad
1214 778 1379 803 omnem
1409 765 1669 814 probitatem

109 828 238 872 atque
266 824 564 860 innocentiam.
624 822 895 860 Adhibentur
922 825 1228 871 praeceptores,
1252 832 1337 857 non
1362 820 1413 856 de
1436 820 1576 864 triuio,
1599 819 1669 856 sed

109 877 341 927 exploratis
359 877 547 914 moribus
564 890 612 914 ac
630 877 877 914 litteratura
894 889 979 913 non
998 875 1174 924 vulgari.
1220 874 1518 912 Adolescentia
1535 874 1670 922 prima

110 933 258 969 statim
289 932 342 970 ab
374 932 549 969 aedibus
580 932 768 981 paternis
803 930 949 980 procul
985 929 1209 978 ablegatur
1244 930 1285 966 in
1319 928 1490 966 Italiam
1521 932 1598 965 aut
1629 929 1671 965 in

109 986 289 1024 Galliam
307 1000 313 1023 :
346 999 430 1035 quo
452 986 577 1023 simul
597 990 641 1023 et
661 986 813 1034 linguis
835 989 878 1022 et
900 984 1087 1022 moribus
1108 983 1256 1021 alienis
1277 987 1534 1020 assuescant.
1581 982 1670 1019 Hec

108 1045 174 1078 est
202 1041 464 1090 ingeniorum
493 1041 612 1078 velut
640 1041 795 1085 insitio,
825 1052 910 1088 qua
938 1040 1169 1076 mitescunt
1199 1051 1247 1075 ac
1278 1041 1477 1074 naturam
1506 1041 1672 1074 exuunt

110 1095 376 1144 syluestrem‚
399 1096 431 1132 si
453 1108 582 1144 quam
611 1095 783 1132 habent.
845 1093 961 1131 Nihil
984 1094 1094 1130 enim
1116 1092 1202 1129 fere
1223 1092 1429 1129 morosius
1450 1092 1510 1135 iis,
1534 1092 1606 1139 qui
1629 1092 1671 1128 in

110 1150 250 1199 patria
285 1154 622 1187 consenuerunt:
657 1149 839 1186 oderunt
873 1152 1053 1192 exteros,
1091 1160 1139 1184 ac
1172 1147 1382 1184 damnant
1411 1145 1612 1194 quicquid
1647 1159 1672 1182 a

110 1204 348 1242 vernaculis
370 1204 522 1241 ritibus
544 1204 758 1241 diuersum
780 1207 856 1240 est.
917 1201 1181 1248 Quibusdam
1207 1201 1422 1250 permittit
1443 1204 1492 1237 vt
1515 1200 1670 1237 Princi-

108 1271 210 1308 pum
243 1258 363 1295 aulas
390 1258 629 1307 degustent,
656 1258 728 1295 sed
760 1258 929 1295 electas.
989 1256 1137 1305 Neque
1166 1257 1279 1293 enim
1312 1267 1462 1304 parum
1493 1255 1674 1291 interest

108 1314 220 1350 inter
235 1313 378 1350 aulam
400 1317 443 1350 et
464 1313 606 1350 aulam
624 1326 630 1350 ς
663 1313 835 1349 tametsi
853 1312 894 1348 in
912 1311 1108 1349 omnibus
1125 1310 1233 1348 aulis
1252 1314 1300 1346 vt
1316 1313 1381 1346 est
1397 1309 1515 1346 varia
1532 1321 1673 1345 rerum

109 1368 383 1417 experientia,
407 1368 468 1404 ita
489 1380 575 1404 non
596 1367 752 1404 desunt
773 1366 1005 1410 illecebrae,
1029 1377 1137 1414 quae
1160 1365 1431 1402 iuuentutem
1453 1363 1507 1400 ad
1533 1363 1673 1400 dulcia

108 1434 237 1471 quam
259 1421 313 1459 ad
334 1421 521 1459 salubria
541 1422 781 1471 proniorem
803 1423 1092 1469 corrumpant.
1139 1419 1294 1456 Verum
1317 1418 1370 1455 ab
1394 1418 1456 1454 his
1477 1417 1674 1467 periculis

109 1476 275 1513 nullum
304 1477 392 1513 vite
419 1489 550 1525 genus
578 1476 759 1513 liberum
787 1479 864 1521 est,
891 1476 1020 1512 etiam
1049 1475 1083 1511 si
1111 1478 1154 1511 te
1179 1473 1311 1511 abdas
1344 1474 1387 1510 in
1417 1471 1671 1510 Cartusiam.

109 1530 323 1568 Aduersus
349 1530 424 1568 has
446 1530 610 1568 Sirenes
631 1543 717 1568 non
738 1530 854 1567 locus
876 1542 952 1567 nos
974 1532 1093 1566 tutos
1116 1528 1269 1572 reddit,
1293 1527 1365 1565 sed
1394 1539 1470 1576 pro
1499 1526 1673 1564 auribus

109 1586 275 1623 animus
291 1585 517 1634 diligenter
534 1585 775 1629 obturatus,
794 1597 879 1622 non
897 1597 990 1622 cera
1007 1582 1367 1632 quemadmodum
1385 1581 1485 1619 fecit
1503 1581 1536 1618 V
1541 1581 1674 1630 lysses

110 1640 373 1684 Homericus
396 1640 468 1677 sed
490 1639 781 1689 philosophiae
802 1639 1051 1689 praeceptis.

164 1694 317 1743 Itaque
338 1698 443 1731 natu
466 1695 677 1732 maximus
705 1693 887 1731 Ioannes
918 1697 1138 1742 parentem
1168 1692 1339 1729 nomine
1361 1695 1404 1728 et
1425 1690 1675 1739 cognomine

109 1749 295 1786 referens
310 1761 385 1786 nec
402 1749 542 1786 minus
560 1749 714 1793 indole,
732 1749 916 1797 primum
935 1748 975 1784 in
992 1746 1130 1784 Gallia
1147 1746 1300 1784 deinde
1318 1747 1358 1782 in
1377 1745 1506 1783 Italia
1520 1744 1674 1781 litteris

110 1803 443 1852 haudquaquam
472 1803 697 1840 infeliciter
725 1803 962 1845 institutus,
986 1814 1099 1838 nunc
1127 1802 1213 1848 agit
1240 1801 1281 1837 in
1307 1799 1406 1837 aula
1428 1800 1477 1836 D.
1502 1799 1673 1843 Mariae,

110 1858 326 1906 quondam
364 1857 574 1907 Vngariae
610 1857 810 1906 Reginae,
843 1869 928 1905 qua
957 1856 1143 1894 foemina
1175 1855 1279 1892 nihil
1311 1854 1442 1892 habet
1478 1854 1553 1890 hec
1584 1857 1675 1890 etas

111 1913 300 1949 sanctius
323 1925 370 1949 ac
393 1912 657 1962 prudentius.
719 1912 828 1949 Huic
850 1911 1069 1961 proximus
1091 1909 1294 1959 Georgius
1317 1908 1675 1958 iurisprudentiae

109 1967 349 2004 destinatus
377 1970 453 2011 est,
477 1968 549 2016 qui
576 1967 660 2004 iam
686 1971 730 2003 et
755 1967 796 2003 in
826 1966 947 2004 bonis
976 1965 1131 2002 litteris
1156 1968 1199 2002 et
1227 1965 1269 2001 in
1298 1964 1437 2013 legum
1466 1963 1675 2012 sapientia

110 2034 240 2070 supra
261 2021 433 2058 modum
459 2022 587 2058 etatis
612 2021 840 2071 promouit.
901 2020 1071 2057 Tertius
1100 2019 1314 2056 Antonius
1342 2019 1432 2068 agit
1460 2017 1674 2061 Venetiae,

111 2075 229 2113 velut
260 2076 300 2112 in
332 2075 503 2113 theatro
533 2076 667 2113 totius
700 2075 852 2113 Italiae
881 2074 1234 2124 splendidissimo,
1265 2074 1394 2110 variis
1425 2072 1578 2121 linguis
1605 2083 1673 2108 ex-

111 2130 292 2180 peditus,
314 2134 357 2167 et
379 2131 493 2167 omni
515 2143 681 2168 morum
703 2130 915 2176 elegantIa
936 2128 1174 2179 perpolitus
1195 2128 1250 2165 ad
1272 2140 1470 2176 vnguem.
1522 2125 1675 2163 Daniel

112 2188 217 2221 natu
235 2185 448 2229 minimus,
466 2184 606 2222 adhuc
627 2185 743 2222 domi
766 2185 941 2233 fingitur
957 2183 1011 2221 ad
1033 2183 1334 2227 innocentiam,
1353 2195 1451 2219 mox
1469 2180 1676 2218 dicandus

111 2239 312 2276 instituto
346 2239 400 2275 ad
437 2239 551 2288 quod
587 2239 805 2276 videbitur
839 2242 996 2276 natura
1031 2238 1304 2287 compositus
1366 2236 1578 2273 Nimirum
1615 2236 1674 2271 in-

110 2293 265 2342 telligit
283 2294 347 2330 vir
364 2293 518 2342 ingenii
535 2294 885 2343 perspicacissimi
901 2293 956 2330 ad
978 2293 1160 2330 hominis
1177 2291 1426 2329 felicitatem
1444 2290 1676 2340 plurimum

111 2347 265 2384 referre
287 2352 336 2384 vt
362 2348 403 2384 in
429 2348 584 2384 teneris
609 2348 731 2385 annis
758 2348 812 2384 ad
844 2347 922 2385 hoc
951 2348 1128 2396 quisque
1158 2347 1408 2383 institutum
1438 2344 1677 2394 applicetur

157 2444 226 2474 131.
255 2435 496 2466 insenuerunt
513 2435 616 2465 MS:
642 2435 871 2466 insenuerint
890 2435 928 2465 L.
1062 2444 1133 2474 131.
1160 2444 1246 2464 nam
1267 2458 1271 2463 .
1294 2457 1300 2463 .
1322 2458 1327 2463 .
1350 2443 1422 2472 134.
1449 2432 1679 2462 asciscuntur

109 2479 190 2508 add.
216 2479 254 2508 L.
376 2487 446 2517 135.
479 2482 591 2519 atque
616 2479 866 2509 innocentiam
889 2479 970 2509 add.
999 2478 1036 2508 L.
1159 2480 1229 2516 136.
1264 2487 1336 2507 non
1364 2476 1503 2514 vulgari
1529 2475 1609 2505 add.
1637 2474 1676 2503 L.

113 2531 184 2560 137.
210 2522 336 2562 procul
354 2533 420 2553 om.
441 2523 480 2552 L.
594 2523 640 2552 L:
666 2523 886 2562 ablegantur
902 2521 984 2552 MS.
1106 2531 1176 2560 140.
1204 2521 1233 2551 si
1249 2531 1361 2561 quam
1381 2520 1519 2549 habent
1537 2518 1617 2548 add.
1638 2517 1676 2546 L.

111 2566 185 2596 sore
203 2566 282 2596 add.
304 2566 340 2596 L.
447 2568 562 2605 145—6.
588 2566 635 2596 ad
652 2566 774 2596 dulcia
793 2590 798 2596 .
820 2590 825 2595 .
847 2590 853 2595 .
873 2566 1081 2606 proniorem
1099 2566 1179 2595 add.
1202 2565 1238 2594 L.
1344 2572 1458 2601 151—2.
1488 2566 1677 2602 parentem

141 2633 147 2639 .
169 2633 174 2639 .
194 2609 314 2640 indole
331 2610 412 2640 add.
433 2610 470 2640 L.
566 2618 637 2648 153.
663 2610 951 2649 haudquaquam
970 2609 1163 2639 infeliciter
1180 2608 1262 2639 add.
1282 2608 1320 2637 L.
1428 2615 1498 2644 150.
1525 2610 1561 2635 et
1580 2604 1678 2634 omni

114 2677 119 2682 .
142 2677 148 2683 .
169 2677 174 2683 .
194 2664 353 2693 vnguem
370 2654 450 2684 add.
472 2654 508 2683 L.
605 2655 675 2684 161.
702 2654 883 2684 Nimirum
905 2677 910 2683 .
932 2677 938 2683 .
960 2677 965 2683 .
989 2654 1060 2683 180.
1086 2652 1204 2683 officio
1221 2652 1300 2682 add.
1325 2651 1349 2680 L

160 2743 274 2780 136—7.
302 2741 558 2772 Adolescentia
577 2765 582 2771 .
604 2765 609 2771 .
629 2765 634 2770 .
653 2741 860 2779 ablegatur]
929 2740 1150 2771 Occasionem
1177 2739 1305 2769 erroris
1330 2737 1490 2776 prarbuit
1508 2734 1681 2774 Rupilius

112 2785 156 2815 In
169 2785 232 2815 the
246 2785 318 2815 MS.
332 2786 505 2815 Erasmus
520 2785 720 2815 flrstwrotc
734 2785 861 2815 Adole-
930 2785 969 2814 in
1008 2783 1157 2823 epistola
1197 2793 1265 2821 qua
1304 2780 1494 2811 recensebat
1536 2778 1680 2809 nomina

112 2829 446 2860 scentesabacdibus
458 2829 663 2867 ableqantur
673 2829 740 2859 but
754 2828 860 2859 alter·
930 2828 1117 2858 liberorum
1153 2825 1415 2863 I'aunqmrrncrz'
1463 2822 1546 2861 (Ep.
1582 2827 1678 2860 3010,

112 2872 156 2903 cd
170 2873 198 2903 it
211 2877 250 2903 to
266 2873 509 2903 Adolescentia
522 2873 591 2903 iam
607 2873 727 2911 prima
740 2872 862 2902 statim
930 2882 951 2901 a
979 2872 1088 2901 letter
1116 2870 1209 2899 from
1224 2902 1227 2904 ,
1241 2870 1414 2898 Erasmus
1447 2871 1484 2896 to
1511 2866 1626 2900 l‘ilug.
1647 2878 1672 2887 Ξ

114 2917 156 2946 ab
173 2917 330 2948 aedibus.
349 2916 586 2956 overlooking
602 2917 665 2946 the
684 2916 783 2946 verb.
930 2915 1052 2945 Gotha
1071 2914 1157 2949 MS„
1172 2914 1287 2943 chart.
1305 2913 1346 2942 Α.
1363 2914 1436 2950 385,
1454 2910 1476 2939 f.
1493 2918 1533 2948 30
1549 2915 1581 2947 (7
1597 2908 1680 2948 May

162 2969 231 2998 159.
259 2960 402 2997 Daniel]
422 2961 450 2990 A
470 2960 627 2990 111istakc
647 2960 701 2990 for
719 2959 859 2989 David:
935 2958 1057 2997 1535)).

158 3022 278 3053 452.1o
886 3023 915 3049 Y

1692 293 1751 323 125

1692 563 1752 593 130

1693 831 1752 862 135

1695 1103 1754 1134 140

1695 1373 1755 1404 145

1697 1645 1757 1675 150

1698 1916 1756 1946 155

1698 2182 1759 2211 160
