1966 3379
136 117 254 165 2749]
546 111 616 149 TO
648 109 930 148 BONIFACE
961 106 1279 145 AMERBACH
1618 105 1692 142 135

188 217 226 255 S.
243 230 281 267 p.
324 216 533 266 Improbis
556 215 676 252 iuxta
701 213 969 263 prouerbium
994 215 1134 261 preter
1152 210 1413 247 occasionem
1436 208 1537 245 1111111
1560 208 1689 245 deest.

135 273 228 310 Tibi
250 271 303 309 ad
325 269 672 308 benefaciendum
690 269 827 305 omnis
844 267 1046 316 arripitur
1063 265 1237 302 occasio,
1289 264 1468 300 Animus
1486 268 1584 300 tuus
1608 263 1689 299 iam

133 327 232 366 olim
255 325 618 375 perspectissimus
640 326 745 367 erat,
768 326 812 359 et
834 334 928 358 cum
951 319 1141 357 strenula
1163 323 1205 356 et
1229 319 1316 354 sine
1345 317 1544 354 strenula.
1606 316 1691 353 Res

133 381 249 418 nulla
270 379 420 429 egebat
441 378 670 416 celeritate.
732 377 908 413 Poteras
930 375 1194 422 Hieronymo
1220 373 1497 409 committere.
1559 372 1693 408 Puero

133 436 204 484 qui
221 434 383 478 attulit,
402 432 498 470 dedi
515 437 600 470 tres
619 432 832 468 batzones.
880 430 1050 478 Hospiti
1068 427 1256 465 Anselmi
1274 439 1420 476 precor
1438 427 1577 463 onmia
1596 425 1689 462 lete.

186 489 299 526 Bene
320 487 426 525 vale.
477 497 527 535 27
549 487 615 523 die
637 485 833 523 Decemb.
860 494 974 532 1532.

186 560 235 597 D.
259 558 476 596 Bonifacio
498 556 791 594 Amerbachio.
852 554 1053 592 Basileae.

607 786 735 824 2750.
799 783 865 823 To
888 782 1018 822 -JOHN
1044 781 1221 821 FABER.

180 876 445 921 Copenhagen
464 874 546 909 MS.
568 873 613 907 G.
635 874 686 907 K.
709 873 745 906 S.
767 883 812 914 05
834 872 931 910 F01.,
952 872 979 904 f.
1005 874 1083 904 162.
1398 868 1645 911 *Freiburgy

182 927 224 959 L.
246 937 284 970 p.
305 935 373 968 93:
402 925 451 958 N.
473 935 511 968 p.
533 932 645 966 1070:
676 922 801 956 Lond.
824 921 945 954 xxvii.
967 922 1010 954 8:
1042 921 1122 953 LB.
1144 920 1247 963 App.
1269 921 1352 962 420.
1407 919 1494 951 '‘ffin.
1520 928 1645 959 1532.)

175 1004 248 1041 [An
274 1002 481 1042 autograph
508 1000 753 1041 rough-drast.
808 1001 864 1030 An
890 999 1147 1038 approximate
1174 997 1260 1027 date
1288 1007 1353 1026 can
1384 996 1427 1025 be
1451 995 1631 1035 assigned,
1658 1005 1696 1024 33

131 1047 306 1077 Erasmus
334 1045 501 1076 enclosed
529 1046 563 1075 in
598 1045 671 1075 this
704 1044 812 1074 letter
837 1054 857 1073 a
883 1053 977 1082 copy
1002 1042 1039 1072 of
1068 1041 1198 1071 More‘s
1229 1040 1338 1070 letter
1363 1040 1400 1070 of
1430 1049 1465 1079 14
1490 1039 1587 1069 June
1615 1048 1694 1077 153:

131 1091 214 1131 (Ep.
235 1091 346 1129 2659),
366 1090 481 1120 which
501 1089 572 1119 had
591 1089 680 1118 been
699 1087 852 1127 delayed
871 1097 969 1117 some
988 1085 1136 1116 months
1155 1084 1277 1114 before
1296 1083 1486 1123 dclivery}

213 1172 252 1198 R.
277 1172 316 1198 D.
340 1171 497 1197 IOANNI
521 1170 662 1196 FABRO
686 1168 894 1195 EPISCOPO
917 1167 1161 1193 VIENNENSI
1185 1165 1383 1192 ERASMVS
1405 1165 1499 1191 RoT.
1525 1164 1555 1191 S.
1581 1164 1619 1190 D.

187 1231 400 1268 TANTANE
426 1230 644 1268 celeritate
673 1229 811 1266 isthuc
841 1241 972 1277 Vsque
997 1226 1240 1277 peruolasse
1270 1238 1494 1269 rumorem,
1518 1224 1693 1261 clarissi—

132 1299 247 1324 mum
266 1287 404 1323 virum
423 1285 631 1322 Thomam
650 1284 815 1321 Morum
834 1283 922 1320 iure
939 1282 1184 1319 submotum
1203 1294 1226 1318 a
1245 1293 1416 1317 munere
1433 1279 1694 1320 Cancellarii,

131 1345 175 1378 et
197 1342 238 1378 in
261 1340 383 1377 liuius
405 1340 544 1377 locum
567 1343 836 1387 surrogatum
859 1337 987 1374 alium
1012 1336 1208 1377 nobilem,
1232 1336 1303 1384 qui
1325 1335 1518 1384 protinus
1543 1333 1694 1370 liberos

131 1396 351 1439 dimiserit,
373 1407 479 1443 quos
501 1394 643 1431 Morus
665 1393 718 1429 ob
747 1393 1014 1429 contentiosa
1041 1391 1243 1440 dogmata
1272 1390 1509 1427 coniecerat
1538 1389 1579 1425 in
1606 1389 1692 1425 vin-

132 1450 238 1487 cula.
298 1449 509 1486 Homerus
531 1447 696 1491 Ossam,
720 1446 928 1496 Vergilius
954 1446 1129 1483 Famam
1156 1449 1250 1482 toto
1275 1456 1449 1493 corpore
1476 1443 1621 1492 pennis
1647 1456 1694 1479 ac
1715 1453 1732 1482 5

132 1505 287 1554 plumis
310 1503 552 1547 subleuant,
570 1515 654 1551 quo
675 1501 892 1539 declarent
915 1500 985 1538 illa
1008 1500 1111 1537 nihil
1132 1512 1220 1536 esse
1242 1500 1462 1548 pernicius.
1514 1498 1570 1534 At
1593 1497 1695 1534 1111111

131 1559 255 1596 tarda
277 1558 478 1607 lentaque
496 1558 665 1594 videtur
682 1557 818 1593 omnis
840 1556 1003 1593 alarum
1022 1554 1226 1598 celeritas,
1246 1554 1279 1590 31
1300 1553 1353 1590 ad
1374 1553 1496 1590 liuius
1516 1553 1695 1589 rumoris

131 1614 359 1663 derepente
382 1617 472 1650 tam
501 1612 586 1649 late
612 1611 801 1660 diuagati
832 1610 1103 1647 velocitatem
1134 1609 1390 1646 conferatur
1450 1607 1528 1644 Vix
1557 1606 1696 1655 fulgor

131 1680 261 1717 ocyus
283 1668 458 1705 dimicat
486 1668 528 1704 in
556 1679 723 1703 omnem
755 1665 900 1702 mundi
929 1668 1107 1714 partem.
1169 1663 1419 1711 Quanquam
1450 1659 1594 1698 autem
1621 1661 1695 1698 hec

131 1722 277 1760 fabula
298 1726 544 1759 constanter
566 1734 637 1770 per
658 1721 847 1757 omnium
870 1732 943 1756 ora
967 1719 1191 1761 volitabat,
1209 1731 1282 1754 nec
1306 1717 1412 1754 vllas
1433 1730 1454 1753 e
1472 1716 1695 1753 Britannia
1721 1728 1756 1748 10

133 1777 297 1814 litteras
324 1789 562 1825 receperam
593 1778 709 1822 (nam
731 1775 918 1811 Thomae
942 1774 1046 1810 Mori
1068 1772 1262 1822 epistola,
1286 1784 1413 1820 quam
1438 1784 1548 1808 nunc
1575 1770 1628 1807 ad
1654 1776 1695 1807 tc

134 1832 272 1876 mitto,
290 1831 527 1880 complures
545 1842 709 1867 menses
730 1829 898 1866 heserat
920 1829 961 1865 in
983 1827 1197 1873 Saxonia),
1216 1832 1360 1864 tamen
1378 1825 1561 1863 sciebam
1581 1830 1696 1862 certo

132 1887 287 1923 certius
302 1886 578 1922 vanissimum
597 1897 685 1921 esse
703 1884 815 1932 quod
833 1883 1086 1920 iactabatur.
1124 1882 1337 1919 Noueram
1353 1882 1464 1918 enim
1482 1880 1694 1917 humanis-

132 1941 225 1977 simi
260 1941 463 1989 Principis
496 1940 719 1989 ingenium,
752 1942 915 1987 quanta
949 1937 1191 1975 constantia
1223 1936 1365 1973 foueat
1402 1936 1558 1972 31111003
1591 1947 1696 1983 quos

132 1995 259 2032 semel
281 1994 503 2043 complecti
526 1994 726 2033 instituit,
745 2005 958 2041 quamque
979 1995 1156 2038 grauate
1179 1991 1433 2028 submoueat
1454 2002 1695 2038 quenquam

133 2063 157 2086 a
178 2062 253 2086 suo
275 2049 432 2091 fauore,
455 2050 584 2086 etiam
608 2049 639 2085 si
662 2048 762 2096 quid
791 2048 943 2084 erroris
973 2047 1147 2083 humani
1177 2047 1217 2082 in
1247 2045 1326 2082 illis
1355 2044 1693 2094 deprehenderit.

134 2104 297 2141 Rursus
319 2116 519 2140 noueram
542 2103 729 2140 Thomae
753 2102 857 2151 Mori
880 2102 1183 2150 synceritatem
1205 2104 1335 2149 atque
1359 2101 1398 2136 in
1423 2099 1546 2136 rebus
1565 2100 1694 2135 maxi-

133 2160 211 2195 mis
234 2159 391 2208 pariter
412 2170 459 2194 ac
481 2158 665 2194 minimis
690 2156 880 2205 gerendis
902 2156 1218 2199 dexteritatem,
1241 2168 1289 2191 ac
1317 2166 1525 2202 nusquam
1556 2154 1694 2190 conni-

134 2226 229 2250 uere
252 2212 420 2249 solitam
442 2213 620 2249 eximiae
641 2211 859 2248 cuiusdam
884 2210 1134 2260 prudentiae
1152 2209 1431 2258 vigilantiam.
1480 2208 1572 2245 lmo
1594 2207 1694 2244 mihi

134 2267 364 2304 beneuolus
386 2267 514 2316 Regis
535 2279 633 2315 erga
662 2266 825 2303 Morum
853 2266 1020 2302 animus
1044 2266 1175 2312 magis
1202 2277 1252 2301 ex
1283 2276 1330 2300 co
1357 2262 1558 2311 liquebat.
1582 2262 1694 2310 quod

134 2321 251 2358 illum
284 2334 456 2359 munere
487 2321 827 2371 splendidissin'io
857 2320 1025 2369 quidem
1059 2319 1142 2361 illo,
1175 2319 1246 2355 sed
1280 2319 1415 2355 oneris
1445 2330 1492 2354 ac
1525 2316 1695 2366 periculi

135 2376 269 2426 pleno,
286 2376 518 2421 liberasset,
535 2388 662 2424 quam
678 2375 790 2423 quod
807 2379 930 2411 tantu
939 2388 977 2411 m
997 2374 1166 2411 lionoris
1181 2373 1395 2410 detulerit.
1434 2372 1570 2417 Quum
1586 2372 1693 2408 0111111

134 2430 192 2468 1111
220 2444 289 2468 eas
317 2430 496 2468 clitellas
527 2431 783 2467 detrectanti
815 2430 1050 2478 imponeret
1082 2429 1188 2473 Rex,
1218 2427 1452 2476 φιλόπατρις
1482 2431 1585 2467 erat,
1618 2426 1695 2461 sibi

134 2498 293 2534 suoque
315 2498 441 2533 regno
462 2485 735 2521 consulebat:
768 2497 896 2532 quum
926 2484 1091 2532 roganti
1113 2483 1331 2523 adimeret,
1354 2481 1581 2529 φιλόμωρον
1609 2494 1696 2516 sese

134 2539 390 2577 declarabat.
437 2539 529 2576 Illic
552 2540 725 2588 pietatis
746 2552 793 2575 30
814 2539 1062 2588 prudentiae
1085 2537 1251 2574 laudem
1276 2537 1463 2573 omnium
1488 2535 1693 2584 applausu
1719 2544 1732 2564 2

135 2595 380 2642 promeruit,
404 2595 474 2643 qui
497 2594 757 2643 prouinciam
781 2592 916 2630 multo
938 2592 1225 2630 difficillimam
1255 2592 1291 2628 01
1320 2591 1590 2629 commiserit,
1613 2602 1696 2637 quo

135 2661 216 2686 non
238 2653 329 2686 erat
351 2648 458 2686 alius
480 2649 521 2685 in
544 2661 592 2685 00
615 2660 742 2697 regno
766 2652 888 2685 tanto
917 2648 1031 2684 oncri
1061 2646 1310 2684 sustinendo
1339 2646 1469 2691 magis
1500 2644 1693 2680 idoneus:

179 2737 273 2766 2750.
305 2746 374 2766 1—2.
400 2736 640 2766 clarissimum
653 2736 771 2766 virum
787 2735 867 2765 add.
890 2736 924 2765 L.
1028 2745 1077 2764 21.
1106 2735 1204 2764 illum
1220 2734 1318 2764 3151:
1338 2744 1420 2762 011111
1438 2733 1471 2762 li.
1560 2741 1608 2760 ες.
1636 2731 1693 2760 110-

135 2780 271 2810 tulerat
291 2780 327 2810 L.
422 2789 471 2818 27.
498 2790 569 2810 non
588 2784 666 2810 crat
685 2780 787 2809 MR:
815 2779 911 2809 baud
927 2779 999 2818 scio
1016 2789 1061 2808 an
1081 2779 1128 2808 sit
1149 2778 1185 2807 L.
1278 2778 1375 2807 oncri
1395 2777 1475 2806 add.
1500 2776 1532 2804 Ι..

179 2900 273 2930 2749.
303 2909 330 2930 1.
358 2900 607 2940 prouerbium]
656 2900 719 2930 See
769 2900 878 2938 sidtu).
994 2900 1087 2929 2750.
1109 2908 1137 2937 3.
1157 2898 1267 2928 alium
1288 2897 1527 2933 110111101111811
1539 2895 1697 2924 Thomas

141 2944 232 2973 1068.
952 2943 1104 2982 Audley.

1719 2274 1757 2293 20
