1966 3379
469 69 586 107 THE
617 68 1006 107 COMPENDIUM
1038 67 1407 106 RHETORICES
1643 70 1723 107 405

208 174 272 211 Ex
294 175 614 223 comparatione
638 186 713 223 per
738 173 965 217 fictionem,
989 185 1121 222 quum
1144 173 1282 209 auctis
1304 172 1549 218 leuioribus,
1573 174 1725 210 crescit
1746 181 1808 211 235

152 228 267 278 quod
292 228 565 266 intendimus.
625 228 667 266 Si
696 228 774 265 hoc
802 227 882 265 tibi
911 228 1022 264 inter
1050 239 1225 264 coenam
1254 227 1491 272 accidisset,
1518 229 1612 276 quis
1640 240 1725 264 non

152 287 277 332 turpe
294 282 497 320 duceret?
543 283 593 320 In
615 287 740 320 coetu
762 295 862 320 vero
883 281 1031 332 populi
1053 281 1237 318 Romani
1262 282 1482 330 negotium
1504 281 1725 331 publicum

151 350 312 386 gerens,
335 338 537 387 magister
558 338 764 386 equitum.

152 391 222 429 Fit
244 396 288 429 et
309 393 397 429 sine
419 392 602 429 fictione.

208 462 272 499 Ex
295 463 633 506 ratiocinatione,
651 475 783 511 quum
805 475 856 499 ex
880 461 1136 511 quibusdam
1159 461 1375 499 adiunctis
1397 474 1506 510 quae
1524 461 1727 499 videntur
1748 473 1811 503 240

151 516 302 562 aliena,
339 517 554 566 colligitur
588 521 800 566 quantum
837 518 893 554 sit
932 517 1010 554 hoc
1044 516 1159 565 quod
1196 516 1473 553 intendimus.
1534 516 1598 553 Tu
1634 518 1727 553 istis

151 571 358 617 faucibus,
382 573 474 609 istis
496 571 715 617 lateribus,
738 572 822 608 ista
846 571 1104 620 gladiatoria
1132 571 1267 608 totius
1292 571 1481 620 corporis
1510 570 1726 616 firmitate,

152 630 324 664 tantum
351 627 437 663 vini
462 626 720 663 exhauseras
750 627 792 663 in
821 626 1005 675 Hippiae
1034 626 1209 675 nuptiis,
1237 629 1286 663 vt
1316 625 1524 675 postridie
1556 627 1599 663 in
1630 639 1726 663 con-

151 685 299 730 spectu
322 680 468 730 populi
491 680 678 718 Romani
699 682 904 730 cogereris
926 693 1109 719 vomere

206 750 442 801 Congeries,
460 764 592 800 quum
614 764 701 789 rem
723 751 902 789 eandem
920 751 1014 788 aliis
1032 755 1162 800 atque
1179 751 1273 788 aliis
1291 751 1432 789 verbis
1450 751 1726 789 inculcamus.
1750 763 1811 794 '245

151 805 314 843 Aderat
339 807 496 843 ianitor
520 807 712 850 carceris,
739 806 929 843 carnifex
957 807 1179 855 praetoris,
1203 819 1317 843 mors
1346 810 1566 855 terrorque
1599 807 1727 844 socio-

152 873 246 897 rum
267 865 311 898 et
332 861 490 898 ciuium
513 860 822 906 Romanorum,
845 861 970 898 lictor
993 859 1175 899 Sextius.

786 964 1097 1015 Locupletatio.

204 1030 270 1067 Ad
311 1031 476 1080 copiam
516 1030 694 1075 faciunt,
736 1031 924 1068 varietas
963 1030 1321 1079 propositionum,
1364 1030 1595 1074 rationum,
1632 1042 1727 1068 con-

151 1084 455 1130 firmationum,
486 1085 699 1129 similium,
730 1084 1013 1129 dissimilium,
1039 1084 1345 1134 exemplorum,
1375 1098 1557 1134 quorum
1586 1084 1730 1134 aliqua
1752 1096 1814 1125 250

152 1144 325 1177 vetusta
347 1144 461 1185 sunt,
484 1140 568 1177 alia
588 1141 838 1183 recentiora,
861 1139 1072 1188 quaedam
1094 1141 1275 1189 poetica,
1299 1144 1379 1177 etc,

151 1194 373 1232 Accedunt
403 1195 641 1244 prouerbia,
674 1196 912 1232 sententiae
944 1195 1100 1239 variae,
1132 1194 1513 1244 apophthegmata,
1548 1194 1729 1244 apologi,

152 1249 268 1286 dicta
289 1249 516 1287 celebrium
539 1254 741 1287 autorum
763 1254 843 1287 etc.

822 1351 1062 1390 Schemata.

207 1417 426 1463 Quaedam
445 1418 666 1456 schemata
683 1418 850 1456 faciunt
872 1418 925 1455 ad
948 1418 1263 1456 iucunditatem
1281 1419 1500 1463 orationis,
1520 1418 1731 1468 quaedam
1753 1429 1814 1458 255

152 1472 207 1510 ad
232 1473 559 1517 vehementiam,
583 1473 794 1522 quaedam
821 1473 875 1510 ad
902 1474 1255 1523 perspicuitatem
1278 1477 1321 1510 ct
1343 1473 1618 1511 euidentiam.
1680 1473 1731 1510 In

152 1527 309 1576 quibus
330 1527 528 1564 omnibus
547 1532 697 1577 regnat
714 1527 981 1576 metaphora,
1000 1541 1097 1565 cum
1116 1527 1195 1565 sibi
1214 1529 1407 1577 cognatis
1425 1528 1730 1574 schematibus,

153 1581 231 1619 hoc
253 1586 319 1619 est
340 1582 580 1627 collatione,
603 1583 827 1627 effictione,
851 1583 1046 1632 imagine,
1069 1587 1149 1621 etc.

867 1687 1007 1725 Mores
1028 1691 1072 1725 et

209 1739 451 1790 Supersunt
473 1741 653 1779 affectus
1754 1746 1818 1774 260

868 1796 1197 1835 Commotiones.

816 1911 944 1938 FINIS.
