1966 3379
129 193 251 242 2666]
1644 189 1695 226 43

468 349 658 400 26662667
722 344 789 384 To
822 344 1056 384 AMBROSE
1090 343 1357 384 PELARGUS.

179 426 380 469 Pelargus,
403 424 578 458 Bellaria
597 424 643 457 f0.
666 423 728 457 ΒΘ.
1308 423 1557 466 (Freiburg.)

1217 477 1270 512 <c.
1290 472 1390 516 July
1409 472 1497 505 init.
1522 477 1649 514 1532>

174 557 264 596 [The
281 557 409 588 letters
428 557 463 586 in
481 557 545 587 the
562 556 722 586 Bellarc'a
738 565 811 590 are,
832 555 887 585 for
904 555 967 585 the
985 558 1082 585 most
1100 558 1196 594 part,
1213 555 1361 594 printed
1379 555 1415 585 in
1433 554 1698 594 chronological

129 611 308 641 sequence
321 613 328 636 ;
354 611 413 630 see
425 600 494 640 Ep.
509 600 594 636 2169
608 599 741 630 introd.
791 599 887 639 Epp.
904 600 1055 637 2666-77
1069 608 1167 628 seem
1181 603 1220 629 to
1235 599 1329 629 form
1342 609 1363 629 a
1375 599 1484 628 series
1498 599 1700 629 concerned

130 646 219 675 with
237 644 422 684 Pelargus'
440 644 627 674 Iudicium
647 667 651 673 .
675 668 680 673 .
702 667 708 673 .
727 643 767 673 dc
784 643 1097 673 Declaratz'onibus
1115 642 1160 672 D.
1179 642 1325 673 Erasmi
1343 643 1437 673 Rote.
1457 643 1503 672 ad
1521 642 1701 673 Censuras

130 689 289 719 Lutetiae
314 688 490 725 (Bellaria
514 687 730 727 B7—GSv0.),
751 686 888 717 offered
914 686 963 726 by
987 686 1162 725 Pelargus
1186 687 1222 716 in
1248 696 1422 726 response
1447 690 1487 716 to
1512 686 1698 716 Erasmus'

130 736 278 772 request
306 732 363 762 for
390 731 563 762 criticisin
592 731 715 761 before
743 731 807 761 the
836 729 1064 770 publication
1091 730 1128 760 of
1156 729 1220 760 the
1247 730 1382 760 second
1410 730 1549 760 edition
1575 730 1613 760 of
1637 730 1701 760 the

130 776 406 811 Declarationes,
434 775 553 810 Basle‚
584 775 740 811 Froben,
769 774 871 814 Sept.
904 782 997 812 1532.
1046 773 1111 804 W'e
1140 774 1233 804 have
1262 774 1447 804 therefore
1472 773 1601 813 placed
1627 774 1702 804 this

129 830 245 860 group
262 819 361 859 early
379 820 415 849 in
432 819 549 859 July.]

154 889 354 916 ERASMVS
375 889 500 916 ROTE.
525 888 835 915 ERVDITISSIMO
856 887 1089 915 THEOLOGO
1112 888 1150 914 D.
1174 887 1397 914 AMBROSIO
1419 887 1620 914 PELARGO
1642 886 1675 914 S.

178 949 330 987 COGOR
344 961 638 998 recognoscere
653 948 974 986 Declarationes
989 960 1116 992 111663,
1132 947 1414 997 typographis
1431 947 1701 996 efflagitanti-

131 1005 222 1042 bus.
273 1003 412 1053 Quare
431 1008 471 1041 te
489 1016 601 1053 rogo,
621 1004 770 1040 mittas
787 1015 894 1052 quae
912 1003 1086 1047 notasti,
1104 1007 1154 1040 vt
1170 1002 1339 1039 videam
1362 1003 1396 1039 si
1417 1002 1519 1051 quid
1541 1001 1704 1039 faciant

131 1060 173 1096 in
189 1071 277 1096 rem
295 1071 446 1096 meam.
492 1058 588 1096 Non
601 1058 711 1095 enim
727 1061 792 1095 est
805 1058 973 1094 animus
988 1056 1234 1094 Lutherana
1250 1057 1354 1094 meis
1370 1056 1616 1093 admiscere.
1663 1055 1705 1093 Si

131 1113 373 1162 placebunt,
397 1125 482 1150 non
503 1116 569 1150 est
589 1112 703 1161 quod
724 1112 891 1150 labores
913 1112 964 1149 de
991 1111 1281 1149 describendo.
1342 1111 1493 1148 Habeo
1520 1110 1705 1148 famulos

131 1169 202 1217 q'ui
224 1167 327 1205 nihil
349 1180 435 1205 non
455 1167 614 1217 legunt.
675 1166 797 1212 Quod
828 1167 862 1204 si
890 1170 939 1204 tu
966 1166 1083 1204 voles
1109 1165 1356 1211 describere,
1379 1178 1464 1203 non
1493 1165 1614 1203 fuero
1644 1165 1703 1202 in·
1725 1174 1743 1204 5

131 1226 290 1272 gratus.
341 1222 485 1260 Nolim
514 1226 659 1260 tamen
687 1221 765 1259 hoc
787 1221 943 1259 laboris
966 1221 1190 1271 suscipere,
1213 1221 1293 1258 nisi
1323 1225 1422 1270 post
1451 1224 1625 1270 gustum
1648 1220 1706 1257 rei

133 1277 338 1314 fuerimus
360 1277 608 1326 colloquuti.

188 1331 300 1370 Bene
321 1331 624 1381 vale‚·Pelarge
645 1331 904 1369 charissime.

973 1385 1178 1423 Erasmus
1200 1385 1517 1423 Roterodamus
1538 1388 1651 1422 tuus,

440 1578 631 1630 26672668
696 1574 834 1615 FROM
867 1574 1099 1615 AMBROSE
1132 1574 1402 1616 PELARGUS.

184 1654 388 1698 Pelargus,
410 1653 579 1688 Bellaria
598 1653 645 1688 fo,
668 1653 717 1687 Β8
738 1659 795 1687 v0.
1320 1654 1570 1698 (Freiburg)

1226 1710 1280 1743 <c.
1300 1703 1401 1748 July
1420 1703 1508 1737 init.
1533 1708 1660 1746 1532>

357 1797 520 1824 AMBRO.
544 1797 771 1824 PELARGVS
794 1797 915 1824 ERAS.
940 1797 1158 1824 ROTEROD.
1182 1797 1428 1824 THEOLOGO.
1452 1797 1485 1824 S.

192 1857 410 1895 LIBERAVI
424 1858 613 1900 tandem,
631 1858 696 1894 vir
712 1858 878 1903 eximie,
895 1857 1021 1895 fidem
1039 1870 1191 1902 meam,
1209 1862 1253 1895 et
1269 1856 1479 1895 Censuras
1497 1856 1712 1895 Sorbonae

139 1912 386 1950 Parisiensis
408 1925 503 1950 cum
526 1912 898 1950 Declarationibus
919 1913 1017 1957 tuis,
1040 1912 1091 1950 de
1113 1912 1268 1961 quibus
1290 1925 1356 1950 me
1381 1925 1523 1949 meum
1552 1912 1713 1961 rogasti

138 1967 353 2012 iudicium,
376 1967 569 2017 diligenti
597 1979 725 2017 opera
752 1967 927 2005 contuli.
986 1967 1133 2004 Adieci
1163 1971 1206 2004 et
1236 1980 1288 2004 ex
1316 1966 1485 2004 Genesii
1513 1967 1712 2011 censuris,

138 2034 246 2070 quae
267 2021 370 2058 mihi
392 2022 564 2071 quidem
584 2026 738 2060 notatu
761 2022 889 2071 digna
911 2021 1182 2060 videbantur.
1244 2022 1375 2059 Porro
1396 2021 1606 2070 quaedam
1628 2034 1714 2059 non

138 2076 275 2126 attigi,
302 2077 390 2114 siue
418 2077 533 2125 quod
560 2077 646 2126 ipse
673 2089 723 2114 ea
751 2076 1002 2114 iamdudum
1031 2077 1280 2126 reposueris,
1303 2077 1392 2114 siue
1419 2076 1533 2125 quod
1562 2088 1713 2125 parum
1734 2088 1752 2118 5

139 2134 215 2168 aut
236 2131 340 2168 nihil
362 2131 522 2169 faciant
543 2131 597 2168 ad
620 2144 707 2169 rem
730 2131 1026 2181 theologicam,
1045 2132 1133 2168 siue
1154 2131 1269 2181 quod
1290 2132 1458 2168 veriora
1479 2131 1564 2168 sint
1585 2143 1714 2179 quam

140 2189 188 2222 vt
209 2185 275 2222 vel
298 2186 465 2223 Momus
486 2190 647 2236 carpat.
707 2185 749 2223 Si
770 2186 873 2235 quid
894 2190 960 2223 est
981 2186 1096 2235 quod
1117 2199 1166 2223 ea
1187 2187 1230 2223 in
1252 2199 1295 2223 re
1322 2190 1493 2235 gratum
1522 2185 1601 2222 tibi
1622 2184 1714 2230 feci,

139 2241 243 2277 satis
263 2241 426 2289 gratiae
447 2241 643 2278 habitum
666 2240 770 2278 mihi
798 2241 997 2286 arbitror,
1021 2241 1055 2278 si
1082 2253 1148 2278 me
1176 2244 1220 2278 et
1247 2253 1391 2278 amare
1420 2253 1504 2277 non
1533 2239 1714 2285 desinas,

139 2298 183 2332 et
211 2294 311 2332 haec
340 2300 500 2340 nostra,
526 2297 867 2344 quae<cum>que
898 2299 1012 2341 sunt,
1041 2307 1118 2345 pro
1145 2299 1223 2333 tua
1249 2295 1458 2332 facilitate
1490 2295 1590 2332 boni
1618 2307 1714 2331 con-

141 2348 266 2387 sulas.
328 2349 581 2399 Quanquam
614 2363 724 2388 nunc
755 2351 942 2400 primum
976 2350 1112 2395 video,
1148 2362 1279 2399 quam
1314 2350 1466 2387 duram
1495 2350 1586 2398 cepi
1621 2360 1777 2398 pro-10

140 2405 335 2449 uinciam,
359 2417 488 2453 quam
517 2404 669 2442 vellem
697 2410 775 2442 aut
804 2417 888 2442 non
916 2418 941 2442 a
968 2409 1011 2443 te
1039 2417 1129 2442 esse
1156 2405 1378 2449 traditam,
1401 2408 1478 2441 aut
1505 2404 1608 2440 mihi
1631 2416 1716 2440 non

141 2463 394 2508 susceptam.
437 2459 548 2497 Nam
570 2460 673 2497 dum
695 2460 773 2497 tibi
791 2460 1015 2509 obsequor,
1031 2459 1133 2497 dum
1151 2459 1202 2496 de
1220 2459 1390 2508 scriptis
1407 2459 1493 2495 tuis
1509 2459 1717 2495 extimare

141 2513 374 2563 aggredior,
411 2515 698 2563 praesentisco
737 2518 948 2563 quantum
990 2514 1092 2551 mihi
1133 2513 1344 2552 malorum
1381 2514 1469 2563 ipse
1505 2525 1715 2550 accersam

141 2571 271 2617 atque
301 2569 432 2606 etiam
462 2569 695 2614 attraham,
731 2569 879 2607 itidem
916 2573 964 2606 vt
995 2568 1166 2607 Caecias
1198 2569 1344 2606 nubes.
1405 2567 1514 2605 Nam
1548 2571 1718 2617 praeter

141 2623 326 2660 inuidiae
357 2623 583 2672 litiumque
614 2624 851 2668 materiam,
874 2636 1003 2673 quam
1035 2623 1113 2661 hoc
1142 2623 1246 2660 mihi
1273 2626 1526 2672 argumento
1556 2622 1715 2671 paraui,
1741 2631 1776 2661 15

142 2676 219 2714 hoc
250 2690 418 2727 quoque
448 2677 642 2715 futurum
675 2679 897 2728 prospicio,
930 2682 979 2715 vt
1010 2678 1245 2715 multorum
1277 2678 1379 2714 mihi
1410 2676 1631 2714 subeunda
1661 2676 1717 2712 sit

143 2744 331 2777 censura,
363 2745 509 2769 eorum
541 2732 607 2770 vel
639 2734 836 2778 maxime,
868 2734 939 2782 qni
970 2734 1088 2783 prius
1120 2733 1281 2769 habent
1315 2732 1590 2781 pertinaciter
1619 2743 1714 2767 eon-

145 2786 316 2823 tendere
347 2799 475 2835 quam
507 2788 681 2825 veritati
709 2788 949 2825 concedere.
1012 2787 1075 2824 Ad
1107 2787 1209 2824 haec
1240 2786 1357 2823 nulla
1386 2787 1550 2822 ratione
1578 2786 1715 2821 vitare.

144 2842 278 2890 potui,
300 2842 401 2890 quin
423 2841 603 2879 alteram
628 2846 792 2892 partem
814 2842 1018 2879 offensam
1049 2842 1152 2879 mihi
1179 2841 1371 2879 habeam.
1434 2840 1485 2877 vt
1495 2841 1580 2876 rius
1604 2839 1715 2876 enim

145 2896 303 2944 scripta
335 2900 453 2933 creta
488 2897 618 2945 (quod
653 2897 826 2944 dicitur)
860 2898 1023 2941 notaui,
1065 2909 1232 2933 neccsse
1272 2899 1365 2932 erat
1405 2894 1586 2931 alteram
1622 2897 1718 2930 atro
1740 2905 1778 2925 20

190 2994 285 3024 2667.
313 3004 341 3033 3.
368 2995 527 3032 Genesii]
578 2995 897 3035 Sepulveda—the
965 2995 1206 3035 Sepulveda's
1250 2993 1492 3032 Antapoloyia
1532 2993 1604 3029 (sce
1648 2991 1715 3031 Ep.

146 3047 312 3068 censurae
332 3047 393 3069 are
414 3039 649 3080 presumably
668 3040 779 3070 taken
803 3040 896 3069 froin
966 3045 1050 3078 2037
1069 3039 1232 3073 intrmL).
