1966 3379
266 120 346 157 310
696 120 954 158 LETTERS
985 120 1055 158 OF
1087 119 1353 159 ERASMUS
1715 123 1838 170 [1533

205 238 247 268 30
266 225 424 261 viatico
444 224 738 261 dimittuntur.
789 223 1012 273 Quotquot
1033 226 1143 261 enim
1168 225 1291 261 huius
1316 224 1482 261 artificii
1508 228 1621 270 sunt,
1649 237 1835 274 quocun—

266 292 347 328 que
369 279 560 322 veniunt,
584 279 764 316 veniunt
784 292 808 315 a
831 278 1069 316 latronibus
1091 279 1275 328 spoliati.

321 332 401 369 Sed
430 332 609 369 facetius
636 336 713 377 est,
743 332 857 381 quod
886 333 1077 369 nonnulli
1100 338 1297 381 questum
1328 333 1438 370 hunc
1465 337 1678 370 venantur
1706 333 1759 370 ab
1789 334 1837 370 iis

266 400 373 436 quos
403 387 653 424 existimant
685 387 863 424 Erasmo
894 387 1002 424 male
1034 387 1152 424 velle.
1212 387 1339 436 Apud
1370 399 1476 435 quos
1508 388 1614 424 mira
1645 393 1835 433 narrant,

266 441 336 478 alii
374 442 597 478 Erasmum
631 453 740 490 equo
772 441 993 490 delapsum
1025 441 1198 490 fregisse
1229 441 1448 486 ceruicem,
1480 441 1550 478 alii
1586 441 1837 479 decumbere

206 509 245 539 35
267 496 414 533 morbo
455 495 767 540 immedicabili,
809 495 880 533 alii
921 495 1137 545 sepultum
1172 508 1284 532 esse:
1328 508 1388 540 ac,
1429 508 1479 532 ne
1520 497 1614 545 quis
1654 496 1836 541 dubitet,

265 550 434 587 addunt
452 550 604 594 locum,
626 563 800 594 annum,
820 563 1018 594 mensem,
1042 550 1153 587 diem
1171 554 1213 586 et
1232 550 1399 594 horam3
1433 555 1659 599 postremo,
1678 552 1838 600 seipsos

266 605 451 641 adfuisse
469 604 699 654 sepulture,
722 617 769 641 ac
793 604 1008 642 tumulum
1031 604 1215 640 calcasse
1237 604 1355 653 pede.
1407 604 1493 641 Nec
1515 604 1744 642 defuerunt
1766 606 1837 653 qui

267 663 527 708 spargerent,
558 659 781 696 Erasmum
811 671 894 695 vna
922 671 1018 695 cum
1047 658 1379 708 Occolampadio
1406 671 1574 695 caesum
1605 660 1731 707 virgis
1758 660 1836 696 eie-

265 720 382 750 ctum
421 713 599 750 Basilca.
661 713 717 750 Et
752 713 814 749 his
854 713 1133 750 histrionibus
1169 726 1193 750 a
1228 726 1304 749 suo
1340 713 1619 762 applauditur
1653 714 1836 751 theatro.

205 781 247 812 40
266 768 489 817 Quumque
522 768 650 805 toties
687 780 750 804 res
787 768 877 817 ipsa
908 768 1145 804 vanitatem
1181 767 1348 804 illorum
1384 767 1659 817 redarguerit,
1692 773 1837 805 tamen

266 835 350 859 non
383 822 515 871 pudet
551 822 729 859 subinde
764 821 917 858 similia
952 822 1202 869 confingere.
1256 821 1437 871 Oportet
1469 823 1580 859 enim
1618 823 1839 871 insigniter

267 877 532 926 perfricuisse
560 876 758 921 frontem,
788 877 860 925 qui
889 876 996 913 tales
1024 880 1158 925 agunt
1185 876 1367 913 fabulas.
1419 876 1476 913 At
1501 876 1734 926 periculum
1760 881 1837 921 est,

268 945 316 968 ne
350 944 421 980 per
452 931 527 967 hos
560 931 636 967 fiat
666 936 713 967 vt
745 943 795 967 ne
826 935 919 967 tum
950 930 1119 979 quidem
1153 930 1300 967 credar
1332 932 1422 967 vita
1449 931 1676 968 defunctus
1705 944 1837 980 quum

267 999 413 1022 reuera
445 985 555 1022 diem
587 985 731 1022 obiero
762 998 1020 1034 supremum,
1053 985 1125 1033 qui
1157 985 1348 1034 profecto
1380 985 1545 1034 longius
1575 986 1721 1022 abesse
1754 998 1838 1022 non

205 1053 246 1083 45
267 1044 420 1089 potest,
444 1044 536 1076 tum
559 1041 659 1084 seni,
678 1043 770 1076 tum
789 1039 1116 1084 valetudinario,
1135 1044 1227 1076 tum
1248 1043 1316 1077 tot
1332 1039 1549 1077 laboribus
1566 1053 1613 1077 ac
1633 1039 1839 1077 molestiis

266 1095 488 1131 excercito.
540 1094 694 1131 Verum
727 1094 877 1131 horum
909 1106 975 1131 me
1006 1094 1189 1139 miseret,
1222 1094 1377 1143 quibus
1408 1093 1512 1131 nihil
1545 1094 1659 1131 aliud
1692 1107 1838 1143 precor

266 1161 394 1198 quam
417 1152 603 1185 mentem
626 1148 841 1185 meliorem
863 1148 967 1185 dari.

322 1203 387 1240 Ad
409 1203 690 1240 encomiastas
716 1215 831 1239 meos
856 1202 994 1247 redeo,
1021 1215 1202 1251 quorum
1228 1203 1407 1240 technae
1433 1203 1692 1241 dissimulari
1721 1208 1836 1252 pote-

266 1262 376 1302 rant,
400 1258 478 1294 nisi
506 1257 681 1306 quidam
710 1258 835 1294 nimis
861 1257 1133 1306 impudenter
1160 1262 1437 1307 emungerent
1458 1258 1628 1303 amicos>
1652 1270 1838 1295 summas

206 1325 248 1354 5ο
267 1325 351 1349 11011
374 1312 604 1348 mediocres
625 1324 650 1349 a
671 1311 879 1349 diuitibus
900 1324 948 1348 ac
971 1311 1233 1361 principibus
1253 1316 1559 1361 extorquentes
1581 1317 1629 1349 vt
1651 1325 1724 1362 per
1745 1311 1838 1349 illos

267 1367 500 1403 obstrictus
522 1366 632 1411 fiam,
655 1378 864 1415 cogarque
881 1367 1039 1415 gratias
1053 1379 1174 1415 agere
1191 1379 1336 1404 eorum
1354 1367 1522 1404 nomine
1539 1379 1644 1416 quos
1661 1371 1735 1404 aut
1754 1379 1838 1403 non

267 1422 367 1458 noui
389 1424 465 1458 aut
487 1420 594 1457 tales
616 1422 715 1457 noui
736 1425 783 1458 vt
807 1420 926 1457 nulla
947 1433 990 1457 re
1016 1420 1128 1458 bona
1149 1421 1298 1470 dignos
1324 1422 1576 1458 existimem.
1628 1421 1662 1458 E
1692 1420 1837 1458 multis

267 1488 402 1524 pauca
426 1475 616 1520 referam,
639 1488 724 1523 quo
746 1475 896 1512 rideas.
947 1475 1060 1512 Ante
1077 1488 1211 1512 annos
1228 1476 1312 1512 iam
1333 1475 1463 1513 ferme
1485 1475 1629 1513 decem
1646 1475 1837 1512 Basileae

267 1530 432 1566 iuuenis
454 1529 627 1578 quidam
650 1530 693 1567 in
714 1542 857 1579 pugna
878 1529 1178 1579 deprehensus,
1196 1529 1311 1579 quod
1327 1530 1381 1567 ad
1398 1529 1673 1567 inclamatam
1691 1542 1838 1579 pacem

207 1596 246 1625 55
266 1583 454 1633 gladium
475 1583 660 1621 noluerit
682 1584 921 1629 recondere,
944 1585 1058 1633 quod
1080 1585 1138 1622 ibi
1160 1586 1319 1622 crimen
1340 1588 1406 1621 est
1426 1589 1598 1622 tantum
1621 1596 1705 1621 non
1727 1585 1836 1633 capi-

266 1638 363 1683 tale,
393 1639 609 1675 coniectus
636 1642 729 1676 erat
750 1639 794 1676 in
822 1651 1046 1684 carcerem,
1076 1639 1178 1676 mihi
1203 1652 1255 1676 ne
1283 1639 1334 1676 de
1361 1639 1467 1676 facie
1495 1639 1667 1688 quidem
1696 1643 1836 1676 notus.

266 1692 465 1742 Suspicor
486 1693 718 1742 aliquando
738 1693 868 1730 fuisse
889 1706 941 1730 ex
963 1694 1099 1742 operis
1122 1693 1451 1743 typographicis.
1503 1693 1569 1730 Ab
1586 1694 1731 1730 amicis
1747 1706 1837 1742 per-

267 1747 413 1796 pulsus
435 1760 541 1791 sum,
564 1752 613 1785 vt
635 1760 708 1797 per
736 1747 863 1797 Regis
891 1748 1067 1797 Angliae
1095 1747 1297 1797 legatum,
1321 1748 1393 1796 qui
1416 1752 1509 1785 tum
1535 1748 1646 1785 forte
1674 1747 1837 1792 aderat,

268 1803 406 1838 virum
434 1803 585 1839 eximie
613 1802 855 1846 candidum,
889 1803 1161 1852 impetrarem
1193 1802 1253 1839 illi
1283 1803 1465 1840 veniam.
1524 1802 1663 1839 Pridie
1694 1806 1839 1839 orator

205 1861 247 1889 00
267 1856 439 1893 honoris
468 1857 606 1905 gratia
638 1869 714 1894 nos
745 1858 961 1901 inuiserat,
998 1857 1113 1906 quod
1146 1857 1376 1906 accepisset
1411 1869 1477 1894 me
1508 1869 1633 1906 super
1660 1869 1836 1905 occupa-

267 1911 403 1947 tiones
426 1923 510 1947 non
532 1912 635 1948 satis
657 1911 780 1949 firma
795 1924 885 1948 esse
903 1911 1162 1948 valetudine.
1216 1912 1272 1948 Et
1289 1915 1433 1948 tamen
1450 1911 1565 1960 apud
1583 1923 1648 1948 me
1666 1916 1837 1948 tantum

267 1965 405 2002 valuit
433 1965 701 2014 quorundam
730 1966 980 2015 efflagitatio
1002 1970 1050 2002 vt
1076 1965 1130 2003 ob
1157 1965 1276 2002 nihili
1304 1978 1515 2015 nugonem
1544 1965 1756 2014 prodirem
1784 1965 1838 2002 ad

268 2019 453 2068 legatum
482 2020 654 2069 regium,
684 2021 771 2069 ipse
799 2020 965 2069 legatus
993 2020 1149 2069 perditi
1174 2019 1409 2057 nebulonis.
1462 2019 1631 2069 Vesperi
1657 2020 1838 2057 conueni

268 2074 454 2122 legatum
484 2075 872 2123 occupatissimum,
901 2075 1077 2124 exposui
1100 2087 1187 2111 rem
1210 2075 1368 2124 paucis,
1399 2074 1603 2124 postridie
1632 2074 1838 2111 liberatus

205 2132 246 2168 65
267 2133 332 2165 est
360 2127 427 2164 ille
454 2128 645 2165 bellator.
698 2129 789 2166 Hoc
813 2128 1063 2166 beneficium
1091 2129 1195 2166 mihi
1222 2141 1376 2178 magno
1403 2129 1622 2165 estimauit
1650 2132 1837 2172 senatus

267 2187 523 2231 coactusque
552 2195 644 2220 sum
673 2183 734 2220 1111
759 2196 835 2233 pro
861 2196 910 2220 eo
935 2184 1094 2232 gratias
1118 2187 1317 2220 accurate
1344 2195 1478 2233 agere.
1530 2182 1743 2232 Expectas
1772 2182 1837 2219 hic

268 2241 316 2273 vt
338 2237 534 2274 dimissus
557 2237 624 2274 ille
647 2237 749 2274 mihi
770 2239 929 2287 gratias
949 2238 1111 2287 egerit?
1162 2237 1323 2275 Eodem
1345 2237 1412 2275 die
1433 2249 1517 2286 quo
1538 2237 1679 2274 fuerat
1696 2237 1837 2274 dimis-

267 2304 350 2333 sus,
374 2291 416 2327 in
438 2291 586 2328 edibus
607 2292 867 2341 typographi
888 2293 988 2329 vino
1010 2292 1122 2329 illius
1144 2291 1418 2336 temulentus,
1443 2292 1587 2341 lingua
1609 2293 1665 2328 sic
1687 2291 1836 2328 debac-

267 2345 420 2382 chatus
452 2350 516 2382 est
546 2347 589 2382 in
622 2346 848 2383 Erasmum
884 2350 933 2383 vt
963 2346 1126 2384 nudato
1156 2346 1298 2396 gladio
1328 2347 1602 2383 minitaretur
1630 2358 1774 2383 necem
1806 2346 1839 2382 si

207 2410 249 2441 70
267 2399 470 2436 adessem.
522 2400 733 2438 Postridie
761 2406 935 2450 rogatus
963 2414 1017 2438 an
1046 2401 1118 2438 illa
1146 2401 1324 2438 dixisset
1352 2413 1403 2437 ex
1431 2401 1587 2444 animo,
1615 2400 1839 2437 excusauit

266 2453 542 2499 ebrietatem3
578 2455 725 2492 efficax
757 2455 953 2505 apologia
984 2455 1099 2504 apud
1130 2455 1208 2492 hoc
1240 2454 1443 2492 tribunal.
1495 2454 1622 2491 Hunc
1654 2457 1719 2501 (vt
1749 2466 1837 2491 sus-

311 2551 362 2580 32.
389 2545 445 2571 est
464 2541 508 2571 L:
535 2542 584 2572 sit
601 2555 631 2572 α.
697 2552 749 2582 33.
776 2553 869 2583 quos
885 2543 977 2573 mira
993 2543 1075 2573 add.
1095 2543 1134 2572 L.
1203 2550 1256 2581 37.
1282 2542 1356 2572 Nec
1377 2567 1382 2572 .
1404 2567 1409 2572 .
1432 2566 1438 2572 .
1458 2551 1509 2581 39.
1537 2541 1680 2572 Basilea
1697 2541 1778 2571 add.
1798 2541 1838 2571 L.

268 2594 320 2623 50.
347 2595 412 2625 per
429 2585 508 2615 illos
525 2586 606 2615 add.
626 2586 664 2615 L.
790 2595 886 2626 52—3.
912 2586 942 2616 E
963 2610 969 2616 .
991 2610 997 2616 .
1020 2611 1026 2616 .
1045 2586 1164 2616 rideas
1180 2596 1247 2617 om.
1267 2586 1306 2616 L.
1435 2595 1487 2624 53.
1514 2585 1679 2616 Basileae
1697 2585 1777 2615 add.
1798 2585 1837 2615 L.

267 2638 321 2668 54.
346 2628 446 2668 quod
465 2640 504 2658 a:
530 2629 617 2668 quia
635 2629 673 2659 L.
749 2628 755 2633 ⁵
790 2639 840 2669 57.
868 2630 1146 2670 typographicis
1164 2629 1212 2659 L:
1240 2630 1471 2659 Frobeniano
1489 2641 1518 2658 α.
1638 2637 1690 2666 59.
1717 2629 1838 2659 virum

267 2672 399 2701 eximie
415 2671 614 2702 candidum
631 2673 712 2703 add.
731 2673 770 2702 L.
845 2681 897 2711 59.
924 2673 1044 2703 Pridie
1065 2697 1071 2703 .
1093 2697 1099 2703 .
1121 2698 1126 2702 .
1147 2675 1200 2712 63.
1226 2673 1420 2703 nebulonis
1437 2673 1518 2702 add.
1538 2672 1577 2702 L.
1655 2674 1708 2711 64.
1734 2681 1837 2702 occu-

268 2715 502 2755 patissimum
533 2739 540 2745 .
572 2740 577 2745 .
610 2740 616 2745 .
647 2717 773 2756 paucis
801 2717 882 2746 add.
912 2717 951 2746 L.
1107 2717 1160 2746 68.
1196 2716 1421 2756 typographi
1450 2716 1498 2746 L:
1537 2716 1776 2746 Frobenianis
1806 2727 1837 2745 α.

267 2761 320 2795 oo.
347 2769 472 2788 necem
490 2759 537 2788 L:
564 2759 651 2789 mihi
670 2772 700 2789 α.
793 2770 844 2799 71.
871 2760 999 2790 efficax
1019 2784 1025 2790 .
1047 2784 1052 2790 .
1075 2784 1081 2790 .
1101 2759 1265 2790 tribunal
1282 2759 1362 2790 add.
1383 2759 1422 2789 L.

313 2869 363 2906 58.
391 2868 567 2908 legatum]
593 2868 833 2908 Presumably
856 2869 1017 2899 Richard
1045 2898 1049 2901 ,
1086 2869 1301 2908 tionsgiven
1313 2868 1677 2908 himbyHenryvnI,
1690 2867 1839 2908 printed

269 2911 373 2947 Pace,
392 2912 473 2942 who
493 2922 567 2941 was
588 2916 671 2942 sent
693 2922 740 2942 011
763 2922 784 2942 a
806 2913 954 2943 mission
978 2917 1018 2943 to
1087 2913 1123 2942 in
1141 2913 1298 2948 Brewer,
1318 2912 1388 2942 vol.
1408 2921 1439 2951 3,
1459 2915 1544 2952 part
1562 2921 1592 2947 2,
1612 2922 1646 2951 p.
1670 2920 1762 2950 1223.

268 2955 505 2985 Switzerland
526 2956 562 2985 in
585 2964 677 2994 1523,
699 2965 756 2985 see
775 2956 838 2986 the
861 2957 1015 2986 instruc-
