1966 3379
493 102 610 140 THE
639 100 935 140 DONATION
968 100 1039 139 TO
1069 99 1388 139 GOCLENIUS
1640 103 1720 140 423

161 206 414 244 Academiae
437 206 712 244 Louaniensis
736 205 1077 242 moderatoribus
1102 205 1454 242 committeretur.
1514 204 1593 250 Qui
1622 218 1722 243 sane

162 273 258 298 cum
286 261 328 298 id
356 261 492 298 oneris
519 261 691 298 minime
718 260 970 304 detrectent,
998 259 1047 296 iis
1077 271 1201 296 omne
1230 260 1294 296 ius
1325 271 1465 296 meum
1497 258 1561 296 ἐπὶ
1591 259 1722 309 πάσης

162 314 344 360 ἐξουσίας
373 327 423 352 ea
452 314 539 364 lege
569 315 684 359 cessi,
716 318 766 351 vt
795 314 991 350 vniuersa
1021 314 1201 362 pecunia
1230 314 1272 350 in
1302 326 1402 350 vsus
1432 312 1632 350 Goelenio
1667 314 1720 351 ab

162 369 340 406 Erasmo
363 369 646 419 praescriptos
667 372 755 413 aut,
778 368 811 405 si
838 367 943 405 nihil
970 368 1222 404 nominatim
1250 368 1560 416 praescriptum
1588 372 1720 413 extet,

162 424 205 460 in
233 436 396 461 annuos
423 423 584 461 reditus
613 422 871 472 pauperibus
897 422 1063 470 aliquot
1093 421 1295 459 studiosis
1317 421 1483 468 ‚alendis
1512 422 1719 459 subserui-
1741 437 1781 467 25

163 482 282 515 turos
303 482 347 515 et
367 482 563 515 vertatur
583 481 626 514 et
647 476 890 521 collocetur,
913 477 1116 514 iuuenum
1142 476 1422 525 tri[n]linguis
1450 476 1533 513 illic
1559 476 1721 525 collegii

162 533 353 582 inprimis
388 533 597 569 rationem
637 531 783 568 haberi
818 530 977 568 volens
1037 530 1159 576 Quod
1198 535 1343 568 autem
1379 543 1404 567 a
1435 530 1592 568 clariss.
1630 531 1722 568 viro

163 586 213 624 D.
232 586 390 624 Ioanne
407 586 592 631 Altinae,
610 585 813 623 heredum
834 584 1023 623 Goelenii
1044 589 1239 634 patrono,
1257 585 1396 622 nescio
1416 597 1525 633 quae
1546 585 1722 622 donatio

162 641 443 690 pretenditur,
475 640 589 689 quod
620 640 731 677 bona
760 644 837 677 tua
866 652 969 689 paee
999 639 1161 677 dictum
1192 639 1333 685 velim,
1362 643 1412 676 vt
1438 639 1639 677 simulata
1667 640 1722 677 sit

163 695 403 733 subuereor.
462 694 573 732 Nam
608 707 742 743 ecquo
781 694 822 731 in
862 698 1121 731 testamento
1161 694 1326 731 Erasmi
1365 694 1568 743 pecuniae
1608 694 1721 743 apud
1742 707 1783 738 30

161 748 403 787 Conradum
442 747 690 786 Goelenium
730 748 949 798 depositae
986 753 1030 786 et
1064 749 1107 785 in
1142 748 1377 786 Brabantia
1415 747 1722 797 dispensandae

162 804 334 849 mentio,
369 805 402 841 si
434 805 518 841 iam
550 808 650 841 ante
685 803 847 840 donata
880 806 1002 840 erat?
1047 807 1124 840 aut
1159 803 1231 852 qui
1265 803 1377 840 idem
1410 802 1624 848 Erasmus
1658 804 1723 840 vir

162 858 351 896 omnium
373 858 678 907 integerrimus,
696 857 883 895 eiusdem
905 858 1106 907 pecuniae
1127 870 1338 895 sumniam
1360 870 1436 894 sua
1456 870 1587 894 manu
1609 857 1723 894 haud

161 913 223 950 ita
244 912 405 950 dudum
427 925 452 949 a
473 916 609 949 morte
631 913 834 961 scriptam
860 913 903 949 in
924 924 1022 949 suas
1043 912 1134 949 dati
1158 916 1202 949 et
1225 913 1389 961 accepti
1413 911 1584 949 tabulas
1610 916 1721 949 retu-

161 967 290 1012 lisset,
322 979 476 1016 easque
509 966 612 1004 mihi
647 966 790 1004 heredi
822 966 1117 1016 indispunetas
1152 966 1389 1015 relinquere
1423 966 1722 1004 sustinuisset?
1743 978 1783 1010 35

161 1021 285 1059 Addo
324 1020 571 1058 Goelenium
610 1021 741 1058 etiam
780 1033 805 1058 a
844 1033 909 1058 me
949 1021 1276 1070 dispensationis
1317 1033 1415 1070 ergo
1455 1021 1723 1058 admonitum

162 1076 404 1125 depositum
432 1076 602 1113 minime
627 1075 862 1113 inficiatum
890 1088 992 1120 esse,
1018 1076 1085 1112 cui
1115 1075 1474 1125 dispensationem
1505 1076 1724 1125 recipienti

162 1131 303 1167 omnia
342 1143 419 1168 sua
452 1130 670 1179 depositae
710 1131 912 1179 pecuniae
948 1129 1139 1179 ἰδιόχειρα
1174 1130 1262 1167 siue
1295 1129 1542 1178 χειρόγραφα
1581 1130 1647 1167 hic
1683 1130 1724 1166 in

161 1185 324 1222 seriniis
356 1184 522 1222 Erasini
554 1185 730 1222 inuenta
763 1185 979 1222 remittere
1012 1197 1097 1222 non
1128 1184 1338 1229 dubitaui,
1370 1188 1419 1221 vt
1451 1196 1502 1221 ex
1534 1183 1724 1234 epistolis

161 1240 317 1276 nostris
349 1239 463 1276 vltro
495 1239 686 1288 citroque
719 1239 856 1276 missis
886 1239 1163 1288 liquidissime
1194 1243 1376 1277 constat.
1437 1238 1494 1276 Et
1527 1238 1723 1288 qualiter,
1743 1251 1786 1282 40

161 1306 274 1343 rogo,
318 1293 493 1331 donatio
538 1293 652 1331 vltra
698 1306 908 1331 summam
949 1294 1037 1331 iure
1082 1293 1351 1344 praefinitam
1392 1306 1478 1330 non
1518 1294 1726 1331 iusiurata

159 1347 470 1386 sustinebitur?

216 1401 366 1448 Quare,
384 1403 449 1439 vir
465 1402 706 1448 clarissime,
724 1406 773 1440 vt
789 1406 889 1440 tuae
906 1402 1054 1440 literae
1071 1402 1186 1452 apud
1207 1415 1272 1440 me
1289 1403 1354 1440 tui
1370 1402 1726 1440 studiosissimum

160 1457 204 1494 in
226 1457 573 1494 commendandis
594 1457 687 1494 aliis
708 1456 940 1506 plurimum
968 1457 1166 1507 ponderis
1188 1457 1349 1495 habent
1369 1461 1413 1494 et
1433 1456 1725 1502 authoritatis,

161 1512 223 1549 ita
243 1524 321 1562 pro
342 1515 419 1549 tua
440 1512 685 1561 integritate
705 1511 809 1549 nihil
831 1516 874 1549 te
895 1524 1046 1562 cupere
1063 1512 1166 1549 mihi
1186 1512 1555 1562 persuasissimum
1577 1511 1725 1557 habeo,
1745 1521 1787 1554 45

161 1578 291 1615 quam
313 1565 426 1615 quod
452 1566 642 1603 iusticiae
667 1579 790 1603 suum
813 1567 964 1615 cuique
985 1566 1191 1604 tribuenti
1211 1579 1259 1604 ae
1281 1567 1588 1604 existimationi
1608 1579 1727 1604 meae

161 1620 476 1658 conseruandae
503 1621 644 1658 fraudi
669 1633 754 1658 non
779 1622 834 1658 sit
859 1620 1066 1658 futurum.
1126 1621 1239 1658 Bene
1266 1620 1372 1666 vale,
1396 1621 1460 1658 vir
1485 1620 1725 1658 clarissime.

162 1674 318 1712 Omnes
334 1678 497 1712 veteres
513 1675 577 1712 tui
594 1676 729 1721 amici,
747 1679 962 1725 quotquot
979 1675 1191 1721 salutasti,
1209 1680 1251 1713 te
1268 1680 1508 1713 reuerenter
1523 1679 1567 1713 et
1583 1688 1726 1713 aman-

161 1733 227 1767 ter
248 1729 496 1767 resalutant.

217 1784 407 1821 Basileae
428 1795 509 1821 1111.
533 1783 642 1822 Non.
666 1784 886 1823 Decembr.
909 1784 1031 1823 Anno
1056 1796 1146 1823 M.D.
1170 1795 1380 1823 XXXVIIII.
1748 1795 1789 1825 50

278 1932 315 1971 A
345 1934 411 1972 13.
476 1931 834 1973 MEMORANDUM
867 1943 925 1972 OF
958 1942 1242 1972 DOCUMENTS
1276 1943 1395 1972 SENT
1428 1943 1485 1972 To
1518 1943 1612 1971 THE

301 1991 601 2032 UNIVERSITY
623 2003 681 2032 OF
705 1992 923 2033 LOUVAIN
947 2003 1009 2031 ΒΥ
1033 1991 1277 2032 BONIFACE
1300 1991 1586 2032 AMERBACH.

213 2070 332 2104 Basle
349 2069 432 2104 MS.
453 2070 740 2105 Erasmuslade
759 2070 800 2111 C,
820 2071 848 2104 f.
872 2081 915 2115 14
935 2076 991 2104 v0.
1247 2077 1289 2112 <2
1308 2071 1530 2104 December
1552 2075 1678 2113 1539.)

433 2142 609 2180 [Written
627 2142 676 2182 by
692 2152 714 2173 a
731 2146 927 2183 secretary,
945 2142 1132 2173 corrected
1151 2142 1199 2183 by
1217 2142 1450 2180 Amerbach]

218 2206 537 2244 VNIVERSITATI
558 2206 775 2245 Louaniefi
798 2207 860 2256 (in
880 2207 1137 2245 Amerbach’s
1158 2207 1297 2255 hand).

217 2261 282 2298 Ex
314 2262 552 2299 inuentario
582 2262 789 2299 bonorum
825 2262 991 2300 Erasmi
1021 2275 1095 2312 per
1129 2262 1239 2300 infra
1272 2263 1476 2312 scriptum
1513 2262 1727 2299 notarium

163 2316 362 2353 vicesima
387 2316 452 2353 die
479 2316 576 2353 Iulii
601 2316 724 2354 Anno
753 2316 974 2354 millesimo
1002 2317 1340 2366 quingentesimo
1368 2317 1579 2355 tricesimo
1607 2320 1728 2354 sexto

163 2371 321 2419 scripto
341 2374 386 2407 et
407 2370 613 2409 confecto.

218 2424 329 2462 Item
364 2425 642 2475 chirographa
674 2425 884 2475 quaedam
917 2425 1099 2464 Conradi
1131 2424 1319 2463 Goelenii
1352 2426 1530 2463 Louanii
1565 2426 1728 2473 agentis
1747 2435 1766 2465 5

163 2479 428 2517 continentia
448 2492 656 2517 summam
684 2480 780 2529 plus
802 2481 940 2518 minus
961 2480 1076 2517 mille
1099 2485 1410 2529 nongentorum
1439 2484 1481 2517 et
1507 2481 1728 2527 sexaginta

162 2546 386 2571 aureorum
404 2533 537 2571 eidem
556 2534 738 2572 Domino
755 2534 954 2572 Goelenio
971 2535 1025 2572 ad
1047 2535 1377 2584 dispensandum
1395 2535 1726 2572 commissorum.

217 2587 348 2638 Copia
377 2588 583 2638 epistolae
612 2602 740 2626 manu
772 2589 957 2627 doctoris
990 2589 1197 2627 Bonifacii
1233 2589 1501 2627 Ainerbachii
1533 2589 1586 2625 ad
1622 2588 1726 2625 Con-

163 2642 313 2680 radum
346 2642 592 2681 Goclenium
628 2644 900 2693 perscriptae,
931 2645 1050 2681 cuius
1080 2645 1248 2681 initium
1279 2648 1344 2681 est
1376 2643 1609 2691 Euangelia
1644 2644 1728 2679 tuis

163 2692 374 2734 debentu'r
395 2697 527 2735 literis
548 2702 642 2743 ete,
665 2699 706 2735 in
727 2698 808 2735 fine
825 2711 926 2736 vero
947 2698 1097 2736 datum
1115 2698 1309 2735 Calendis
1325 2698 1584 2747 Septembris
1606 2697 1728 2734 Anno
1753 2707 1791 2727 10

165 2751 370 2788 milesimo
391 2752 727 2801 quingentesimo
751 2753 961 2790 tricesimo
982 2758 1103 2789 sexto
1125 2752 1338 2790 Basileae:

221 2805 364 2851 ‘Quod
390 2811 534 2843 autem
556 2811 628 2844 τοῦ
650 2807 1035 2856 σπουδαιοτροφείου
1060 2807 1173 2844 ἕνεκα
1196 2807 1397 2856 pecuniae
1419 2819 1443 2843 a
1466 2811 1507 2843 te
1529 2806 1727 2843 distribu-

164 2860 297 2897 endae
319 2862 553 2909 portionem
576 2862 697 2899 nobis
718 2863 1019 2900 communicari
1043 2863 1260 2911 petieram,
1279 2862 1463 2910 spuriam
1488 2860 1728 2898 huiusmodi

720 2929 751 2958 A
766 2929 815 2958 12.
842 2929 894 2967 38.
922 2926 1071 2967 ἷδίοχηρα
1089 2928 1170 2957 ilIS.
