1966 3379
273 154 320 190 16
699 153 956 192 LETTERs
987 152 1057 191 oF
1088 152 1353 192 ERASMUS
1717 155 1839 203 [1532

270 258 371 308 quid
386 258 629 304 Quantitas,
645 258 747 307 quid
762 257 967 303 Qualitas,
983 258 1085 307 quid
1100 258 1152 295 ad
1169 257 1354 307 Aliquid,
1370 262 1474 307 quot
1491 257 1626 295 modis
1643 258 1841 296 dicantur

191 327 249 358 135
269 314 487 363 Opposita,
509 318 612 362 quot
638 313 773 350 modis
795 313 954 361 aliquid
979 313 1043 350 vel
1061 314 1116 350 sit
1134 313 1176 350 in
1194 313 1288 357 alio,
1308 313 1373 350 vel
1391 312 1441 349 de
1459 312 1542 350 alio
1559 313 1838 362 praedicetur.

270 368 384 413 Quae
432 381 544 405 nune
592 372 691 404 sunt
738 368 948 404 elementa
993 380 1221 417 puerorum
1266 367 1320 404 ad
1367 367 1666 416 Philosophiae
1712 367 1839 405 limen

270 423 577 463 accedentium,
616 427 663 458 vt
705 423 882 459 istorum
926 423 1121 472 impietas
1162 423 1294 469 magis
1329 422 1385 458 sit
1421 422 1675 471 imputanda
1709 422 1841 459 falsae

270 478 544 526 persuasioni,
560 490 688 526 quam
709 477 1017 526 Philosophiae.
1068 478 1181 522 Quas
1199 477 1347 513 turbas
1364 477 1652 514 concitassent
1669 478 1709 514 in
1727 477 1841 521 orbe,

270 533 302 569 si
336 532 406 568 illa
437 545 604 581 quoque
635 532 948 577 degustassent,
971 545 1078 580 quae
1109 531 1361 569 Aristotcles
1392 531 1573 568 tradidit
1604 532 1665 568 De
1696 531 1842 569 formis

191 601 250 631 140
270 587 632 635 Syllogisrnorum,
665 587 726 623 ]')‹=
760 586 1221 631 Demonstrationibus,
1259 586 1314 623 Dc
1347 586 1526 635 Topicis,
1558 590 1599 623 et
1633 586 1841 630 Elenehis,

275 642 331 678 De
368 641 650 686 naturalibus,
684 646 727 678 et
760 642 808 677 iis
841 654 949 690 quae
983 645 1084 678 sunt
1122 641 1235 678 vltra
1271 641 1516 678 naturalia?
1574 639 1655 678 Sed
1687 641 1843 678 euehor

270 696 447 742 longius,
471 701 518 733 vt
541 697 582 732 in
605 696 883 745 praefatione.

325 751 477 799 Itaque
499 754 547 788 vt·
569 751 735 788 tiniam:
769 750 978 800 Quicquid
1002 751 1066 788 hic
1087 756 1149 788 est
1175 755 1344 788 nostrae
1367 750 1540 800 opellae,
1557 750 1634 787 tibi
1653 750 1842 788 dicatum

269 819 358 843 esse
381 806 507 850 volui,
533 805 704 843 Praesul
727 806 1000 855 amplissime,
1022 819 1106 843 non
1134 811 1305 843 tantum
1335 806 1388 843 ob
1414 805 1468 849 id,
1491 811 1537 842 vt
1568 806 1632 842 tui
1661 806 1843 843 nominis

191 872 249 903 145
270 861 479 898 lenocinio
509 860 712 897 studiosis
743 861 949 898 reddatur
979 861 1332 905 commendatius,
1362 873 1509 897 verum
1542 860 1680 897 multo
1711 861 1844 909 magis

271 920 319 953 vt
349 916 435 952 aeri
467 920 543 953 tuo
575 916 742 959 iudicio,
766 920 926 964 tuaque
959 916 1057 952 lima
1090 916 1165 952 fiat
1196 915 1486 953 emendatius:
1533 928 1630 952 nam
1662 916 1842 964 primam

271 983 445 1008 manum
468 970 521 1007 ad
546 975 586 1007 te
609 971 748 1007 mitto.
809 970 889 1007 Hic
912 971 944 1006 si
971 972 1064 1019 quis
1094 971 1195 1007 mihi
1222 971 1477 1007 temeritatis
1504 970 1641 1007 dicam
1671 970 1842 1013 scribat,

270 1025 375 1062 nihil
398 1025 512 1062 aliud
536 1025 727 1063 adferam
750 1025 803 1062 ad
826 1026 914 1062 eius
936 1026 1122 1063 criminis
1144 1026 1440 1075 purgationem
1470 1038 1596 1074 quam
1630 1029 1843 1069 naturam,

270 1085 313 1117 et
335 1080 412 1117 hac
442 1079 720 1117 valentiorem
743 1080 952 1118 diutinam
982 1080 1347 1118 consuetudinem.
1407 1079 1617 1117 Naturam
1646 1079 1845 1125 refingerc

191 1151 251 1181 150
271 1135 565 1173 difficillimum
587 1139 663 1179 est,
687 1135 759 1172 sed
782 1135 920 1172 multo
941 1135 1150 1173 difficilius
1172 1135 1384 1172 dediscere
1401 1135 1515 1184 quod
1538 1135 1728 1171 diutinus
1746 1147 1846 1171 vsus

272 1191 440 1240 penitus
468 1190 621 1234 infixit,
645 1194 858 1239 vtranque
887 1190 1010 1228 alteri
1039 1191 1227 1227 iunctam
1258 1194 1423 1227 mutare
1452 1202 1624 1239 prorsus
1653 1188 1846 1226 ἀδύνατον

271 1245 458 1282 arbitror
480 1245 653 1282 homini.
706 1244 801 1282 Θεοὶ
823 1244 868 1282 δέ
886 1261 929 1282 τε
951 1244 1080 1282 πάντα
1098 1244 1294 1282 δύνανται.
1346 1244 1403 1281 At
1418 1244 1571 1287 isthuc,
1589 1245 1764 1293 inquies,
1780 1248 1845 1280 est

271 1312 470 1337 accusare
499 1300 696 1349 teipsum,
726 1301 870 1349 potius
900 1313 1029 1349 quarn
1060 1313 1274 1337 excusare.
1335 1298 1445 1344 Quid
1477 1299 1606 1336 facias
1621 1304 1635 1335 ’ἐ
1695 1298 1844 1348 Saepc-

270 1367 446 1391 numero
465 1359 608 1392 tamen
626 1355 740 1404 apud
759 1355 1009 1392 elementem
1027 1355 1207 1392 iudicem
1227 1355 1394 1391 veniam
1410 1354 1643 1404 promeruit
1663 1354 1845 1399 ingenua

192 1425 250 1455 155
271 1409 421 1459 eulpae
442 1409 662 1447 confessio.
722 1409 849 1447 Cuius
872 1414 1015 1447 tamen
1037 1414 1203 1459 partem
1227 1409 1426 1457 aliquam,
1445 1409 1478 1445 si
1496 1408 1627 1446 libeat
1645 1409 1845 1457 tergiuer-

272 1469 456 1501 satorem
498 1477 632 1513 agere,
675 1465 716 1501 in
757 1465 1049 1514 typographos
1091 1465 1258 1501 reiicere
1300 1464 1456 1507 liceret,
1498 1464 1570 1512 qui
1611 1463 1714 1500 mihi
1760 1463 1846 1499 fere

270 1524 531 1568 extorquent
553 1532 681 1556 ouum
703 1524 933 1568 antequam
957 1520 1189 1569 pepererim
1208 1533 1214 1559 2
1247 1523 1287 1555 et
1311 1520 1345 1555 si
1367 1518 1468 1567 quid
1494 1523 1746 1567 conceptum
1769 1522 1845 1562 est,

272 1587 355 1612 non
390 1575 539 1611 sinunt
570 1574 734 1611 foetum
766 1579 1062 1619 maturescere,
1096 1574 1180 1617 sed,
1212 1574 1350 1610 inuita
1381 1573 1552 1618 Lucina,
1584 1576 1741 1621 cogunt
1773 1585 1846 1622 per

272 1629 473 1666 abortum
495 1629 653 1666 eiicere.
713 1629 810 1666 Non
832 1629 1079 1678 ignorabam
1103 1629 1204 1678 quid
1228 1633 1269 1665 te
1291 1628 1464 1677 dignum
1482 1632 1604 1672 esset,
1623 1629 1688 1664 vir
1704 1627 1844 1664 claris-

193 1691 253 1720 160
273 1685 389 1729 sime,
431 1684 504 1721 sed
545 1685 741 1721 imitatus
781 1683 1037 1721 Graeculum
1074 1684 1192 1720 illum
1227 1696 1248 1720 e
1283 1695 1467 1732 paupere
1507 1695 1607 1732 pera
1642 1683 1846 1732 depromo

273 1751 431 1789 paucos
453 1739 599 1776 obolos
621 1739 666 1776 οὐ
688 1738 789 1776 κατὰ
812 1738 884 1789 τὴν
904 1738 1019 1785 ἀξίαν
1040 1742 1127 1782 σοῦ,
1149 1737 1181 1775 ὦ
1207 1737 1403 1786 Σεβαστέ,
1422 1736 1457 1774 εἶ
1477 1737 1553 1786 γὰρ
1575 1737 1695 1774 πλέον
1724 1736 1845 1786 εἶχον,

273 1793 394 1830 πλέον
415 1793 581 1832 ἐδίδουν.

329 1849 482 1886 Precor
500 1853 548 1886 vt
565 1850 648 1886 ista
665 1849 848 1886 motoria
865 1848 1024 1894 fabula,
1040 1861 1170 1898 quam
1188 1852 1253 1886 tot
1274 1849 1354 1885 iam
1373 1860 1506 1885 annos
1523 1848 1622 1896 agis,
1642 1847 1847 1884 sortiatur

273 1903 577 1953 catastrophen
617 1907 711 1941 tum
751 1904 830 1941 tibi
871 1904 1088 1953 priuatim,
1126 1908 1218 1940 tum
1252 1902 1418 1952 publice
1459 1902 1607 1952 Regno
1647 1901 1847 1939 Poloniae

194 1966 252 2002 165
273 1958 478 2003 foelicem,
502 1963 628 2008 teque
651 1958 944 2008 Sigismundus
974 1958 1080 2003 Rex,
1103 1962 1151 1995 vt
1179 1959 1210 1995 si
1240 1958 1334 2007 quis
1362 1957 1469 1994 alius
1497 1957 1695 1994 omnibus
1724 1968 1845 1994 orna-

273 2014 428 2051 mentis
449 2015 613 2063 egregio
642 2013 837 2063 Principe
866 2013 1003 2062 dignis
1031 2013 1288 2057 cumulatus,
1311 2012 1424 2049 dulci
1452 2012 1627 2062 patriae,
1650 2012 1847 2061 gregique

273 2068 531 2113 charissimo,
554 2069 674 2106 cuius
696 2068 924 2106 solicitudo
946 2069 1151 2118 pietatem
1175 2072 1294 2105 tuam
1318 2080 1390 2116 per
1411 2079 1557 2104 omnes
1580 2067 1845 2116 negotiorum

275 2123 409 2160 vndas
431 2124 675 2164 comitatur,
699 2123 818 2161 breui
840 2124 1053 2160 restituat.

330 2178 489 2215 Datum
517 2179 631 2228 apud
654 2178 909 2228 Friburgum
935 2177 1148 2227 Brisgoae,
1172 2177 1306 2227 pridie
1327 2176 1526 2214 calendas
1553 2176 1699 2221 Maias,
1722 2175 1848 2213 Anno

196 2246 256 2276 170
275 2232 435 2270 domini
457 2244 667 2270 MDxxxn.

637 2415 766 2452 2644.
833 2411 918 2462 <To
952 2411 1150 2452 CONRAD
1185 2409 1491 2461 GOCLENIUS.>

327 2497 423 2530 Vita
439 2497 598 2530 Erasmi
618 2508 656 2541 p.
682 2498 761 2530 108.
1555 2494 1760 2539 Freiburg.

326 2546 389 2580 02.
410 2558 450 2590 p.
472 2557 558 2590 245:
589 2546 716 2579 Lond.
737 2558 830 2579 xxx.
853 2546 914 2587 58:
946 2546 1030 2579 LB.
1054 2546 1158 2579 1218.
1534 2554 1553 2587 3
1574 2544 1670 2589 May
1693 2554 1798 2587 1532.

321 2630 434 2667 [That
451 2630 514 2660 the
532 2640 665 2670 person
683 2629 881 2660 addressed
899 2629 928 2659 is
945 2629 1140 2660 Goclenius
1160 2629 1188 2659 is
1205 2628 1440 2668 abundantly
1457 2628 1552 2658 clear
1569 2628 1663 2658 from
1682 2629 1745 2659 the
1763 2638 1845 2658 eon-

278 2678 400 2709 tents;
427 2674 622 2714 especially
646 2674 739 2704 from
763 2674 826 2704 the
849 2673 1051 2704 references
1074 2677 1114 2704 to
1137 2673 1200 2703 the
1223 2672 1368 2702 lawsuit
1392 2673 1509 2702 about
1534 2672 1598 2702 the
1623 2673 1845 2711 <Antwerp>

278 2728 460 2757 eanonry;
493 2718 565 2748 and
593 2718 686 2748 from
708 2718 771 2748 the
798 2722 885 2748 tone
906 2718 943 2747 of
967 2717 1031 2748 the
1055 2717 1176 2747 letter.
1225 2717 1302 2746 The
1325 2716 1411 2746 date
1435 2717 1464 2746 is
1489 2716 1686 2746 confirmed
1712 2716 1762 2755 by
1784 2716 1847 2746 the

278 2762 443 2792 mention
461 2761 506 2791 of
531 2762 593 2792 the
617 2762 886 2802 professorship
909 2761 1065 2792 vaeated
1091 2762 1140 2801 by
1161 2760 1261 2791 John
1284 2760 1510 2800 CampensiS‚
1529 2759 1602 2790 and
1624 2760 1672 2800 by
1696 2760 1795 2790 what
1818 2759 1848 2789 is

278 2805 356 2836 said
374 2805 411 2835 of
428 2805 584 2843 Virves.]

723 2873 795 2910 163.
822 2869 937 2901 ἐδίδων
956 2871 995 2901 de
1012 2870 1157 2910 Spiritu
1175 2869 1316 2900 Sancto.

325 2964 421 2995 2643.
452 2973 522 3003 152.
550 2963 641 3002 Θεοὶ]
660 2964 724 2995 See
742 2964 856 3003 Adaq.
877 2973 973 3003 3511.
1096 2964 1178 2993 bius
1210 2973 1239 2993 2.
1266 2974 1297 3001 4.
1325 2972 1377 3002 31,
1403 2963 1449 2993 ef.
1483 2962 1790 3002 Apophtlzeqmata
1816 2972 1846 3001 4.

327 3011 398 3039 161.
425 3007 462 3038 οὐ
487 3007 570 3039 κατὰ
595 3008 652 3047 τὴν
669 3007 774 3047 ἀξίαν]
805 3009 870 3039 See
895 3008 1032 3038 Macro·
1103 3008 1195 3047 Aug.
1215 3018 1268 3046 44.
