1966 3379
241 106 319 143 283
669 107 927 145 LETTERS
958 108 1028 146 or
1062 107 1326 148 ERAsMUs
1687 114 1808 161 [1533

240 209 309 247 Sin
334 211 486 256 minus,
510 215 609 248 tuae
632 211 916 249 humanitatis
936 214 1015 250 erit
1037 213 1140 250 mihi
1162 213 1212 250 de
1235 214 1393 263 scripto
1414 215 1588 264 praeire.
1631 215 1807 261 Qualem

240 265 409 314 qualem
428 265 656 303 formulam
675 268 918 316 conceperis
935 272 980 303 vt
1000 280 1093 305 mea
1111 280 1242 305 manu
1259 269 1473 318 descripta
1490 271 1806 320 quamprimum

201 335 218 364 5
241 321 349 356 istuc
381 321 583 357 mittatur
615 333 691 370 pro
723 321 833 358 virili
864 322 1034 359 curabo.
1095 321 1205 359 Cura
1237 336 1396 372 quaeso
1427 324 1732 370 valetudinem,
1764 330 1807 363 et

239 387 366 423 quam
400 376 631 412 rectissime
663 375 985 425 diutissimeque
1019 377 1124 421 vale,
1156 377 1327 415 domine
1358 383 1401 415 et
1433 383 1613 427 patrone
1649 380 1805 417 incom-

239 429 453 478 parabilis

295 483 496 521 Basileac.

296 571 541 609 Bonifacius
574 572 894 617 Amerbachius,
932 585 994 611 LL.
1030 574 1192 619 doctor,
1230 575 1334 612 ciuis
1370 575 1627 620 Basiliensis‚
1669 576 1808 614 fateor

182 646 220 667 10
240 625 460 663 dominum
485 627 711 665 Erasmum
736 628 850 673 Rot.‚
874 633 1103 677 patronum
1127 642 1267 666 meum
1291 630 1489 667 omnibus
1511 630 1648 668 modis
1673 632 1804 681 suspi-

239 681 448 725 ciendum,
482 687 697 731 potestate
734 696 825 719 mea
862 683 1106 732 deposuisse
1139 684 1253 721 mille
1290 689 1514 722 sexcentos
1547 685 1728 723 florenos
1764 687 1805 723 in

239 748 354 779 aur0,
387 749 493 785 quos
524 737 868 786 quandocunque
902 739 1112 787 repetenti
1145 741 1236 784 (aut
1268 740 1301 776 si
1332 740 1420 788 ipse
1452 752 1537 777 non
1572 741 1805 789 repecierit,

239 790 393 839 quibus
422 795 684 829 testamento
715 797 791 829 aut
820 793 859 829 in
884 792 1036 830 vltima
1063 793 1288 830 voluntate.
1317 806 1393 831 sua
1422 795 1590 831 restitui
1621 796 1806 842 iusserit)

241 845 351 882 bona
373 845 453 883 fide
477 847 714 884 restituam.
775 846 897 892 Quod
920 848 951 884 si
975 847 1078 884 nihil
1100 861 1196 885 eum
1219 848 1270 885 de
1293 848 1356 885 his
1377 853 1568 886 statuere
1590 851 1804 899 continge-

181 919 217 949 15
239 903 315 944 ret,
339 901 380 937 in
403 913 499 937 eum
522 914 644 939 vsum
667 914 793 950 quem
816 915 891 939 sua
910 914 1040 939 manu
1058 902 1159 939 mihi
1178 904 1462 952 praescripsit,
1480 908 1529 941 vt
1546 905 1656 941 inter
1675 904 1807 941 bonos

240 954 344 992 bene
361 956 475 1003 agier
491 960 674 1005 oportet,
693 956 1014 1006 diligentissime.
1032 970 1097 994 mc
1114 957 1460 1007 dispensaturum
1479 971 1566 995 esse
1585 959 1804 1008 promitto

238 1008 289 1045 In
311 1009 542 1059 pleniorem
566 1010 718 1048 horum
742 1012 932 1048 omnium
962 1011 1087 1049 fidem
1118 1012 1196 1049 hoc
1225 1012 1554 1063 chirographum
1583 1014 1729 1063 scripsi
1758 1026 1805 1051 ac

236 1064 496 1113 gentilitium
520 1078 659 1103 mcum
684 1066 1033 1115 aposphragisma
1056 1067 1145 1104 siue
1167 1068 1331 1115 signum
1356 1067 1558 1117 adpressi.

292 1118 448 1157 Actum
490 1119 685 1169 F;·il›11rgi
721 1120 921 1170 Brisgoae
954 1125 1076 1158 sexto
1109 1121 1290 1171 Augusti
1325 1122 1391 1159 die
1424 1122 1549 1160 Anno
1581 1135 1605 1160 a
1637 1122 1806 1161 Christo

177 1193 218 1215 20
238 1177 342 1211 nato
364 1173 588 1212 millesimo
610 1176 951 1225 quingentesimo
974 1177 1190 1225 trigesimo
1212 1178 1353 1215 tertio.

495 1339 624 1376 2856.
691 1336 829 1376 FROM
862 1335 1199 1378 CHRISTOPHER
1232 1349 1290 1378 OF
1324 1337 1548 1378 STADION.

286 1419 446 1464 Leipzig
462 1419 544 1453 MS.
1485 1423 1698 1467 Dillingen.

286 1469 473 1507 EE.101.
1428 1473 1449 1505 8
1469 1473 1627 1517 August
1650 1483 1755 1516 1533.

575 1531 647 1568 [An
665 1532 817 1572 original
836 1532 957 1568 letter,
975 1533 1185 1574 autograph
1202 1533 1460 1574 throughout.]

290 1585 496 1623 SALVTEM
528 1586 572 1623 P.
591 1587 640 1623 D.
702 1587 956 1625 Doctissime
990 1588 1177 1633 Erasme,
1206 1589 1336 1626 mitto
1366 1588 1420 1626 ad
1451 1593 1493 1626 te
1524 1588 1631 1626 duos
1660 1601 1804 1638 equos,

235 1641 479 1689 gradarium
501 1645 545 1678 et
566 1641 833 1688 tolutarium,
858 1648 905 1680 vt
930 1656 981 1679 ex
1004 1644 1101 1691 <i>is
1122 1643 1290 1681 duobus
1312 1655 1444 1680 vnum
1470 1643 1599 1692 eligas
1625 1644 1697 1692 qui
1725 1644 1805 1681 tibi

237 1695 366 1733 fuerit
394 1695 654 1734 commodus.
714 1696 836 1734 Inter
864 1710 1011 1735 omnes
1038 1710 1170 1747 equos
1198 1710 1313 1735 meos
1341 1711 1388 1735 ac
1416 1697 1691 1735 familiarium
1719 1711 1804 1736 non

237 1754 430 1799 repertus
462 1755 528 1788 est
562 1752 635 1800 qui
671 1751 750 1789 tibi
783 1752 1005 1790 commode
1039 1753 1197 1790 seruire
1229 1753 1452 1802 potuisset.
1514 1752 1605 1790 Hos
1641 1753 1747 1790 duos
1779 1766 1804 1791 a

198 1827 216 1856 5
237 1804 493 1853 quibusdam
514 1805 728 1843 nobilibus
749 1807 914 1856 magnis
936 1807 1131 1857 precibus
1152 1820 1249 1845 cum
1272 1807 1384 1845 bona
1401 1807 1615 1844 solucione
1631 1809 1803 1853 extorsi,

236 1859 428 1897 meliores
449 1860 635 1901 intanta
652 1863 855 1911 temporis
872 1861 1085 1899 breuitate
1102 1863 1285 1912 reperire
1300 1875 1385 1900 non
1401 1862 1536 1912 potui,
1555 1866 1603 1899 vt
1620 1862 1805 1900 Leuinus

236 1914 324 1964 ipse
349 1915 692 1963 at<t>estabitur.
753 1916 918 1954 Idcirco
940 1918 973 1954 si
998 1917 1044 1962 is,
1067 1929 1193 1966 quem
1214 1916 1398 1967 elegeris,
1422 1917 1605 1954 virtutes
1628 1917 1803 1955 habebit

237 1968 337 2006 boni
359 1969 623 2015 confessoris,
646 1970 773 2008 nichil
796 1971 923 2008 michi
946 1971 1179 2022 imputabis
1200 1971 1273 2009 sed
1295 1973 1441 2022 pocius
1463 1972 1555 2008 istis
1583 1972 1655 2020 qui
1677 1971 1804 2009 michi

236 2023 534 2061 vendiderunt.
594 2025 692 2062 Non
717 2038 813 2075 egre
838 2026 949 2064 feras
978 2026 1093 2075 quod
1117 2027 1215 2075 equi
1244 2027 1331 2063 sine
1357 2026 1512 2064 debitis
1541 2027 1803 2064 ornamentis

179 2099 217 2120 10
236 2078 289 2116 ad
326 2082 368 2116 te
400 2080 588 2124 veniant,
625 2093 758 2129 quum
794 2085 969 2130 propter
1004 2082 1207 2131 temporis
1243 2081 1502 2119 breuitatem
1538 2082 1680 2119 ornari
1718 2093 1801 2119 non

236 2134 478 2182 potuerintz
510 2146 561 2171 ne
583 2138 729 2172 tamen
751 2136 1033 2185 suspicionem
1060 2135 1218 2173 habeas
1246 2136 1331 2173 alia
1357 2135 1408 2173 de
1433 2148 1562 2174 causa
1587 2136 1801 2180 omissum,

235 2188 362 2225 mitto
398 2188 451 2225 ad
488 2193 529 2226 te
565 2201 639 2238 per
674 2189 882 2227 Leuinum
919 2202 970 2240 40
1006 2195 1245 2235 coronatOS,
1282 2190 1437 2240 quibus
1472 2195 1549 2228 tuo
1588 2190 1801 2228 arbitratu

235 2243 376 2279 ornari
396 2242 539 2280 facias.

291 2296 526 2342 Quominus
556 2298 769 2348 religionis
799 2299 1022 2338 dissidium
1054 2300 1151 2348 <i>is
1182 2300 1343 2344 mediis,
1375 2299 1426 2337 de
1457 2300 1611 2349 quibus
1643 2300 1686 2337 in
1718 2301 1803 2337 tuis

178 2362 214 2391 15
235 2351 389 2388 litteris
409 2351 526 2389 facta
547 2358 610 2390 est
634 2354 809 2399 mencio,
831 2358 1127 2404 componatur,
1150 2354 1277 2392 nichil
1298 2354 1413 2392 aliud
1435 2354 1606 2392 videtur
1631 2355 1803 2392 obstare

234 2418 328 2443 meo
350 2406 504 2443 iudicio
521 2408 601 2444 nisi
623 2408 738 2457 quod
759 2409 842 2454 isti,
865 2410 937 2458 qui
958 2409 1036 2447 hoc
1054 2413 1257 2454 tractant,
1275 2410 1408 2459 magis
1429 2413 1561 2459 agunt
1583 2410 1802 2459 proprium

235 2473 363 2509 quam
386 2461 463 2498 Dei
495 2463 727 2511 negocium.
789 2463 963 2501 Vtinam
994 2463 1108 2501 Deus
1138 2463 1260 2501 nobis
1291 2468 1459 2502 tantam
1490 2464 1675 2514 graciam
1706 2476 1801 2501 con-

234 2514 356 2560 ferat,
380 2520 427 2552 vt
450 2516 624 2554 tandem
645 2522 836 2555 nostram
854 2531 1134 2567 agnoscamus
1155 2520 1390 2556 cecitatem.

290 2569 352 2607 De
383 2571 573 2619 tragedia
606 2571 790 2610 Bedaica
818 2573 1059 2610 mirandum
1084 2577 1162 2618 est,
1191 2586 1265 2610 cur
1293 2572 1512 2611 Sorbonici
1542 2573 1728 2622 theologi
1758 2573 1801 2610 in

174 2640 215 2661 20
234 2628 401 2661 tantam
425 2624 676 2664 deuenerint
704 2628 927 2664 cecitatem
949 2631 999 2664 vt
1024 2627 1152 2664 nichil
1181 2628 1406 2678 paciantur
1430 2627 1626 2677 abrogari
1647 2628 1802 2665 veteris

279 2695 374 2726 2856.
401 2705 432 2726 2.
459 2696 543 2726 EE:
571 2698 648 2727 exis
664 2698 747 2728 MS.
868 2708 918 2729 11.
945 2699 1030 2729 EE:
1056 2699 1257 2730 obmissum
1275 2698 1357 2730 MS.
1481 2709 1530 2738 15.
1556 2703 1802 2739 componatur

234 2739 449 2779 scripsimus
463 2751 469 2769 :
496 2746 740 2781 componetur
756 2742 838 2772 MS.

277 2818 374 2849 2856.
400 2826 430 2856 3.
457 2818 584 2857 equos]
611 2818 681 2848 For
703 2818 807 2849 these
831 2829 889 2849 see
912 2819 982 2860 Ep.
1050 2819 1144 2850 mus'
1171 2820 1327 2860 journey
1350 2824 1390 2851 to
1414 2820 1604 2860 Belgium;
1630 2820 1704 2851 and
1728 2819 1801 2851 had

235 2862 330 2899 2865.
1052 2864 1290 2903 presumably
1320 2864 1413 2894 been
1440 2868 1523 2894 sent
1552 2864 1601 2904 by
1625 2864 1801 2894 Erasmus

277 2906 308 2934 6.
335 2904 510 2942 Leuinus]
551 2905 608 2935 He
642 2905 715 2935 had
749 2916 849 2936 come
889 2906 983 2937 from
1052 2907 1799 2947 withletterstoChristopherofStadion.

234 2948 400 2979 Brussels
418 2948 453 2978 in
470 2948 559 2988 ‹July
577 2954 615 2979 to
633 2959 786 2990 arrange
804 2950 860 2980 for
877 2950 982 2980 Eras-
1100 2960 1149 2990 15.
1176 2951 1322 2989 litteris]
1341 2951 1508 2991 Possibly
1526 2951 1594 2992 Ep.
1614 2952 1709 2990 2853.
