1966 3379
119 108 238 155 2729]
389 105 547 144 FROM
576 106 727 144 ζΙΟΗΝ
758 105 1038 144 GENESIUS
1069 105 1406 145 SEPULVEDA
1603 107 1678 145 119

172 210 285 255 Vale,
308 211 364 248 mi
386 211 572 256 Erasme,
599 210 762 259 tibique
787 210 993 260 persuade
1015 223 1080 248 me
1103 211 1166 248 tui
1187 223 1277 248 esse
1301 212 1677 257 studiosissimum,

118 269 161 303 et
187 265 323 314 siquid
349 277 442 302 mea
470 278 597 314 opera
626 265 816 302 studium
847 278 896 302 ac
923 265 1141 314 diligentia
1169 270 1386 315 praestare
1415 267 1585 315 poterit,
1614 279 1679 304 me
1700 280 1739 311 35

118 324 193 358 tua
214 332 339 357 causa
361 319 465 356 nihil
486 332 570 356 non
592 332 680 356 esse
701 324 966 357 conaturum.
1018 319 1132 357 Vale.

173 374 310 412 Roma
332 374 478 411 Idibus
500 373 708 412 Octobris.
768 374 892 412 Anno
913 373 1070 411 Christi
1091 375 1183 412 nati
1208 384 1323 422 1532.

446 523 574 560 2730.
640 521 778 561 FROM
802 520 1046 561 BONIFAOE
1070 520 1355 561 AMERBACH.

168 610 286 644 Basle
304 609 386 643 MS.
406 610 447 644 C.
469 610 558 643 VIa.
581 618 639 653 73.
662 620 719 652 25.
1331 610 1535 694 O<Balsle>

1269 670 1311 701 19
1367 664 1432 693 cto
1464 671 1506 694 er
1526 670 1632 704 1532.

161 725 232 763 [An
261 726 468 766 autograph
497 726 743 766 rough-drast,
771 727 880 757 much
909 726 1094 757 corrected
1121 726 1195 757 and
1220 727 1283 757 the
1311 727 1382 757 end
1411 727 1550 758 several
1575 728 1684 758 times

117 770 315 805 rewritten,
335 770 501 800 followed
520 770 555 799 in
574 770 637 800 the
655 778 714 800 MS.
735 770 783 810 by
800 775 906 800 notes
923 781 969 800 on
992 770 1056 800 the
1074 770 1228 809 Adayia,
1247 770 1435 811 evidently
1453 771 1683 812 suggestions

117 814 173 844 for
190 813 376 849 Erasmus,
395 814 519 844 drawn
538 824 637 844 some
655 814 748 844 from
766 814 829 844 the
847 814 999 854 lawyers
1015 813 1090 844 and
1107 814 1232 844 others
1249 814 1343 844 from
1361 814 1424 845 the
1441 815 1613 852 classics]

172 872 267 910 CVM
284 873 436 922 adagia
456 886 480 910 a
502 878 568 910 me
591 873 875 911 tumultuaria
892 873 1072 911 lectione
1089 873 1300 911 adnotata
1316 873 1441 911 simul
1463 877 1507 911 et
1527 873 1685 911 Alciati

120 928 426 965 commentaria
446 927 674 977 vtrobique
697 941 949 978 recognosco
977 932 1019 965 et
1047 927 1102 965 ad
1131 932 1228 965 tuas
1256 927 1472 966 Chiliadas
1500 928 1683 974 confero,

118 983 319 1019 maiorem
350 986 514 1032 partem
545 996 596 1020 ex
628 982 692 1019 his
732 983 816 1020 iam
848 982 1068 1020 amolitam
1099 983 1275 1032 reperio.
1335 982 1424 1029 Que
1456 987 1685 1033 supersunt

118 1037 246 1074 mitto
267 1049 316 1076 ea
337 1036 424 1086 lege
447 1041 495 1074 vt
517 1040 592 1074 tuo
614 1037 769 1074 iudicio
791 1041 907 1075 stent
928 1037 995 1074 vel
1022 1037 1192 1075 cadant.
1253 1037 1363 1075 Nam
1390 1051 1445 1075 an
1471 1039 1512 1075 in
1538 1037 1684 1076 album

118 1091 364 1141 adagiorum
392 1091 612 1129 referenda
638 1092 735 1137 sint,
761 1096 838 1129 aut
862 1093 895 1129 si
923 1093 979 1129 sit
1004 1092 1118 1141 quod
1146 1092 1189 1129 in
1215 1093 1300 1130 tuis
1326 1105 1409 1130 non
1435 1093 1684 1142 reperiatur,
1705 1106 1723 1137 5

119 1150 233 1183 certe
263 1147 543 1196 pronunciare
571 1159 655 1184 non
685 1160 870 1196 possum.
930 1146 1119 1184 Indicem
1145 1151 1257 1184 certe
1285 1147 1381 1193 leui,
1408 1147 1522 1197 quod
1551 1148 1684 1193 aiunt,

123 1200 292 1238 brachio
321 1202 586 1250 percurrenti
617 1214 703 1238 sese
734 1214 818 1239 non
849 1201 1112 1240 obtulerunt.
1164 1202 1228 1239 Tu
1258 1202 1309 1240 de
1345 1202 1409 1240 his
1444 1215 1521 1252 pro
1555 1203 1686 1240 animi

120 1256 332 1293 sententia
367 1259 532 1293 statues
562 1259 606 1293 et
638 1269 800 1293 moram
833 1256 941 1294 hanc
973 1256 1071 1294 boni
1101 1256 1307 1294 consules.
1367 1257 1479 1294 Nam
1510 1256 1685 1295 domum

119 1322 286 1347 reuerso
321 1310 460 1348 denuo
495 1311 740 1349 abeundum
770 1311 866 1356 fuit,
897 1315 941 1348 et
971 1311 1151 1348 nuncius
1182 1324 1267 1349 non
1298 1311 1381 1349 fuit
1411 1311 1466 1349 ad
1497 1324 1684 1357 manum,

118 1366 366 1414 praesertim
398 1366 464 1402 cui
494 1369 591 1403 tuto
622 1365 789 1403 litteras
817 1365 984 1403 credere
1015 1379 1196 1416 possem.
1258 1366 1350 1404 Hoc
1382 1365 1686 1416 te‘praeterire
1708 1380 1747 1401 10

120 1419 230 1464 nolo,
260 1419 474 1457 Alciatum
504 1433 672 1469 quoque
703 1421 746 1457 in
776 1421 862 1458 suis
892 1420 943 1458 de
974 1433 1114 1458 rerum
1146 1425 1190 1458 et
1221 1421 1450 1458 verborum
1481 1421 1684 1471 significa-

118 1475 232 1511 tione
267 1475 594 1520 commentariis‚
631 1475 740 1513 libro
772 1487 796 1524 4
832 1489 856 1513 a
891 1476 1110 1525 principio,
1145 1475 1310 1524 aliquot
1344 1489 1428 1513 non
1462 1475 1598 1514 solum
1634 1489 1685 1513 ex

120 1529 346 1567 Pandectis
368 1529 440 1566 sed
463 1534 506 1567 et
527 1543 577 1567 ex
601 1530 904 1580 interpretibus
930 1531 1032 1567 iuris
1057 1543 1141 1567 non
1167 1531 1271 1567 satis
1298 1530 1416 1568 culta
1443 1531 1684 1581 collegisse;

123 1596 303 1632 quorum
325 1588 498 1633 gustum
521 1585 555 1622 si
576 1585 788 1634 percipere
810 1585 964 1634 cupies,
987 1585 1103 1635 apud
1124 1585 1293 1623 Zasium
1316 1586 1517 1623 inuenies.

176 1638 382 1676 Postridie
404 1639 443 1677 d.
467 1639 605 1677 Lucae
627 1639 752 1677 Anno
776 1648 892 1688 1532.
1708 1652 1746 1682 15

573 1788 702 1826 2731.
737 1786 804 1826 ΤΟ
826 1786 958 1827 JOHN
982 1786 1232 1828 KLEBERG.

168 1874 376 1918 Epistolae
396 1875 616 1909 Vniuersae
634 1888 673 1920 p.
697 1887 711 1909 1
724 1878 802 1910 116.
1358 1877 1564 1922 Freiburg.

169 1924 295 1957 Lond.
316 1924 438 1958 xxvii.
461 1927 528 1966 56:
559 1926 641 1959 LB.
666 1936 771 1970 1234.
1270 1936 1316 1960 20
1335 1926 1510 1961 October
1531 1936 1637 1970 1532.

577 1992 663 2030 [For
680 1992 841 2034 Kleberg
857 2003 916 2025 see
932 1993 1002 2033 Ep.
1024 2002 1117 2033 1977.
1137 1994 1232 2033 58n.]

357 2062 556 2089 ERASMVS
577 2063 901 2091 ROTERODAMVS
922 2064 1080 2091 IOANNI
1103 2064 1394 2092 CLEBERGERO
1416 2064 1449 2091 S.

178 2122 262 2160 VIR
290 2124 434 2161 animo
464 2136 558 2161 meo
586 2124 843 2170 charissime,
873 2125 978 2163 nihil
1006 2129 1099 2163 erat
1127 2126 1258 2163 seriae
1286 2127 1344 2163 rei
1372 2126 1423 2163 de
1451 2138 1536 2175 quo
1563 2125 1617 2163 ad
1646 2129 1689 2163 te

123 2178 348 2215 scriberem
366 2192 372 2215 1
406 2182 551 2216 tamen
568 2192 701 2228 quum
719 2179 853 2217 oblati
870 2181 1012 2217 essent
1033 2180 1224 2218 homines
1242 2180 1348 2218 bene
1366 2181 1469 2218 certi
1492 2193 1566 2230 per
1582 2193 1688 2230 quos

123 2232 360 2278 scriberem,
383 2237 426 2270 et
447 2234 683 2283 suspicarer
704 2238 746 2271 te
767 2235 862 2272 istic
884 2235 926 2272 in
948 2239 1141 2273 mercatu
1161 2235 1427 2280 adfuturum,
1446 2235 1582 2273 facere
1604 2248 1689 2273 non

123 2288 244 2337 potui
272 2288 375 2336 quin
407 2288 655 2326 salutatrice
680 2289 873 2339 epistola,
900 2290 1096 2338 quamuis
1122 2290 1253 2336 breui,
1281 2294 1463 2327 testarer
1488 2290 1689 2328 miserum

123 2341 362 2387 Erasmum,
385 2355 510 2391 quem
542 2343 731 2380 Basileae
759 2344 823 2381 bis
852 2344 997 2382 vidisti
1026 2345 1329 2390 semianimem,
1359 2345 1498 2382 adhuc
1528 2346 1688 2395 spirare
1709 2360 1726 2390 5

125 2398 225 2443 (non
246 2397 358 2434 enim
380 2398 516 2434 ausim
538 2397 675 2435 dicere
697 2398 857 2446 viuere)
880 2403 924 2436 et
944 2399 1083 2436 adhuc
1106 2403 1205 2437 tuae
1227 2399 1510 2437 humanitatis
1532 2412 1687 2436 memo-

126 2463 213 2487 rem
244 2464 344 2488 esse.
404 2451 525 2497 Quod
557 2453 590 2489 si
621 2465 859 2501 cognouero
891 2458 933 2490 te
969 2454 1236 2499 incolumem,
1275 2466 1422 2503 resque
1458 2467 1603 2491 omnes
1638 2467 1688 2491 ex

125 2506 254 2542 animi
276 2507 488 2543 sententia
510 2519 611 2552 esse,
634 2508 715 2544 erit
736 2508 848 2556 quod
877 2509 1079 2545 maiorem
1102 2509 1143 2545 in
1166 2508 1339 2546 modum
1366 2508 1587 2557 gaudeam.
1647 2508 1689 2545 Si

125 2560 227 2608 quid
242 2573 307 2597 mc
325 2562 429 2597 scire
444 2561 572 2606 voles,
591 2574 664 2612 per
682 2575 750 2599 eos
769 2564 841 2611 qui
859 2563 933 2600 has
951 2563 1131 2600 reddent
1148 2564 1307 2613 poteris
1326 2567 1422 2600 tuto
1440 2563 1686 2612 significare.

127 2614 326 2651 Pontifex
344 2616 583 2665 triumphat
598 2629 692 2654 cum
709 2618 794 2654 suis
808 2617 1117 2655 Cardinalibus.
1163 2617 1245 2655 Sed
1260 2618 1392 2667 magis
1407 2617 1488 2654 illis
1501 2617 1686 2666 gratula-
1712 2633 1750 2654 10

125 2681 277 2714 remur,
301 2670 333 2706 si
356 2670 598 2719 triumphus
620 2671 686 2708 hic
707 2676 817 2709 esset
839 2673 973 2709 totius
994 2670 1195 2709 ecclesiae
1216 2673 1464 2710 communis.

180 2723 292 2760 Bene
308 2723 414 2761 vale.
475 2724 670 2775 Friburgi
693 2726 892 2775 Brisgoae
915 2727 1116 2776 vigesimo
1134 2727 1199 2764 die
1221 2726 1430 2771 Octobris,
1449 2737 1687 2763 M.D.xxxl1.

167 2821 263 2851 2730.
293 2831 320 2851 1.
346 2822 490 2862 adagia]
509 2823 574 2853 Sec
592 2824 688 2864 Epp.
708 2833 870 2863 2709-10.
942 2825 1123 2855 ‘Iudicem
1143 2824 1551 2865 penultimaeeditionis
1570 2824 1688 2853 nouis-

168 2867 244 2903 6—7.
271 2865 434 2896 Iudicem
449 2891 454 2896 .
471 2890 477 2896 .
493 2890 498 2898 .
513 2867 744 2905 obtulerunt]
764 2869 871 2898 Boni·
941 2870 1074 2899 simum
1095 2879 1177 2899 cum
1198 2874 1381 2899 scrutarer
1398 2878 1474 2898 sese
1492 2878 1564 2898 non
1582 2868 1689 2898 obtu-

126 2907 203 2938 face
215 2908 334 2939 added
349 2910 451 2940 those
465 2910 583 2941 words
597 2911 632 2941 in
646 2912 708 2942 the
721 2913 872 2952 margin,
942 2912 1089 2943 lvrunt’.

126 2952 245 2982 where
269 2952 314 2983 ho
344 2953 420 2984 also
448 2958 561 2985 wrote
589 2965 629 2985 as
656 2965 678 2985 a
705 2956 872 2986 variant:
988 2957 1082 2986 2731.
1110 2965 1140 2995 3.
1167 2956 1262 2993 istic]
1283 2958 1294 2986 ¹?
1315 2956 1350 2986 in
1369 2956 1503 2995 Lyons.
