1966 3379
451 101 568 138 THE
599 99 986 138 COMPENDIUM
1018 99 1387 138 RHETORICES
1625 102 1704 139 399

133 206 327 255 gestiens²
360 205 515 256 incipio
546 205 742 255 protinus
772 205 827 242 ad
858 204 1090 242 editionem
1123 203 1323 242 Rescium
1356 205 1530 251 hortari,
1562 219 1610 243 ac
1643 207 1702 244 in-

135 260 309 309 dignum
340 273 429 298 esse
459 260 608 305 dicere,
641 264 729 297 tam
764 258 913 297 vtilem
944 263 988 296 et
1018 259 1131 296 tanti
1162 259 1356 296 authoris
1386 259 1576 297 libellum
1608 273 1702 298 cum

135 315 323 352 maximo
353 314 643 352 studiosorum
674 313 955 358 incommodo,
988 313 1065 351 hoc
1098 314 1350 363 praesertin]
1381 318 1586 363 tempore,
1618 328 1704 364 quo

134 369 253 407 nulla
289 369 539 406 Rhetorices
570 368 799 406 methodus
835 368 989 405 scholis
1023 372 1127 417 apta
1160 369 1264 405 satis
1295 372 1429 413 extat,
1462 381 1570 417 quae
1606 374 1703 407 tuto
1723 386 1763 416 45

134 423 318 473 praelegi
340 425 488 473 possit,
510 423 673 461 diutius
694 423 839 473 premi.
899 422 1038 467 Quare
1055 435 1208 459 moneo
1229 422 1303 460 det
1324 435 1509 472 operam,
1529 425 1607 460 nisi
1625 428 1704 461 τῶν

134 477 366 527 ἐπιστημῶν
387 477 619 526 ἐλευθερίων
639 477 879 515 candidatis
900 478 1084 525 iniquior
1106 477 1240 514 videri
1262 477 1378 523 velit,
1402 478 1442 514 id
1466 478 1542 515 abs
1565 483 1606 515 te
1628 480 1701 516 im-

134 536 287 582 petret,
311 537 359 570 vt
380 532 548 570 libellus
568 545 663 570 cum
687 532 798 569 bona
818 535 895 568 tua
915 532 1053 581 gratia
1070 532 1111 568 in
1128 544 1396 569 communem
1414 533 1701 571 studiosorum

135 587 370 624 vtilitatem
392 587 642 624 excudatur.
703 586 852 635 Inquit
873 585 941 623 ille
967 586 1082 623 haud
1110 599 1205 635 egre
1233 586 1309 623 abs
1340 591 1381 623 te
1412 587 1454 623 id
1486 588 1703 637 impetrari

135 654 269 691 posse,
293 643 326 679 si
348 642 452 679 satis
472 642 602 679 animi
625 641 689 678 tui
710 641 1035 690 propensionem
1058 641 1111 677 ad
1138 640 1319 678 honesta
1346 641 1490 679 studia
1516 642 1703 680 iuuanda
1723 659 1764 688 50

135 700 179 733 et
213 696 490 746 propaganda
521 697 645 741 norit,
678 700 727 733 vt
757 696 830 745 qui
860 695 1172 733 eruditissimus
1207 696 1307 745 ipse,
1343 696 1420 733 hoc
1452 700 1575 734 tuum
1606 710 1703 746 erga

136 750 269 788 bonas
305 751 549 800 disciplinas
589 750 780 788 studium
820 750 947 787 editis
987 754 1055 787 tot
1095 750 1211 787 libris
1251 750 1421 788 abunde
1461 751 1700 789 declarasti.

134 804 359 843 Caeterum
395 806 561 843 Erasmi
596 805 813 854 quandam
853 804 1077 854 epistolam
1118 804 1302 850 obstare,
1337 818 1421 854 qua
1461 805 1703 843 huiusmodi

133 859 338 898 schaedas
359 873 456 897 suas
476 860 543 897 edi
564 860 717 897 vetuit.
760 858 915 897 Scribit
935 860 1047 897 enim
1068 872 1153 897 non
1174 872 1308 909 posse,
1331 861 1410 897 nisi
1431 873 1527 897 cum
1550 873 1703 910 magno

136 915 317 952 nominis
348 915 412 952 sui
442 914 647 952 dedecore
678 913 721 952 id
750 927 883 963 genus
913 915 1073 964 scripta
1102 914 1306 964 euulgari,
1329 914 1435 952 adeo
1464 919 1524 960 vt,
1548 916 1581 952 si
1609 916 1703 964 quis
1724 932 1762 961 55

135 969 329 1007 inimicus
369 970 424 1006 sit
463 969 670 1018 capitalis5
707 981 792 1006 non
832 969 967 1018 possit
1005 969 1143 1006 facere
1183 970 1403 1006 inimicius.
1465 969 1553 1019 Ego
1589 983 1702 1015 v-ero,

134 1023 365 1061 clarissime
400 1024 476 1068 vir,
510 1025 566 1060 sic
603 1024 752 1068 sentio,
786 1027 960 1061 tantum
996 1024 1148 1072 cuique
1179 1024 1338 1073 gloriae
1371 1024 1618 1074 decorisque
1651 1038 1702 1062 ex

134 1078 252 1116 libris
274 1079 317 1116 in
339 1078 492 1128 vulgus
512 1078 686 1115 edendis
707 1079 956 1128 comparari,
976 1083 1140 1127 quanta
1161 1078 1328 1116 vtilitas
1345 1079 1417 1116 illa
1434 1079 1575 1124 fuerit,
1594 1092 1703 1129 quae

135 1133 230 1170 hinc
266 1134 430 1183 paritur
465 1133 741 1170 honestarum
774 1134 932 1170 artium
965 1133 1190 1179 studiosis;
1233 1137 1365 1183 atque
1395 1134 1502 1172 adeo
1534 1147 1701 1172 omnem

133 1189 316 1225 nominis
333 1187 601 1237 splendorem
616 1188 659 1225 in
679 1187 931 1237 euulgandis
947 1187 1318 1226 lucubrationibus
1334 1192 1382 1238 τῇ
1400 1193 1511 1238 κοινῇ
1528 1188 1704 1238 ὠφελείᾳ
1722 1200 1764 1228 60

134 1242 409 1280 metiendum.
469 1242 566 1280 Non
596 1242 719 1280 video
750 1242 927 1292 proinde
953 1255 1038 1292 quo
1063 1242 1268 1280 Erasmici
1294 1244 1476 1281 nominis
1498 1243 1702 1281 dedecore

134 1297 213 1334 hae
235 1297 408 1334 tabulae
436 1298 478 1334 in
504 1297 641 1334 lucem
670 1298 848 1342 exirent,
871 1310 967 1335 cum
998 1300 1096 1334 πᾶσι
1126 1302 1198 1347 τῆς
1225 1297 1441 1348 ῥητορικῆς
1469 1298 1703 1339 σπουδαίοις

133 1365 185 1389 ex
207 1364 344 1401 aequo
366 1353 452 1389 sint
473 1351 710 1402 profutura.
771 1351 882 1389 Nam
905 1352 1082 1390 rudibus
1104 1352 1239 1390 fidelis
1261 1353 1561 1402 diligentisque
1584 1366 1701 1403 prae-

132 1407 316 1456 ceptoris
342 1419 474 1456 ‚opera
503 1406 662 1444 adiutis
692 1411 900 1456 quantam
936 1406 1170 1445 vtilitatem
1206 1407 1402 1453 afferant,
1434 1421 1520 1446 non
1550 1408 1701 1446 dicam.

133 1461 325 1510 Reliquis
346 1465 472 1506 certe,
491 1462 562 1511 qui
580 1466 797 1511 vtcunque
814 1462 897 1499 iam
914 1474 966 1499 ex
983 1461 1118 1512 longis
1135 1466 1179 1500 et
1199 1462 1375 1512 prolixis
1396 1464 1701 1513 praeceptioni-
1722 1474 1763 1510 65

135 1516 213 1553 bus
244 1516 352 1553 hanc
381 1520 518 1554 artem
547 1516 742 1561 didicere,
765 1516 909 1554 nullus
937 1517 1087 1566 opinor
1113 1530 1198 1554 non
1220 1517 1430 1556 fatebitur
1451 1531 1540 1556 esse
1563 1518 1701 1563 vtiles‚

133 1571 212 1608 nisi
244 1571 424 1609 fortasse
454 1583 540 1608 non
571 1571 770 1621 intelligit
803 1572 954 1621 quanti
988 1571 1146 1609 referat
1181 1573 1285 1610 artis
1321 1572 1500 1611 alicuius
1535 1586 1703 1610 summa

132 1627 275 1675 capita
295 1638 346 1663 ex
369 1626 575 1664 immensa
596 1627 943 1676 praeceptionum
966 1627 1247 1665 multitudine
1269 1631 1476 1677 tanquam
1495 1629 1535 1665 in
1553 1627 1703 1665 tabula

132 1680 348 1730 descripta
374 1693 463 1718 esse
489 1682 526 1718 ei
551 1681 624 1730 qui
652 1685 849 1731 prompte
880 1681 1073 1719 studeret
1103 1695 1196 1719 eam
1228 1684 1432 1720 memoria
1463 1683 1700 1733 complecti.

131 1734 201 1780 At,
239 1735 352 1784 quod
389 1748 487 1773 vere
522 1735 648 1773 liceat
687 1735 836 1781 dicere,
873 1736 1099 1774 ridiculum
1140 1737 1251 1774 foret
1289 1738 1535 1776 existimare
1575 1737 1702 1787 vulgo
1722 1755 1764 1785 70

132 1789 421 1828 studiosorum
462 1790 504 1827 id
544 1790 650 1828 vtile
690 1803 773 1828 non
808 1803 897 1828 esse
932 1791 1047 1840 quod
1088 1795 1238 1829 tantus
1275 1793 1339 1829 vir
1374 1792 1453 1830 tibi
1489 1793 1573 1830 iam
1609 1797 1701 1830 tum

132 1844 455 1882 humanioribus
495 1845 629 1883 literis
668 1845 729 1882 ita
769 1845 993 1896 perpolito,
1035 1850 1084 1883 vt
1124 1847 1376 1897 accepimus,
1425 1847 1701 1896 profuturum

131 1899 362 1937 iudicabat.
423 1899 486 1937 Ne
520 1901 648 1949 igitur
683 1900 725 1937 id
761 1900 984 1945 commodi,
1019 1901 1219 1950 quicquid
1255 1906 1320 1939 est
1356 1904 1438 1949 (est
1470 1903 1583 1940 enim
1616 1915 1701 1940 non

131 1955 347 2003 exiguum)
377 1954 545 2004 publice
573 1955 735 1992 diutius
763 1955 1038 2001 desideretur,
1061 1957 1318 2001 curauimus,
1342 1957 1495 1995 Rescio
1522 1957 1701 2006 benigne

130 2009 379 2054 adiuuante,
402 2009 517 2058 quod
545 2010 687 2059 magni
712 2009 825 2047 illius
851 2010 1017 2048 Erasmi
1048 2024 1150 2060 pace
1182 2015 1343 2061 tuoque
1374 2013 1580 2061 permissu
1611 2012 1700 2057 fiat,
1722 2028 1762 2058 75

130 2063 206 2100 has
237 2063 408 2101 tabulas
438 2065 480 2101 in
511 2077 779 2102 communem
811 2065 1001 2102 omnium
1034 2065 1267 2103 vtilitatem
1300 2066 1493 2104 formulis
1523 2067 1700 2111 excudi;

131 2122 179 2155 vt
209 2130 319 2167 quae
352 2119 532 2168 priuatis
564 2119 649 2156 tuis
679 2119 833 2157 studiis
868 2119 1075 2158 hactenus
1112 2120 1283 2158 fuerant
1319 2121 1554 2167 dedicatae,
1590 2135 1701 2159 nunc

130 2173 319 2210 omnium
342 2173 494 2210 studiis
522 2174 690 2223 publice
712 2179 1024 2213 consecrentur.
1084 2174 1207 2221 Quod
1238 2189 1333 2213 cum
1363 2176 1559 2214 omnibus
1591 2176 1702 2214 bono

129 2228 438 2277 commodoque
470 2228 665 2266 futurum
697 2229 764 2274 sit,
800 2229 878 2267 hoc
909 2234 999 2267 tam
1033 2230 1194 2279 ingenti
1224 2230 1428 2269 beneficio
1459 2232 1701 2280 quicunque

131 2281 380 2320 Rhetorices
405 2284 689 2332 cognitionem
717 2288 930 2334 expetunt
957 2285 1231 2323 meritissimo
1263 2286 1304 2323 in
1335 2290 1590 2336 perpetuum
1623 2285 1701 2323 tibi
1721 2292 1762 2322 80

129 2337 328 2374 astrictos
350 2336 537 2375 habebis.

185 2391 288 2429 Vale
310 2392 490 2429 Louanii
507 2405 557 2430 ex
574 2392 762 2443 Collegio
778 2392 995 2432 Castrensi
1011 2393 1137 2432 Anno
1157 2403 1274 2445 1544.
1298 2398 1421 2432 sexto
1438 2395 1501 2432 Id.
1520 2394 1699 2443 August.

217 2482 270 2509 60.
297 2480 467 2511 nomimis
485 2480 734 2521 Compendium
751 2482 846 2513 Rhet.
977 2486 1030 2522 64.
1056 2483 1214 2514 afferent
1231 2483 1491 2523 Compemlium
1513 2483 1611 2514 Rhet.
