1966 3379
107 98 229 147 2817]
508 96 668 135 FROM
699 96 948 136 LEVINUS
979 97 1284 137 AMMONIUS
1594 100 1671 137 237

105 202 172 240 hic
194 202 295 240 mihi
317 201 389 240 det
410 200 608 251 ἐνέργειαν
628 205 700 239 τοῦ
725 201 878 250 ψάλτου
905 201 1068 247 ἐκείνου,
1092 202 1163 251 qui
1191 202 1407 251 quondam
1429 203 1673 241 Helisaeum

105 256 344 306 κατέχεσθαι
365 255 409 294 ἐκ
430 256 522 294 θεοῦ
542 256 728 305 ἐπ<ο>ίει,
750 261 799 294 vt
821 262 870 294 ‘tu
892 269 1060 306 quoque
1082 256 1212 306 ἀγαθῇ
1230 256 1328 306 τύχῃ
1351 257 1572 307 θεόληπτος
1595 259 1672 296 hoc

104 311 323 349 oraculum
345 311 467 349 nobis
486 311 697 349 absoluas.

159 365 314 404 Scribis
348 366 460 403 enim
494 367 683 403 animum
717 370 853 410 tuum,
886 366 1015 402 etiam
1049 366 1215 415 saepius
1247 378 1271 402 a
1304 371 1345 402 te
1379 366 1670 413 sollicitatum,

104 420 215 458 nolle
231 420 286 458 ad
306 420 349 458 id
370 420 633 458 incalescere.
678 420 851 458 Vtinam
875 420 985 457 male
1007 421 1183 469 perisset
1203 420 1371 458 illorum
1390 421 1672 460 calumniator
1691 430 1734 459 60

104 476 283 519 animus,
306 476 378 524 qui
400 481 441 512 te
464 475 542 513 hoc
563 480 760 524 agentem
781 475 864 512 alio
886 480 1163 512 vocauerunt.
1223 473 1315 520 Qua
1336 476 1533 524 equidem
1559 477 1601 513 in
1630 489 1672 514 re

104 530 161 567 sic
191 530 408 567 animatus
438 530 499 567 fui
529 542 694 579 semper
721 534 781 574 vt,
811 531 845 566 si
873 530 1046 579 propius
1074 529 1153 567 tibi
1174 525 1397 567 'consulere
1426 531 1671 580 potuissem,

103 597 170 622 me
199 588 349 622 aut-ore
381 597 465 622 non
495 585 557 622 ita
587 585 745 634 passim
778 597 854 621 nec
886 584 939 621 ad
973 585 1115 622 omnia
1145 596 1221 621 nec
1254 584 1452 622 omnibus
1482 585 1673 634 profecto

104 639 391 689 respondisses
412 639 567 689 quibus
594 639 648 677 ad
676 639 788 676 hunc
810 652 943 688 vsque
969 639 1079 676 diem
1105 651 1355 688 responsum
1380 644 1468 685 est;
1501 641 1673 677 tametsi

102 706 188 731 non
209 706 275 731 me
297 693 419 744 fugit,
438 698 480 731 te
501 694 702 744 pleraque
723 693 918 731 consulto
939 693 1245 731 dissimulasse:
1272 698 1385 731 certe
1407 706 1490 731 non
1512 693 1671 732 Sutori-
1692 703 1734 741 65

103 748 194 794 bus,
212 761 297 786 non
319 748 692 793 Febricitantibus,
710 761 795 786 non
813 748 1107 792 Titelmannis,
1124 761 1200 785 nec
1222 748 1316 785 illos
1337 753 1381 786 et
1401 748 1548 786 similis
1569 749 1674 787 alios

102 803 263 841 farinae
295 803 528 841 nebulones
555 816 606 841 ex
635 804 793 840 insanis
821 803 1090 841 aduersando
1117 803 1285 840 fecisses
1314 804 1568 840 insaniores:
1602 805 1673 852 qui

102 857 170 895 vel
187 858 360 904 inuidia,
378 859 560 908 pessimo
582 859 771 896 omnium
790 858 951 899 morbo,
970 857 1181 895 stimulati
1200 857 1330 906 (quod
1345 870 1476 906 genus
1495 858 1671 895 homini-

102 912 194 958 bus,
223 916 331 950 teste
361 913 559 957 Pindaro,
588 913 685 961 ὄψον
712 912 752 950 οἱ
776 912 904 962 λόγοι)
933 912 1109 962 gloriam
1139 912 1217 949 tibi
1245 913 1287 949 in
1314 911 1482 950 Christo
1511 914 1674 962 optimo

101 968 191 1005 iure
212 967 401 1005 debitam
424 972 467 1005 et
489 981 513 1006 a
531 968 651 1005 bonis
673 968 871 1005 omnibus
893 967 1168 1016 vndiquaque
1190 967 1379 1004 delatam
1402 967 1509 1005 ferre
1527 968 1671 1017 nequi·
1693 985 1734 1016 70

103 1026 281 1060 uerunt:
315 1022 382 1060 vel
404 1023 571 1060 inscitia
593 1027 637 1059 et
658 1023 877 1067 tarditate,
901 1022 1015 1071 quod
1037 1022 1271 1071 intelligere
1292 1028 1336 1059 et
1357 1023 1525 1071 assequi
1552 1035 1671 1072 prae-

103 1078 286 1127 sumptis
309 1078 579 1127 opinionibus
601 1077 825 1127 deprauati
846 1090 931 1114 non
954 1081 1201 1126 potuerunt,
1225 1076 1268 1114 id
1289 1081 1439 1114 contra
1461 1090 1584 1115 omne
1609 1078 1674 1115 ius

101 1131 251 1181 fasque
272 1132 523 1170 calumniari
544 1145 674 1182 quam
696 1132 854 1169 discere
876 1132 1132 1169 maluerunt.

158 1186 307 1236 Neque
328 1191 474 1225 tamen
496 1200 573 1224 suo
595 1188 769 1225 omnino
789 1187 934 1224 fructu
956 1187 1163 1224 carebunt
1179 1186 1423 1236 Apologiae,
1442 1191 1672 1236 quantum-

102 1241 208 1279 libet
236 1241 331 1279 illae
356 1242 528 1291 quidem
557 1242 639 1279 leui
669 1241 841 1279 brachio
868 1242 1146 1291 conscriptae,
1173 1254 1224 1279 ne
1253 1241 1349 1291 plus
1376 1243 1480 1279 satis
1508 1241 1567 1279 illi
1595 1241 1674 1278 sibi
1695 1259 1734 1289 75

102 1296 313 1346 placeant,
347 1297 462 1346 quod
499 1309 594 1334 cum
631 1297 808 1334 Erasmo
843 1297 1106 1334 videbuntur
1141 1296 1240 1334 olim
1276 1297 1406 1333 fuisse
1437 1297 1673 1341 commissi;

103 1363 203 1388 nam
233 1356 277 1389 et
307 1352 443 1389 omnis
474 1352 704 1401 posteritas
735 1351 878 1401 qualia
909 1351 1161 1401 produxerit
1192 1351 1293 1388 haec
1324 1356 1444 1389 aetas
1473 1355 1675 1400 portenta

103 1411 342 1455 cognoscet,
364 1411 407 1444 et
429 1411 711 1456 posteaquam
734 1407 876 1444 viuere
897 1406 1067 1444 desierit
1089 1406 1292 1443 Erasmus
1314 1410 1358 1443 et
1386 1407 1428 1443 in
1457 1406 1549 1444 fata
1577 1419 1673 1443 6011-

102 1461 287 1506 cesserit,
321 1461 480 1511 alioqui
520 1461 846 1499 immortalitate
886 1461 1170 1511 dignissimus
1207 1461 1341 1511 proba
1381 1462 1460 1498 erit
1496 1462 1676 1498 materia

102 1515 309 1554 aduersus
336 1516 626 1566 sycophantas
657 1517 705 1563 (si
737 1517 810 1565 qui
839 1521 983 1554 tamen
1010 1517 1212 1562 existent)
1242 1520 1454 1566 apparata
1481 1517 1675 1553 veritatis
1694 1525 1737 1555 80

102 1571 388 1621 patrocinium
422 1572 694 1621 suscepturis,
726 1570 976 1620 Erasmique
1007 1584 1162 1608 nomen
1194 1571 1249 1608 ab
1281 1570 1458 1608 infamia
1489 1570 1674 1608 vindica-

102 1627 231 1664 turis:
265 1638 447 1675 quorum
469 1626 520 1664 de
547 1639 724 1664 numero
752 1639 818 1663 me
846 1626 947 1671 1016,
970 1627 1003 1663 31
1031 1626 1133 1675 quid
1162 1626 1243 1663 huc
1271 1625 1461 1663 conferre
1488 1638 1675 1675 possum,

101 1685 146 1718 et
167 1682 202 1718 si
222 1682 496 1731 superstitem
519 1681 697 1718 Erasmo
717 1694 805 1718 esse
827 1682 1057 1730 continget,
1082 1682 1164 1718 iam
1187 1693 1273 1718 non
1295 1682 1355 1718 ita
1377 1681 1539 1730 pridem
1565 1682 1676 1718 inter

104 1739 207 1773 vota
247 1735 351 1773 mihi
389 1740 686 1786 nuncupatum
728 1740 804 1773 est.
865 1735 981 1773 Nihil
1022 1737 1134 1773 enim
1172 1736 1250 1773 sibi
1286 1735 1489 1772 videntur
1525 1735 1676 1784 reliqui

102 1790 256 1828 fecisse
277 1791 331 1828 ad
359 1790 629 1835 calumniam,
659 1792 725 1828 cui
754 1790 820 1828 vel
851 1803 936 1828 non
967 1791 1145 1828 abunde
1169 1792 1273 1828 satis
1301 1791 1388 1840 ipse
1418 1790 1579 1835 1666113,
1609 1790 1737 1837 ve185

103 1845 217 1894 quod
239 1858 290 1882 ex
313 1846 361 1883 iis
382 1858 491 1894 quae
512 1846 595 1883 iam
618 1845 754 1883 relata
775 1850 877 1883 sunt
898 1845 1032 1883 refelli
1053 1847 1160 1883 citra
1182 1847 1403 1895 negocium
1427 1858 1510 1882 non
1533 1850 1674 1894 queat.

158 1899 268 1946 Quin
300 1900 405 1938 illud
436 1913 605 1950 quoque
637 1902 771 1945 iuuat,
798 1900 924 1950 quod,
954 1906 1004 1938 vt
1034 1913 1110 1938 sua
1141 1901 1292 1950 cuique
1322 1901 1475 1938 iniuria
1506 1900 1678 1937 videtur

103 1956 288 1993 maxime
322 1957 463 2005 grauis
502 1960 558 1999 et,
592 1959 642 1993 Vb
676 1956 738 1993 ait
770 1955 851 2001 ille,
886 1955 999 1995 εὐθὺς
1033 1954 1204 2005 ἀπήμων
1238 1955 1381 2004 κραδία
1422 1955 1543 1995 κᾶδος
1579 1954 1677 2003 ἀμφ’

102 2009 322 2059 ἀλλότριον,
345 2011 406 2048 113
428 2011 500 2048 vix
522 2010 653 2048 alium
675 2010 876 2051 licuisset,
899 2011 1059 2060 opinor,
1083 2011 1281 2055 inuenire,
1303 2023 1355 2047 ne
1376 2011 1487 2047 inter
1513 2010 1676 2047 amicis-

103 2065 231 2103 simos
248 2065 432 2114 quidem,
451 2066 518 2103 cui
535 2078 668 2115 aeque
685 2065 835 2103 fuisset
857 2065 973 2103 cordi
991 2066 1187 2103 veritatis
1204 2066 1383 2102 assertio
1400 2065 1677 2114 depulsioque
1697 2082 1739 2110 90

102 2119 426 2165 calumniarum,
455 2121 703 2170 praesertim
736 2121 777 2158 in
807 2120 954 2158 alienis
986 2120 1378 2158 lucubrationibus:
1416 2132 1676 2168 quanquam,

103 2175 237 2212 sicubi
259 2175 374 2221 alias,
394 2175 459 2213 hic
477 2176 747 2225 potissimum
767 2175 907 2213 valere
928 2175 1113 2212 debebat
1135 2175 1252 2219 illud,
1271 2175 1517 2212 Amicorum
1535 2175 1677 2211 omnia

104 2231 358 2275 communia,
371 2230 443 2267 sed
456 2230 645 2280 plerique
659 2243 804 2268 omnes
819 2235 896 2268 aut
910 2230 1243 2267 contemnendos
1257 2230 1426 2267 10111161
1439 2230 1675 2266 existimas-

103 2289 198 2322 sent
212 2284 553 2330 calumniatores,
569 2290 646 2323 aut
660 2286 693 2322 si
708 2286 802 2334 quis
817 2285 990 2322 tandem
1006 2285 1190 2322 tuendae
1206 2285 1400 2322 veritatis
1414 2285 1675 2334 prouinciam

103 2340 367 2389 suscepisset,
386 2344 477 2377 tam
499 2352 582 2378 non
598 2345 821 2389 aequasset
841 2344 938 2377 tuos
960 2341 1000 2377 in
1019 2340 1315 2389 retorquendis
1336 2339 1676 2377 aduersariorum
1697 2356 1738 2386 95

104 2393 317 2432 lemmatis
357 2407 509 2432 neruos
542 2408 672 2444 quam
706 2408 830 2433 nemo
864 2395 993 2442 (absit
1029 2395 1206 2442 inuidia)
1239 2395 1293 2432 ad
1330 2395 1454 2431 istam
1493 2394 1678 2431 numeris

103 2449 299 2486 omnibus
338 2449 580 2487 absolutam
620 2450 903 2488 eruditionem
943 2451 1056 2487 ausit
1094 2451 1293 2500 aspirare.
1355 2449 1403 2487 Id
1440 2449 1554 2498 quod
1594 2449 1676 2485 iam

103 2503 232 2542 semel
252 2508 296 2542 et
317 2505 471 2542 iterum
496 2505 689 2542 vidimus

160 2558 250 2597 Hos
272 2560 417 2609 itaque
439 2559 604 2597 labores
621 2564 731 2604 tuos,
749 2561 921 2597 tametsi
946 2572 1030 2597 non
1053 2559 1145 2597 illos
1162 2559 1333 2608 quidem
1357 2559 1434 2596 tibi
1457 2558 1676 2602 iucundos,

104 2617 248 2651 tamen
271 2614 552 2664 aliquousque
573 2615 829 2652 necessarios
851 2615 1134 2659 considerans,
1150 2614 1301 2652 deiude
1324 2614 1437 2651 haud
1460 2625 1675 2662 quaquam
1700 2630 1760 2651 100

106 2669 288 2718 ignarus,
321 2673 369 2706 vt
399 2674 567 2707 caetera
597 2669 707 2707 fores
737 2671 913 2713 ociosus,
946 2674 1156 2719 quantum
1189 2669 1392 2719 temporis
1425 2668 1677 2705 absumatur

105 2723 266 2761 interea
282 2724 383 2762 dum
401 2724 604 2774 epistolas
621 2724 675 2762 ad
691 2729 732 2762 te
749 2737 872 2762 omne
889 2738 1020 2773 genus
1038 2724 1255 2761 hominum
1273 2737 1323 2760 cx
1339 2724 1452 2760 omni
1468 2728 1675 2760 terrarum

106 2783 227 2828 parte
248 2778 360 2828 legis,
384 2779 486 2817 dum
508 2779 747 2829 respondes,
766 2779 868 2817 dum
890 2780 1042 2829 signas
1061 2779 1162 2816 dum
1186 2778 1423 2816 reddendas
1445 2778 1677 2814 committis

151 2880 203 2917 56.
229 2877 367 2916 ψάλτου]
400 2878 465 2909 See
499 2888 514 2908 2
550 2878 667 2919 Kings
704 2888 734 2909 2.
771 2888 856 2917 ()—15
969 2880 1022 2908 88,
1048 2877 1154 2915 εὐθὺς]
1174 2878 1321 2911 I'indar,
1344 2877 1441 2907 Nsm.
1466 2886 1491 2905 1.
1513 2884 1564 2914 54.

107 2922 212 2962 (Reg.
231 2933 261 2961 4.
278 2921 311 2953 '2.
329 2925 443 2960 0-15),
462 2923 507 2953 cf.
527 2923 650 2953 Sit-ach
668 2923 720 2962 48.
741 2932 789 2953 12.
968 2931 1066 2961 92-3.
1093 2923 1216 2952 onmia
1244 2920 1467 2957 eommunia]
1495 2920 1605 2958 Adaq.
1638 2929 1646 2949 1
1667 2931 1674 2952 ;

151 2968 205 3003 69.
231 2965 324 3005 ὄψον]
342 2966 395 2997 Cf.
415 2966 562 3003 Pindar,
583 2967 684 2998 Nem.
703 2968 733 2997 8.
755 2976 806 2997 21.
925 2977 971 2997 an
989 2966 1104 3006 adagc
1123 2967 1157 2996 in
1176 2966 1293 2996 which
1311 2965 1485 2995 Erasmus
1501 2963 1674 2994 believed.
