1966 3379
239 123 318 160 290
667 122 924 161 LETTERS
955 122 1025 161 OF
1056 121 1321 161 ERASMUS
1681 125 1803 172 [1533

239 240 394 277 magno
417 231 462 265 et
483 228 672 278 spacioso
694 227 903 271 manibus,
922 231 970 264 vt
992 226 1181 276 psalmus
1203 226 1317 271 dicit,
1340 227 1614 276 nauigamus3
1648 228 1801 265 mirum

238 294 322 319 non
355 286 432 327 est,
464 283 496 319 si
530 282 826 320 communibus
858 281 1089 330 aliquando
1124 281 1318 331 procellis
1353 283 1574 331 agitemur.
1634 281 1715 319 Sed
1751 282 1802 320 de

179 350 219 381 25
239 336 318 373 hiis
336 336 429 386 plus
447 338 588 374 nimio.
650 337 712 374 Tu
731 337 840 374 enim
858 349 940 373 non
958 341 1047 374 tam
1066 336 1310 385 (theologis,
1333 338 1462 384 quos>
1484 337 1654 380 mouisti,
1672 349 1801 385 quam

238 391 359 428 nobis
392 392 671 441 semipaganis
707 395 933 441 praecepta
965 390 1236 440 praescribes,
1270 390 1371 439 quid
1407 390 1495 428 fieri
1528 395 1725 440 oporteat
1758 392 1798 428 in

239 446 404 483 euentis
426 446 678 483 huiusmodi.

294 500 357 537 De
378 500 550 537 famulis
573 503 658 538 tuis
680 506 819 537 tecum
843 512 893 537 ex
916 500 1057 537 animo
1079 498 1212 543 doleo,
1231 499 1300 536 sed
1321 502 1369 536 tu
1390 504 1539 536 contra
1562 499 1804 537 huiusmodi

239 554 329 592 fata
351 555 575 592 audentior
603 556 674 592 ito.
736 554 838 592 Vale
866 560 909 592 et
938 567 1016 599 me,
1040 559 1087 591 vt
1116 554 1231 599 facis,
1255 566 1364 598 ama,
1387 554 1464 591 hoc
1493 559 1657 591 certum
1687 554 1802 591 habi-

179 621 220 652 30
240 613 375 654 turus,
409 614 457 647 vt
489 622 565 660 pro
606 615 648 647 te
684 614 942 659 propterque
974 613 1051 646 tua
1083 608 1307 645 commoda
1343 609 1421 645 sim
1455 610 1597 645 omnia
1633 621 1738 653 mea,
1772 610 1803 645 si

239 676 406 701 necesse
438 665 505 710 sit,
538 665 822 714 expositurus.
883 663 1060 713 Scripsit
1092 663 1218 700 michi
1252 663 1316 700 vir
1351 662 1502 700 doctus
1538 662 1803 700 Guilhelmus

239 717 491 764 Gamshorn,
523 719 624 756 iuris
655 719 815 763 doctor,
848 719 918 767 qui
952 731 1086 768 nuper
1122 717 1186 755 hic
1222 717 1316 762 fuit,
1350 730 1485 767 regem
1518 717 1679 755 Galliae
1715 718 1805 755 fato

239 774 502 819 concessisse,
525 775 581 811 sic
603 774 713 810 enim
737 786 824 810 sese
853 773 1075 822 accepisse,
1099 777 1147 809 vt
1175 784 1259 809 non
1289 785 1553 822 superuacuo
1583 785 1665 810 vno
1694 785 1804 809 anno

239 827 324 865 duo
345 833 535 866 cometae
557 829 845 878 apparuerint.

179 893 219 925 35
295 882 459 920 Iterum
482 883 588 928 vale,
611 882 758 919 Tercio
780 882 882 919 Idus
904 881 1086 931 Augusti
1108 881 1231 919 Anno
1251 886 1330 919 ete.
1354 892 1514 920 xxxm.

295 937 544 975 Balnearem
565 936 788 987 epistolam
812 936 911 974 boni
933 936 1157 974 consulito.

1213 990 1330 1028 Tuus
1350 1004 1402 1028 ex
1423 992 1563 1029 animo

1072 1045 1265 1083 Vlrichus
1287 1045 1432 1083 Zasius
1455 1046 1498 1083 L.
1523 1046 1566 1083 L.
1591 1046 1752 1084 doctor.

296 1118 449 1167 Magno
475 1118 524 1155 D.
550 1118 737 1163 Erast
761 1118 906 1156 diuino
934 1117 1075 1162 Heroi,
1098 1117 1288 1155 omnium
1317 1116 1537 1154 meliorum
1567 1117 1808 1155 litterarum

240 1172 480 1210 diuinarum
501 1177 544 1210 et
567 1172 850 1210 humanarum
872 1173 1063 1222 principi,
1086 1172 1349 1222 praeceptori
1371 1172 1640 1210 obseruatiss.

566 1353 756 1404 28582859
818 1349 885 1389 To
918 1348 1163 1389 BONIFACE
1197 1349 1480 1390 AMERBACH.

291 1439 410 1473 Basle
428 1439 510 1473 MS.
533 1439 619 1472 AN.
641 1439 718 1472 III.
743 1449 798 1480 15.
821 1449 879 1480 51.
1463 1440 1711 1484 <Freiburg.>

289 1488 335 1528 Q.
356 1490 415 1522 81.
1410 1498 1452 1531 17
1473 1490 1631 1533 August
1654 1500 1759 1532 1533.

271 1555 343 1593 [An
361 1555 514 1596 original
531 1555 652 1591 letter,
671 1555 880 1596 autograph
899 1555 1142 1597 throughout,
1162 1555 1225 1586 the
1242 1556 1393 1587 address
1411 1556 1440 1586 is
1458 1556 1507 1596 by
1524 1567 1545 1587 a
1562 1556 1774 1597 secretary.]

297 1614 335 1652 S.
395 1615 458 1652 De
488 1615 723 1652 miserrima
758 1615 836 1652 hac
870 1615 1116 1653 valetudine
1147 1615 1252 1652 nihil
1283 1616 1387 1653 certi
1417 1616 1575 1665 possim
1605 1615 1805 1665 polliceri.

241 1668 383 1706 Noctu
416 1674 536 1707 ortus
566 1669 723 1707 Boreas
755 1682 820 1707 me
848 1669 991 1707 subito
1020 1671 1062 1707 in
1088 1683 1290 1720 magnum
1321 1671 1500 1707 coniecit
1532 1670 1705 1708 malum.
1767 1670 1809 1708 Si

242 1725 412 1773 poteris,
434 1725 644 1774 paciscere
672 1724 722 1762 de
750 1725 851 1761 naui
880 1724 985 1761 bene
1007 1728 1123 1762 tecta
1143 1724 1384 1774 quindecim
1412 1724 1603 1770 fiorenis3
1636 1725 1750 1774 quod
1777 1726 1810 1762 si

241 1790 317 1828 ego
333 1783 434 1816 ante
451 1778 748 1816 duodecimum
766 1779 877 1816 diem
894 1778 1154 1829 Septembris
1171 1792 1338 1829 cogerer
1355 1784 1522 1817 mutare
1538 1780 1807 1824 sententiam,

204 1845 222 1876 5
242 1838 399 1870 nautae
420 1834 551 1882 gratis
572 1834 812 1883 acciperent
833 1834 1005 1871 tertiam
1028 1833 1145 1871 nauli
1167 1838 1345 1884 partem,
1368 1838 1411 1871 et
1432 1833 1623 1872 locarent
1651 1847 1804 1872 nauem

243 1900 363 1925 suam
385 1888 451 1925 cui
474 1887 644 1925 vellent.
706 1888 818 1925 Bene
842 1887 947 1925 vale.

1252 1943 1454 1981 Erasmus
1476 1948 1576 1981 tuus
1597 1943 1755 1981 infelix.

299 1996 521 2034 Dominica
542 1997 608 2035 die
630 2002 727 2047 post
748 2002 966 2048 assumpte
990 1997 1173 2047 virginis.
1229 2007 1344 2046 1533.

299 2068 479 2119 Egregio
493 2069 583 2106 viro
601 2068 782 2106 Domino
800 2068 1020 2106 Bonifacio
1036 2068 1318 2107 Amerbachio
1336 2069 1377 2106 ll.
1393 2069 1569 2108 doctori.
1606 2070 1808 2108 Basileae.

524 2232 729 2272 2⁵³5S2S59.
794 2232 931 2273 FROM
964 2232 1209 2273 BONIFACE
1244 2234 1529 2274 AMERBACH.

295 2321 414 2356 Basle
432 2321 514 2356 MS.
536 2322 577 2356 C.
599 2322 689 2355 VIa.
712 2331 769 2365 73.
793 2332 874 2363 209.
1463 2373 1489 2405 A
1533 2323 1662 2356 Basle.

1434 2378 1468 2413 <4
1493 2376 1611 2416 ugust
1636 2379 1763 2415 1533.>

288 2438 362 2476 [An
394 2438 602 2479 autograph
634 2438 881 2479 rough-draft.
929 2439 1046 2470 There
1077 2449 1139 2470 are
1170 2449 1192 2470 a
1224 2439 1319 2480 good
1352 2449 1462 2479 many
1490 2440 1711 2470 corrections
1739 2440 1812 2470 and

244 2482 410 2512 variants
431 2481 625 2521 suggested
650 2482 687 2512 in
712 2482 776 2513 the
800 2491 860 2512 Ms.
882 2483 1000 2513 which
1022 2493 1073 2514 we
1096 2483 1190 2514 have
1207 2488 1273 2514 not
1291 2483 1451 2523 thought
1469 2483 1497 2513 it
1515 2483 1634 2513 worth
1652 2483 1756 2513 while
1774 2488 1812 2514 to

245 2525 382 2556 record.
430 2525 506 2555 The
524 2525 610 2555 date
627 2535 694 2555 can
712 2526 757 2556 be
775 2526 944 2567 supplied
964 2527 1058 2557 from
1075 2527 1139 2557 the
1156 2526 1266 2558 let-ter
1283 2527 1400 2557 which
1418 2527 1492 2557 this
1510 2528 1696 2564 answers.]

301 2583 339 2622 S.
370 2584 414 2621 P.
475 2583 663 2621 Tametsi
690 2585 913 2623 innumera
940 2589 1017 2623 tua
1045 2587 1086 2623 in
1116 2599 1182 2623 me
1213 2586 1416 2624 beneficia
1446 2590 1607 2630 extent,
1638 2586 1812 2623 Erasme

245 2638 486 2683 clarissime,
501 2651 576 2676 nec
591 2644 734 2676 tamen
749 2641 869 2677 nouis
884 2644 930 2677 tu
946 2640 1176 2678 identidem
1192 2640 1407 2678 cumulare
1422 2640 1589 2685 desinis,
1604 2641 1811 2690 genuinae

272 2710 386 2740 ‘2858
413 2718 443 2748 3.
470 2710 650 2750 paciscere
668 2710 904 2750 scripsimus:
932 2712 1117 2752 paciscisei
1134 2711 1216 2742 MS.
1326 2712 1422 2743 2859.
1450 2722 1477 2742 Δ.
1506 2724 1511 2738 ¹
1528 2711 1690 2742 umulare
1708 2722 1775 2751 sup
1798 2723 1815 2741 r

245 2763 374 2784 ornare
390 2752 473 2783 MS.

291 2840 387 2870 2857.
415 2849 466 2879 23.
493 2840 671 2880 psalmus]
693 2849 764 2880 103.
785 2851 823 2880 25
843 2841 992 2881 (Vulg.).
1071 2852 1128 2872 see
1147 2842 1242 2883 Epp.
1263 2843 1357 2882 2872.
1376 2853 1407 2882 4,
1427 2843 1522 2879 2889.
1542 2842 1676 2872 introd.

293 2885 344 2914 28.
371 2883 532 2922 famulis]
554 2884 625 2914 For
644 2885 707 2914 the
724 2885 888 2915 troubles
905 2886 994 2916 with
1108 2895 1148 2923 29
1193 2886 1389 2916 audentior
1419 2886 1486 2923 ito]
1519 2885 1624 2925 Verg.
1658 2886 1746 2916 Aen.
1781 2887 1811 2915 6.

249 2927 410 2958 Jacobus
423 2937 482 2957 see
496 2927 565 2967 Ep.
581 2930 676 2966 2652.
690 2929 755 2964 8n;
775 2928 831 2958 for
843 2930 995 2968 anxiety
1062 2939 1115 2967 95.

249 2971 363 3002 about
382 2971 498 3011 losing
511 2971 574 3002 the
587 2972 742 3002 services
756 2972 792 3002 of
809 2972 994 3012 Cognatus
1108 2982 1160 3012 32.
1186 2972 1407 3011 Gamshorn]
1427 2973 1499 3004 Not
1519 2973 1653 3003 known
1672 2977 1710 3003 to
1729 2983 1782 3003 us.
