1966 3379
209 94 283 132 152
663 95 918 132 LETTERS
949 94 1018 132 OF
1050 94 1314 133 ERASMUS
1645 97 1768 144 [1533

610 204 799 255 276227,ῦ
861 201 928 241 ΤΟ
952 201 1193 241 NicnoLAs
1217 200 1364 241 OLAJI.

254 290 475 333 Esterhazy
496 290 576 323 MS.
600 301 680 334 341.
1432 290 1635 333 Freiburg.

253 339 335 372 ΟΕ.
358 348 440 382 277.
1343 348 1362 381 7
1383 339 1589 383 February
1613 349 1716 382 1533.

389 416 586 442 ERASMVs
617 416 939 442 ROTERODAMVS
970 416 1010 441 N.
1044 416 1155 441 OLAO
1186 415 1456 442 SECRETARIO
1487 416 1518 443 S.
1543 416 1582 442 R.

257 475 351 513 ORo
369 481 417 513 vt
439 476 547 513 hanc
569 477 792 525 epistolam
812 476 924 525 legas
947 475 1072 519 solus,
1092 488 1166 512 nec
1189 475 1283 512 huic
1301 475 1521 512 tabellioni
1539 477 1764 525 quicquam

202 531 345 567 arcani
368 532 611 568 committas
641 536 936 580 praeterquam
964 530 1197 579 obsignatis
1227 530 1391 575 litteris,
1416 530 1562 567 Danus
1592 544 1642 567 ne
1665 531 1765 579 quid

202 585 308 622 sciat
330 585 479 623 harum
502 598 653 622 rerum.

257 639 393 677 Multa
439 645 539 677 sunt
580 653 687 688 quae.
735 640 836 677 mihi
877 639 1070 683 suadent,
1114 642 1162 675 vt
1203 639 1438 688 relinquam
1480 638 1765 684 Germaniam,

163 707 180 736 5
201 695 370 731 eciamsi
392 695 613 743 contingat
634 707 723 732 esse
745 695 946 743 quietam.
1007 693 1144 730 Multa
1167 706 1313 731 rursus
1340 698 1453 738 sunt,
1476 706 1584 743 quac
1614 693 1765 731 isthinc

201 749 430 787 deterrent.
492 749 604 786 lllud
627 754 756 799 caput
778 754 854 793 est,
879 749 934 785 mi
956 747 1081 785 Olac:
1115 760 1164 785 ea
1188 752 1251 785 est
1273 749 1458 797 corporis
1483 754 1525 786 et
1553 753 1695 786 aetate
1723 754 1766 786 et

201 803 416 841 laboribus
446 803 572 841 fracti
604 803 808 841 valetudo
838 807 886 840 vt
913 815 1034 851 aegre
1066 808 1187 840 tuear
1218 803 1351 840 vitam
1384 803 1498 840 domi
1530 803 1764 840 conclusus.

200 858 505 907 Corpusculum
524 858 662 895 cribro
684 859 819 895 rarius
836 870 886 894 nc
903 858 1115 894 aestiuum
1134 857 1304 906 quidem
1322 857 1403 894 fert
1422 857 1598 894 coelum.
1643 857 1763 903 Quod

200 913 233 949 si
264 912 361 950 aula
390 913 518 950 vellet
546 926 611 950 me
640 913 694 950 ab
726 912 803 949 hac
829 913 971 961 quiete
1000 924 1208 957 reuocare,
1235 924 1349 949 mors
1376 916 1485 949 essct
1515 913 1763 957 certissima,

142 978 180 999 10
200 971 361 1004 certum
392 969 488 1005 scio.
549 967 590 1004 Si
616 967 717 1016 quid
746 979 898 1016 queam
928 970 1144 1015 praestare
1172 966 1288 1004 domi
1319 979 1508 1012 manens,
1537 966 1764 1016 perlubens

199 1021 346 1059 fe.cero
393 1022 500 1059 Amo
524 1022 573 1059 R.
598 1022 648 1059 D.
675 1021 1026 1058 Panormitanum
1045 1033 1129 1058 non
1147 1021 1392 1070 vulgariter,
1414 1021 1485 1058 sed
1507 1026 1570 1058 est
1591 1037 1764 1070 χρηστο-

198 1075 318 1124 λόγος
345 1076 522 1114 affatim
584 1077 651 1121 E‚t
674 1078 707 1113 si
733 1077 836 1113 satis
865 1076 964 1113 noui
993 1076 1115 1113 istius
1142 1075 1264 1113 aulae
1294 1077 1521 1123 ingenium,
1545 1077 1616 1113 vix
1645 1089 1763 1125 111ηᾶ(-

198 1131 307 1167 senti
330 1132 557 1180 quicquam
580 1135 888 1168 numeraretur
950 1129 1116 1167 Velim
1108 1143 1149 1167 ln
1173 1131 1317 1180 primis
1340 1130 1417 1167 hoc
1447 1131 1522 1167 abs
1549 1135 1590 1168 te
1613 1132 1762 1176 curari,

200 1190 247 1223 vt
280 1185 361 1223 huc
394 1187 559 1223 veniret
591 1185 771 1235 epistola
804 1185 869 1222 vel
904 1185 953 1221 D.
987 1184 1238 1222 Cancellarii
1270 1184 1335 1222 vel
1371 1185 1557 1234 Reginae
1595 1186 1764 1223 nomine

142 1250 178 1279 Ι5
199 1240 356 1290 scripta
378 1253 486 1289 quae
516 1253 580 1277 me
609 1244 839 1285 reuocaret,
863 1243 912 1276 vt
941 1239 1120 1276 habeam
1150 1239 1215 1276 hic
1245 1239 1467 1277 honestam
1498 1241 1761 1277 occasionem

199 1295 394 1332 vertendi
430 1295 579 1337 solum,
616 1307 667 1331 ne
704 1294 850 1331 videar
884 1294 982 1331 odio
1022 1295 1273 1343 cuiusquam
1313 1294 1539 1332 discedere.
1601 1294 1763 1332 Deinde

198 1350 442 1387 mitteretur
463 1349 637 1398 aliquod
659 1349 861 1386 viaticum
884 1348 1123 1387 honestum.
1175 1348 1366 1386 Debetur
1387 1349 1488 1385 mihi
1512 1350 1594 1386 iam
1618 1350 1763 1398 pensio

197 1403 340 1441 decem
363 1404 483 1441 annis
504 1409 580 1441 aut
600 1416 649 1441 eo
670 1403 864 1453 amplius.
924 1402 1040 1440 Nihil
1067 1404 1209 1453 magni
1234 1402 1422 1441 facerent
1449 1404 1483 1440 si
1512 1404 1635 1440 vnius
1663 1405 1762 1441 anni

197 1460 343 1507 pensio
373 1460 630 1496 mitteretur.
689 1457 811 1503 Quod
841 1458 875 1495 si
903 1470 989 1494 non
1017 1462 1143 1507 putas
1174 1457 1448 1495 solicitandos
1479 1457 1761 1503 finantiarios,

139 1523 178 1543 20
198 1518 340 1562 posset
354 1526 508 1551 munus
523 1514 637 1550 mitti
653 1512 839 1562 Reginae
857 1513 1038 1550 nomine.
1083 1511 1221 1558 Quum
1238 1517 1454 1561 peteretur
1470 1525 1495 1549 a
1512 1525 1577 1550 me
1595 1512 1762 1550 libellus

200 1568 259 1604 De
284 1567 433 1612 Vidua,
457 1580 529 1605 sex
559 1567 762 1617 epistolae
790 1567 938 1604 eodem
967 1572 1219 1616 argumento
1247 1567 1300 1604 ad
1330 1579 1395 1604 me
1424 1571 1657 1612 venerunt,
1690 1567 1762 1604 vbi

197 1623 405 1672 praestita
434 1627 534 1660 sunt
563 1623 717 1667 omnia,
747 1621 913 1659 refrixit
943 1621 1190 1659 Henkellus.
1252 1621 1450 1670 Migratio
1478 1621 1579 1659 mihi
1608 1634 1761 1671 magno

197 1677 412 1714 constabit
445 1681 537 1714 tum
573 1677 626 1714 ob
659 1675 965 1726 supellectilem
1006 1681 1099 1714 tum
1140 1676 1193 1714 ob
1233 1677 1413 1713 vitream
1454 1676 1759 1714 valetudinem.

197 1730 277 1768 Sed
297 1736 398 1768 ante
420 1732 561 1769 omnia
582 1743 778 1781 cuperem
800 1743 892 1768 eam
918 1731 1193 1768 honorificam
1219 1743 1318 1768 esse.
1379 1729 1500 1776 Quod
1529 1731 1563 1768 si
1591 1731 1761 1768 litterae

136 1794 176 1823 25
197 1798 270 1835 per
292 1786 403 1823 hunc
424 1787 626 1823 nuncium
649 1785 973 1835 Friburgensem
994 1785 1181 1835 expediri
1206 1798 1291 1823 non
1316 1789 1507 1835 possunt,
1529 1786 1762 1823 mittantur

198 1841 398 1878 nundinis
434 1841 573 1878 vernis
607 1853 681 1890 per
715 1840 941 1877 Erasmum
975 1839 1203 1877 Schaetum
1236 1840 1291 1877 ad
1326 1840 1621 1877 Hieronimum
1660 1840 1758 1877 Fro-

198 1895 390 1932 benium:
423 1895 570 1933 eodem
592 1896 794 1932 mittatur
815 1907 971 1932 munus
994 1895 1193 1944 Reginae,
1216 1895 1249 1931 si
1270 1894 1454 1932 dabitur.
1506 1894 1587 1932 Sed
1609 1899 1758 1932 vtcun-

197 1962 278 1998 que
296 1963 360 1987 res
379 1949 564 1994 habebit,
583 1949 649 1986 fac
666 1954 714 1986 vt
735 1950 864 1986 sciam
886 1950 927 1986 in
951 1954 1152 1999 tempore,
1171 1953 1219 1986 vt
1241 1949 1396 1998 possim
1418 1949 1520 1986 meis
1542 1949 1759 1987 consulere

196 2004 332 2041 rebus.
391 2004 457 2041 Ad
479 2005 663 2054 patriam
684 2004 844 2054 aspirat
868 2005 1045 2041 animus.
1107 2004 1228 2053 Rogo
1250 2016 1300 2041 ne
1323 2004 1365 2040 in
1388 2003 1540 2053 vulgus
1561 2009 1759 2053 erumpat

137 2067 178 2097 30
196 2071 262 2095 me
279 2071 428 2108 parare
450 2059 648 2104 reditum,
666 2071 751 2107 quo
771 2059 874 2096 mihi
891 2059 1026 2096 tutius
1044 2059 1099 2096 sit
1121 2060 1211 2095 iter.
1255 2058 1405 2095 Variae
1422 2064 1523 2095 sunt
1540 2058 1758 2095 hominum

196 2113 382 2150 insidiae.
442 2113 585 2150 Etiam
621 2118 751 2162 atque
786 2114 916 2150 etiam
952 2125 1024 2150 oro
1057 2117 1105 2150 vt
1137 2113 1215 2150 hac
1255 2113 1298 2149 in
1330 2125 1373 2149 re
1408 2112 1596 2150 declares
1629 2114 1757 2150 istum

196 2168 326 2204 animi
348 2168 410 2205 tui
433 2168 659 2205 candorem
682 2180 808 2217 quem
830 2167 999 2206 litterae
1021 2172 1120 2205 tuae
1141 2180 1240 2217 prae
1263 2180 1305 2204 se
1327 2167 1483 2204 ferunt.

251 2222 456 2259 Leuinum
478 2235 618 2260 meum
646 2235 790 2260 rumor
813 2227 879 2260 est
905 2235 994 2260 esse
1019 2223 1234 2260 maritum.
1293 2221 1414 2267 Quod
1442 2222 1475 2259 si
1503 2235 1650 2259 verum
1679 2226 1756 2267 est,

196 2288 370 2324 praecor
405 2281 452 2314 vt
485 2278 539 2314 sit
579 2277 769 2314 faustum
805 2290 853 2314 ac
892 2277 1033 2315 foelix.
1093 2276 1191 2314 Non
1223 2277 1335 2313 enim
1375 2276 1539 2321 dubito,
1573 2278 1675 2325 quin
1715 2290 1758 2314 se

135 2337 175 2368 35
195 2330 366 2379 dignam
385 2336 566 2369 venatus
584 2332 650 2369 sit.
698 2331 740 2370 Si
757 2336 1066 2382 perseuerasset
1090 2332 1132 2368 in
1154 2331 1322 2375 litteris,
1341 2331 1424 2368 iam
1448 2343 1560 2368 nunc
1578 2344 1757 2381 magnus

193 2390 316 2423 esset.

250 2439 345 2477 Non
368 2441 552 2478 vacabat
572 2441 776 2490 pluribus.
838 2441 966 2490 Vrget
988 2440 1175 2478 tabellio.
1236 2439 1333 2478 Non
1355 2440 1492 2490 relegi,
1515 2440 1693 2490 ignosce.

249 2494 443 2544 Friburgi
465 2505 487 2543 7
510 2495 575 2533 die
597 2495 798 2533 februarii
821 2505 937 2543 1533.

238 2635 268 2656 2.
295 2626 436 2664 Danus]
461 2627 586 2658 James
613 2628 760 2668 Jaspar,
786 2638 844 2658 see
870 2628 938 2668 Ep.
1009 2627 1112 2657 write
1131 2626 1169 2657 of
1191 2626 1354 2657 Livinus'
1369 2627 1548 2666 marriage
1564 2636 1604 2656 as
1622 2626 1755 2657 known

195 2678 279 2708 2570
296 2670 429 2700 introd.
1008 2675 1048 2701 to
1070 2671 1146 2700 him
1169 2670 1255 2710 only
1279 2670 1327 2710 by
1347 2679 1498 2700 rumour
1517 2669 1637 2700 would
1658 2679 1755 2699 seem

242 2722 289 2742 11.
324 2713 643 2752 Panormitanum]
675 2715 773 2745 John
807 2715 939 2745 Caron-
1009 2719 1048 2744 to
1076 2715 1175 2744 show
1205 2714 1289 2744 that
1318 2713 1362 2743 he
1395 2713 1467 2743 had
1496 2718 1562 2743 not
1590 2713 1754 2743 received

194 2756 292 2787 delet
310 2757 382 2787 had
400 2757 544 2788 himself
561 2759 708 2789 written
731 2758 814 2798 (Ep.
841 2759 939 2795 2689)
1009 2758 1104 2798 Epp.
1124 2760 1222 2796 2093,
1238 2757 1493 2796 2759,because
1507 2757 1610 2787 these
1627 2756 1755 2786 letters

194 2804 233 2830 to
251 2800 437 2837 Erasmus,
459 2811 497 2838 19
519 2802 607 2841 July
633 2811 735 2841 1532:
762 2802 806 2832 he
827 2807 940 2833 wrote
1008 2801 1124 2841 speak
1148 2801 1185 2831 of
1210 2802 1239 2831 it
1264 2802 1300 2832 in
1323 2800 1447 2831 detail.
1495 2800 1564 2830 His
1586 2800 1696 2830 letter
1717 2801 1755 2830 of

193 2844 299 2883 again
317 2854 364 2874 on
383 2853 423 2883 27
440 2845 563 2875 March
584 2854 677 2884 1533,
696 2846 764 2886 Ep.
786 2846 879 2885 2784.
1009 2854 1050 2881 29
1079 2845 1171 2884 Aug.
1204 2853 1285 2883 1532
1315 2844 1398 2883 (Ep.
1430 2845 1543 2883 2707),
1573 2843 1753 2879 however,

241 2896 290 2926 17.
316 2888 457 2927 pensio]
477 2888 541 2919 See
559 2889 626 2928 Ep.
648 2898 719 2928 370.
742 2890 817 2919 18n.
1008 2898 1092 2928 says
1108 2888 1153 2918 he
1171 2888 1243 2918 had
1260 2888 1372 2918 heard
1389 2887 1426 2918 of
1443 2887 1506 2918 the
1520 2887 1698 2926 wedding.

238 2939 288 2969 33.
309 2931 503 2970 Leuinum]
514 2931 611 2962 That
624 2933 798 2962 Erasmus
809 2932 939 2963 should
