1966 3379
253 113 331 151 208
682 109 940 149 LETTERS
971 109 1042 147 OF
1072 108 1339 148 ERASMUS
1701 111 1824 159 [1533

308 216 346 255 S.
390 216 447 254 At
468 229 544 253 nos
566 216 632 253 hic
654 219 722 253 tot
741 214 946 253 molestiis
969 214 1188 252 obruimur
1206 218 1254 251 vt
1275 214 1347 251 vix
1371 214 1461 263 ipsa
1482 213 1675 251 hilaritas
1691 215 1825 264 possit

251 271 501 315 exhilarare,
524 283 609 320 quo
630 271 763 319 magis
784 270 982 313 admiror,
1006 270 1038 306 si
1061 282 1177 306 meae
1199 269 1367 306 litterae
1394 272 1566 306 tantum
1596 268 1825 306 hilaritatis

251 326 494 364 attulerunt
514 327 657 362 animo
678 330 766 363 tuo.
817 324 991 362 Gaudeo
1013 329 1168 367 tamen,
1192 324 1248 360 mi
1269 322 1429 368 Carole,
1452 324 1486 360 si
1507 323 1633 360 modo
1654 327 1702 361 tu
1724 336 1826 361 vera

252 381 411 419 scribis.
471 380 592 426 Quod
616 381 648 417 si
671 379 843 429 quando
864 380 1000 416 rarius
1025 378 1077 415 ad
1108 384 1149 415 tc
1178 378 1315 415 scribo
1341 390 1469 427 quam
1499 382 1547 415 tu
1576 377 1716 422 velles,
1739 377 1825 416 noli

215 451 233 480 5
253 440 404 486 putare
423 435 489 473 vel
507 435 639 485 pilum
662 447 780 472 meae
803 436 843 471 in
867 440 909 472 te
928 433 1248 471 beneuolentiae
1266 432 1502 470 decessisse.
1550 432 1694 470 Habes
1716 433 1826 470 inter

252 489 512 530 παλαιονέους
533 491 636 527 satis
657 486 866 539 prolixam
888 489 942 526 ad
965 494 1006 526 te
1026 488 1264 538 epistolam.

308 544 463 595 Scripsi
492 544 655 593 pridem
684 557 757 594 per
786 544 910 581 huius
938 543 1127 581 ciuitatis
1155 542 1373 592 publicum
1405 543 1619 580 nuncium.
1680 542 1753 579 Ait
1783 555 1826 580 se

253 601 420 638 litteras
442 599 673 637 reddidisse
695 598 861 636 Scheto.
922 598 986 635 An
1010 597 1063 635 ad
1093 602 1134 634 te
1160 598 1431 647 peruenerint
1460 598 1610 634 nescio.
1671 596 1825 647 Scripsi

254 655 378 692 simul
413 654 467 692 ad
503 658 772 703 quaestorem
808 653 1047 698 Flandriae,
1082 653 1201 689 cuius
1236 652 1347 689 filius
1382 652 1552 689 nomine
1586 651 1826 689 Florentius

196 723 236 746 10
253 711 341 760 agit
364 709 545 747 Patauii.

308 764 405 802 Non
427 769 520 802 erat
540 776 719 809 necesse,
742 767 791 801 vt
812 767 855 800 te
878 767 953 800 tuo
979 763 1109 800 serico
1138 761 1351 812 spoliares.
1413 761 1590 799 Animus
1618 762 1697 799 iste
1725 764 1826 799 tuus

253 819 357 857 mihi
377 820 552 856 maximi
572 819 758 856 muneris
779 818 871 856 loco
891 822 968 855 est.

309 874 372 912 De
393 875 515 911 nouis
536 873 675 917 rebus,
698 885 806 922 quae
829 873 893 910 hic
916 873 1143 917 iactantur,
1166 884 1390 921 cognosces
1416 872 1572 922 partim
1600 884 1621 908 e
1649 871 1826 916 schedis,

254 942 360 979 quas
381 928 556 975 Quirino
578 927 747 973 tradidi,
770 928 927 977 partim
956 940 1007 964 ex
1036 927 1167 976 ipsius
1191 927 1407 964 relatione.
1469 925 1709 964 Hollandus
1737 930 1824 963 est:

198 997 235 1027 15
255 985 424 1022 mentiri
447 984 479 1021 si
502 983 644 1028 vellet,
663 995 747 1020 non
765 987 919 1032 posset.
964 982 1190 1020 Iactantur
1210 986 1253 1018 et
1275 981 1340 1018 hic
1358 981 1599 1031 prodigiosa
1618 980 1827 1030 quaedam

255 1039 307 1077 de
342 1039 510 1089 periuro
542 1037 728 1087 quodam
761 1051 785 1075 a
818 1037 986 1074 duobus
1021 1036 1300 1074 daemonibus
1334 1036 1559 1086 discerpto,
1594 1035 1644 1073 de
1677 1036 1771 1073 vico
1803 1049 1828 1073 a

255 1093 535 1131 daemonibus
558 1094 737 1130 incenso.
799 1092 890 1129 Risi
912 1092 1174 1129 mutoniatos
1196 1092 1300 1128 istos
1321 1091 1559 1129 daemones,

311 1148 626 1186 Admonueram
658 1147 855 1185 Liuinum
884 1151 933 1184 vt
960 1151 1037 1184 aut
1065 1150 1293 1183 venaretur
1321 1146 1509 1196 opimum
1542 1145 1827 1182 sacerdotium

255 1208 332 1241 aut
354 1203 527 1241 duceret
550 1215 737 1247 vxorem,
760 1201 833 1239 sed
853 1201 1048 1251 exemplo
1074 1200 1270 1250 Scepperi
1298 1200 1402 1238 bene
1431 1200 1639 1238 dotatam.
1701 1199 1829 1237 Miror

197 1273 238 1294 20
256 1258 472 1308 quomodo
503 1258 666 1295 iuuenis
694 1257 763 1294 ille
794 1257 967 1294 abijciat
997 1268 1096 1300 sese,
1123 1256 1174 1293 de
1202 1269 1286 1305 quo
1316 1268 1392 1305 ego
1422 1268 1516 1305 spes
1547 1255 1828 1305 amplissimas

256 1326 544 1363 conceperam.
605 1311 685 1350 Sed
706 1311 895 1349 nondum
918 1311 1051 1348 abieci
1073 1323 1190 1360 spem
1213 1323 1392 1348 omnem.

312 1368 411 1405 Fuit
451 1367 566 1418 apud
606 1379 683 1404 nos
718 1366 929 1404 Martinus
969 1365 1224 1408 Ioachimus,
1261 1365 1426 1402 iuuenis
1462 1365 1622 1414 egregie
1653 1364 1825 1402 doctus:

257 1423 456 1460 vacillare
488 1421 716 1459 videbatur
746 1421 901 1459 animo.
961 1420 1151 1458 Tandem
1182 1420 1322 1457 aiebat
1355 1433 1397 1457 se
1425 1419 1533 1457 velle
1559 1419 1695 1457 redire
1716 1418 1826 1457 Gan-

256 1478 429 1523 dauum,
449 1489 627 1515 causans
644 1477 793 1514 matris
814 1480 1073 1515 aetatemac
1095 1475 1397 1512 valetudinem.
1458 1474 1568 1521 Quid
1589 1479 1701 1523 agat,
1725 1474 1828 1511 scire

197 1545 237 1576 25
257 1534 392 1582 cupio.

313 1588 412 1625 Fuit
439 1587 555 1637 apud
577 1585 827 1634 <Schetum>
850 1585 899 1622 D.
925 1585 1107 1622 Ioannes
1136 1584 1416 1629 Molendinus.
1440 1585 1542 1621 mire
1572 1584 1825 1628 Erasmicus‚

257 1643 330 1680 sed
345 1643 413 1680 ille
428 1643 597 1679 interim
609 1641 788 1679 colludit
799 1653 895 1678 cum
911 1639 1117 1684 Barbirio‚
1130 1640 1439 1677 interuertente
1453 1639 1556 1676 mihi
1570 1640 1826 1688 pensionem.

258 1697 456 1747 Suspicor
483 1710 569 1734 rem
594 1697 682 1746 geri
709 1697 923 1733 instructu
946 1694 1215 1743 Ale[x]andri
1238 1699 1281 1732 et
1298 1694 1491 1739 Latomi;
1523 1693 1621 1744 galli
1651 1698 1763 1738 sunt,
1785 1698 1829 1730 et

258 1753 396 1789 nescio
413 1765 497 1801 quo
518 1751 622 1796 fato,
646 1750 791 1788 Gallos
817 1750 953 1788 habeo
974 1762 1086 1786 nunc
1112 1750 1252 1787 minus
1280 1750 1498 1799 propitios:
1560 1747 1696 1786 Officit
1727 1748 1830 1785 mihi

198 1820 240 1850 30
258 1806 508 1845 Germaniae
530 1819 697 1844 nomen.

315 1861 543 1899 Resalutat
579 1866 621 1898 te
652 1860 901 1905 Glareanus,
933 1859 1011 1896 tibi
1046 1872 1098 1896 ex
1128 1859 1271 1896 animo
1302 1858 1407 1896 bene
1440 1859 1625 1908 cupiens.
1684 1858 1829 1895 Amer-

259 1917 436 1954 bachius
458 1917 593 1954 rarius
615 1916 681 1953 hic
702 1919 780 1960 est,
799 1918 971 1964 recepta
993 1914 1075 1951 iam
1098 1926 1241 1951 vxore.
1302 1913 1382 1951 Vix
1400 1913 1558 1957 credas,
1577 1926 1705 1962 quam
1728 1912 1831 1950 mihi

259 1971 403 2009 doleat
424 1971 623 2009 Carolum
647 1970 910 2019 Sucquetum
939 1981 1128 2006 summae
1156 1969 1244 2018 spei
1271 1969 1468 2006 iuuenem
1497 1969 1553 2005 sic
1581 1967 1703 2005 nobis
1730 1972 1831 2004 ante

260 2026 370 2064 diem
398 2031 605 2076 ereptum.
666 2026 755 2075 Ego
783 2024 842 2062 illi
870 2023 1115 2062 metuebam
1145 2023 1199 2061 ob
1230 2036 1452 2073 praecoces
1483 2024 1526 2060 in
1556 2035 1604 2059 eo
1635 2023 1829 2059 virtutes.

200 2094 240 2125 35
260 2081 322 2118 De
345 2086 387 2118 te
409 2081 558 2118 melius
580 2093 713 2130 spero,
737 2080 809 2129 qui
829 2078 1042 2128 gradatim
1064 2078 1118 2115 ad
1140 2091 1353 2115 summum
1376 2077 1515 2115 tendis
1536 2077 1691 2127 gloriae
1712 2077 1831 2114 fasti-

259 2137 387 2186 gium.
438 2136 487 2173 D.
506 2135 718 2173 Guilelmo
741 2134 887 2172 Walae
908 2134 1000 2170 viro
1022 2133 1327 2170 humanissimo
1347 2131 1386 2170 S.
1405 2133 1448 2170 P.
1500 2132 1594 2170 Tibi
1612 2133 1668 2169 mi
1684 2130 1832 2169 Carole

261 2203 407 2241 precor
429 2204 540 2228 omn.
567 2222 573 2227 .
600 2222 606 2228 .
634 2223 640 2228 .
664 2190 833 2227 interim
856 2188 934 2226 tibi
956 2200 1059 2238 paro
1081 2187 1418 2238 epithalamium.

315 2246 477 2283 Datum
499 2245 695 2295 Friburgi
715 2245 915 2294 Brisgoae
938 2252 1054 2290 1533.

308 2405 336 2426 2.
363 2405 465 2425 meae
489 2395 650 2432 litterae]
674 2394 828 2425 Neither
849 2392 924 2424 this
947 2401 1014 2422 nor
1127 2400 1178 2421 22.
1206 2391 1429 2429 Ioachimus]
1486 2390 1550 2422 See
1602 2390 1698 2430 Epp.
1749 2399 1833 2429 2049

261 2439 491 2472 Utenhove's
509 2439 612 2478 reply
630 2439 659 2469 is
676 2442 820 2469 extant.
1082 2435 1231 2471 introd.‚
1252 2445 1348 2475 2703.
1369 2445 1430 2474 7n;
1457 2434 1531 2465 and
1549 2434 1605 2464 for
1622 2434 1678 2464 his
1695 2434 1835 2473 change

305 2485 336 2514 6.
363 2483 573 2523 epistolam]
592 2483 661 2522 Ep.
682 2491 776 2521 2700.
1081 2479 1118 2509 of
1142 2479 1229 2519 plan
1243 2479 1313 2519 Ep.
1333 2481 1428 2519 2706.
1452 2487 1568 2517 12-13.
1615 2478 1834 2508 Ammonius

307 2537 336 2567 7.
363 2527 554 2563 nuncium]
578 2526 647 2556 His
667 2536 773 2556 name
795 2535 870 2554 was
891 2523 1011 2554 Peter.
1082 2523 1267 2553 mentions
1284 2523 1340 2553 his
1357 2523 1443 2553 visit
1462 2526 1501 2552 to
1515 2522 1691 2552 Erasmus
1709 2522 1746 2551 in
1763 2521 1833 2561 Ep.

262 2572 339 2602 The
351 2571 479 2601 letters
490 2571 607 2600 which
620 2570 664 2600 he
676 2568 815 2599 carried
828 2573 834 2582 ‘
849 2567 991 2608 pridem
1004 2566 1011 2578 ⁸
1083 2568 1178 2605 2857.
1202 2567 1318 2606 186-7.

262 2625 324 2646 are
345 2615 450 2646 those
475 2614 512 2645 of
539 2623 576 2644 22
600 2614 723 2644 March
745 2614 828 2648 (one
851 2612 888 2642 of
910 2611 1012 2641 them
1125 2613 1176 2641 26.
1204 2610 1393 2647 Schetum]
1411 2610 1455 2640 In
1472 2609 1542 2649 Ep.
1558 2610 1638 2648 2781
1659 2609 1836 2639 Erasmus

263 2659 332 2700 Ep.
352 2659 450 2698 2780)
470 2657 680 2688 mentioned
699 2658 735 2687 in
753 2657 823 2697 Ep.
843 2665 938 2694 2793.
1081 2655 1204 2685 writes
1224 2658 1264 2685 to
1286 2654 1430 2685 Schets:
1458 2652 1706 2683 ‘Molendinus
1731 2662 1832 2683 exce-

306 2712 337 2740 9.
362 2702 612 2743 quaestorem]
666 2701 775 2731 Peter
826 2698 1012 2730 Griboval.
1082 2703 1171 2738 ptus
1193 2702 1249 2729 est
1272 2698 1434 2738 hospitio
1453 2701 1531 2731 tuo,
1555 2697 1670 2727 mirus
1689 2700 1835 2726 amator

264 2747 328 2778 See
353 2747 423 2787 Ep.
450 2748 545 2785 2716.
574 2747 683 2784 15611;
721 2745 768 2775 cf.
793 2744 890 2785 Epp.
916 2752 1011 2782 2793.
1082 2742 1236 2772 Erasmi.
1284 2741 1388 2772 Idem
1409 2741 1585 2772 lustrauit
1605 2741 1642 2770 in
1662 2739 1835 2770 Flandria

263 2801 295 2830 5,
314 2791 411 2821 2810.
429 2791 526 2828 41-8.
546 2790 639 2825 2829.
658 2798 732 2827 2-3.
1081 2796 1207 2816 omnes
1243 2786 1378 2816 amicos
1411 2795 1522 2819 meos,
1554 2784 1691 2824 vbique
1727 2783 1833 2813 Eras-

310 2844 360 2873 15.
386 2833 548 2871 mentiri]
572 2833 636 2863 See
659 2833 729 2872 Ep.
755 2841 839 2871 2704
863 2830 1013 2865 introd.‚
1081 2829 1221 2860 micus.’

264 2878 310 2909 cf.
329 2878 427 2918 Epp.
447 2878 541 2917 2728.
565 2885 617 2915 55,
636 2885 732 2916 2792.
751 2885 802 2915 57.
1130 2882 1181 2910 29.
1207 2872 1344 2911 Gallos]
1363 2872 1427 2903 See
1444 2872 1514 2912 Ep.
1534 2874 1631 2911 2763.
1649 2873 1707 2901 on.

314 2924 362 2952 16.
388 2922 483 2959 vico]
510 2920 716 2955 Schiltach;
751 2920 796 2950 cf.
824 2919 893 2959 Ep.
919 2920 1015 2959 2846.
1130 2919 1182 2956 36.
1208 2916 1348 2955 VValae]
1367 2916 1431 2948 See
1449 2916 1518 2956 Ep.
1539 2925 1633 2956 2700.
1655 2916 1752 2953 158n.

268 2975 338 3005 125.
