1966 3379
288 155 341 192 40
723 153 980 192 LETTERS
1011 153 1081 192 or
1113 154 1377 193 ERAsMUs
1737 158 1859 205 [1532

289 259 448 296 talibus
477 260 741 307 contingeret
772 262 1033 308 praeceptor,
1066 272 1149 296 non
1182 259 1336 296 Velius.
1397 258 1476 297 Sed
1508 260 1680 297 dabitur
1714 264 1858 298 tamen

233 327 269 356 15
289 326 417 362 opera
439 318 487 350 vt
509 318 657 351 tantae
687 314 887 362 principis
909 326 1007 361 erga
1028 326 1093 350 me
1121 314 1299 351 fiduciae
1327 315 1528 352 maiorem
1559 319 1724 364 partem
1755 317 1860 353 satis

289 368 435 405 videar
456 368 614 405 fecisse.
675 367 810 413 Quam
834 368 1005 416 quidem
1028 368 1080 405 ad
1111 381 1197 405 rem
1227 381 1310 405 non
1340 382 1488 418 parum
1520 373 1567 406 tu
1596 382 1661 406 me
1690 370 1858 415 iuueris,

290 423 445 472 partim
469 423 551 459 iam
574 422 673 459 olim
695 422 820 459 editis
842 435 866 459 a
888 426 929 459 te
952 422 1028 459 hoc
1052 422 1103 459 ad
1127 424 1284 470 negotii
1309 425 1558 473 praeceptis,
1582 425 1738 473 partim
1762 437 1856 461 con-

289 477 402 522 siliis,
433 490 540 526 quae
568 481 609 514 te
638 489 768 526 queso
796 490 924 525 quam
955 481 1074 527 potes
1103 482 1218 514 recta
1246 482 1335 514 tam
1365 478 1449 515 fida
1478 491 1611 527 prono
1641 480 1783 516 animo
1810 492 1858 516 ac

290 531 437 569 libenti
460 533 678 581 impertias
699 536 741 568 et
764 531 841 568 hoc
864 531 1019 569 laboris
1040 533 1324 569 communiter
1348 545 1512 569 mecum
1540 546 1622 570 vna
1651 546 1858 583 capessas,

230 601 271 621 20
290 586 636 636 quandoquidem
668 586 771 623 nihil
803 599 935 635 aequo
967 586 1120 623 videris
1152 599 1303 636 cupere
1334 591 1377 624 et
1404 587 1622 625 elaborare
1653 601 1781 637 quam
1811 593 1859 625 vt

290 641 390 690 reip.
450 640 728 685 Christianae,
752 641 870 678 cuius
891 641 1061 690 quidem
1083 641 1197 678 salus
1219 642 1261 678 in
1290 641 1428 679 salute
1457 646 1499 679 ct
1528 643 1686 692 pietate
1709 643 1857 680 horum

290 696 528 745 principum
552 708 704 742 magna
724 709 774 732 ex
799 700 919 744 parte
941 696 1171 739 constabit,
1194 709 1322 744 quam
1344 698 1528 734 maxime
1552 697 1698 746 prosis.

345 750 555 788 Glareano
577 751 772 795 salutem,
795 752 861 787 cui
883 750 1005 787 doleo
1028 750 1300 788 vehementer
1321 764 1387 788 me
1413 764 1497 788 non
1522 752 1710 800 potuisse
1731 753 1858 801 grati-

288 804 417 842 ficari.
477 804 696 850 Quantum
718 805 912 854 equidem
936 806 1180 854 potuissem,
1203 806 1562 843 commendassem
1585 807 1795 856 optimum
1817 811 1861 844 et

230 874 269 904 25
291 859 520 898 humaniss.
545 861 683 897 virum
706 860 868 909 inclyto
892 860 996 909 Regi
1018 860 1312 905 Ferdinando;
1345 874 1470 910 quem
1494 866 1638 898 tamen
1662 866 1766 910 puto
1787 874 1861 911 per

290 927 332 952 se
371 918 542 963 gratum
583 928 672 952 esse
707 919 750 952 et
785 919 1022 964 acceptum.
1084 915 1196 952 Bene
1236 915 1342 960 vale,
1383 915 1626 953 doctissime
1666 920 1710 953 et
1749 916 1857 953 idem

291 970 555 1007 sanctissime
577 969 763 1014 Erasme,
786 982 833 1006 ac
856 969 1022 1007 Velium
1045 974 1167 1007 tuum
1191 971 1253 1007 tui
1275 971 1493 1008 amantiss.
1512 975 1554 1007 et
1572 970 1859 1008 obseruantis-

290 1025 445 1061 simum
466 1037 554 1061 esse
576 1037 623 1061 ac
645 1024 746 1068 fore,
770 1024 910 1072 quoad
932 1025 1025 1069 erit,
1048 1025 1292 1073 persuasiss.
1320 1024 1488 1062 habeto.

346 1078 507 1116 Datum
536 1079 737 1128 Ynsprug
759 1079 825 1115 die
847 1089 955 1115 xxvl
978 1080 1133 1115 mensis
1155 1079 1266 1116 Iunii
1287 1090 1526 1116 M.D.xxxli.

229 1148 270 1177 30
344 1133 405 1170 De
427 1133 595 1170 homine
619 1134 669 1178 †a
689 1146 774 1182 qua
795 1146 949 1170 nomen
970 1133 1087 1170 ducit
1104 1134 1192 1171 eius
1210 1135 1267 1171 rei
1284 1134 1499 1171 interdum
1517 1136 1716 1184 expertis,
1734 1147 1858 1183 quem

288 1188 368 1225 tibi
408 1188 648 1225 obtrectare
688 1188 847 1232 scribis,
884 1187 1053 1225 mallem
1094 1188 1289 1237 equidem
1330 1202 1471 1226 coram
1507 1189 1645 1226 multa
1677 1189 1861 1238 colloqui

288 1255 417 1291 quam
458 1247 506 1280 vt
544 1242 680 1280 literis
719 1244 1001 1280 committam.
1061 1242 1183 1288 Quod
1224 1244 1257 1280 si
1297 1248 1449 1281 nactus
1485 1239 1605 1281 fuero
1646 1244 1859 1281 hominem

287 1297 432 1342 fidum,
454 1301 530 1335 aut
551 1297 731 1335 dicenda
756 1297 834 1334 tibi
863 1298 900 1334 ei
928 1297 1096 1335 credam
1125 1302 1199 1335 aut
1229 1299 1316 1348 ipse
1345 1299 1588 1347 s<c>ribam.
1649 1298 1729 1337 Sed
1758 1312 1860 1336 caue

288 1356 412 1402 putes
445 1357 616 1389 tantum
650 1351 770 1389 illum
807 1364 930 1402 posse
963 1352 1078 1402 apud
1115 1353 1405 1403 incorruptiss.
1440 1355 1672 1404 principem
1708 1357 1756 1391 vt
1790 1366 1859 1391 ex-

226 1422 266 1451 35
287 1408 465 1444 eusserit
504 1420 555 1444 ex
596 1408 738 1444 animo
778 1408 865 1444 eius
907 1407 1203 1456 syncerissimo
1243 1408 1563 1445 obseruantiam
1604 1421 1702 1457 erga
1735 1412 1776 1446 te
1812 1421 1859 1445 ac

286 1463 534 1511 precipuum
563 1474 763 1499 amorem.
825 1461 1081 1511 Temporum
1108 1461 1259 1499 horum
1288 1464 1631 1500 tristissimorum
1657 1464 1862 1512 iniquitas

287 1517 329 1553 in
351 1517 477 1566 culpa
497 1521 574 1562 est,
597 1529 682 1554 non
703 1520 783 1553 τῶν
803 1515 962 1566 ἀλόγων
983 1516 1330 1562 obtrectationes,
1353 1530 1437 1567 quo
1460 1519 1598 1555 minus
1624 1519 1860 1568 perrexerit

286 1571 508 1609 ostendere
539 1584 582 1608 re
613 1572 704 1621 ipsa
732 1584 831 1621 erga
861 1575 903 1608 te
934 1571 1146 1621 singulare
1173 1572 1388 1617 studium3
1421 1572 1694 1622 exploratum
1726 1572 1861 1610 habeo

287 1629 499 1675 quantum
528 1627 593 1663 vir
622 1625 688 1663 ille
716 1627 909 1663 sanctiss.
940 1626 1232 1664 inuidentibus
1260 1626 1449 1664 aliaenae
1479 1627 1596 1664 laudi
1625 1627 1791 1664 tribuat
1812 1639 1860 1664 ao

226 1696 268 1726 40
287 1681 446 1726 credat,
468 1685 511 1718 et
534 1693 680 1718 rursus
703 1693 787 1718 non
815 1694 881 1718 me
909 1680 1022 1718 fallit
1050 1682 1201 1730 quanti
1229 1686 1271 1719 te
1300 1681 1442 1727 faciat,
1467 1686 1580 1719 certe
1605 1683 1794 1727 maximi,
1817 1687 1859 1719 et

286 1740 351 1773 est
373 1735 573 1773 omnibus
595 1736 636 1773 in
658 1736 783 1773 rebus
805 1736 1051 1773 constantia
1072 1735 1286 1785 singulari.

1477 1791 1594 1828 Tuus
1617 1791 1803 1829 Vrsinus.

341 1861 712 1899 Excellentissimo
750 1866 793 1899 et
833 1861 1080 1899 doctissimo
1120 1862 1211 1899 viro
1252 1861 1301 1900 D.
1340 1862 1516 1899 Erasmo
1553 1862 1861 1909 Roterodamo‚

288 1917 448 1953 oratori
481 1929 529 1954 ac
562 1915 761 1965 theologo
797 1917 976 1966 principi
1017 1917 1201 1964 <a>mic0
1236 1917 1276 1953 in
1313 1917 1544 1954 maioribus
1580 1917 1859 1955 obseruando.

226 1980 267 2010 45
287 1970 481 2021 Friburgi
501 1971 726 2020 Prisgaiae.

633 2084 899 2139 262826652757
964 2084 1100 2125 FROM
1133 2084 1264 2125 JOHN
1299 2097 1360 2125 DE
1393 2085 1521 2126 Pms.

338 2152 476 2187 Nimes
495 2152 578 2186 MS.
601 2163 685 2194 215,
706 2152 733 2186 f.
759 2154 824 2194 165
846 2159 902 2186 v0.
1520 2154 1774 2196 <Toulouse.>

1485 2208 1537 2244 (c.
1558 2204 1658 2248 July
1680 2210 1808 2247 1532.>

333 2268 420 2305 {For
443 2269 507 2299 the
531 2269 816 2299 circumstances
840 2268 878 2299 of
903 2269 977 2299 this
1001 2269 1112 2300 letter
1136 2279 1195 2300 see
1219 2269 1289 2310 Ep.
1317 2271 1402 2307 2569
1428 2270 1582 2304 introd.;
1615 2270 1688 2301 and
1715 2271 1771 2301 for
1795 2270 1859 2301 the

289 2313 518 2352 manuscript
544 2312 638 2342 from
663 2313 780 2342 which
807 2313 836 2343 it
859 2313 889 2343 is
912 2313 1061 2352 printed
1086 2323 1145 2344 see
1168 2313 1236 2354 Ep.
1264 2314 1348 2343 2628
1372 2314 1507 2344 introd.
1557 2315 1588 2344 A
1611 2315 1749 2354 precise
1772 2313 1859 2345 date

289 2360 425 2386 cannot
451 2356 493 2386 be
518 2356 701 2396 assigned,
728 2356 797 2387 but
825 2356 889 2386 the
916 2357 1075 2396 position
1104 2357 1142 2387 of
1171 2357 1234 2388 the
1263 2356 1373 2387 letter
1398 2358 1433 2387 in
1460 2358 1522 2388 the
1547 2358 1858 2398 correspondence

289 2399 415 2429 makes
433 2399 495 2430 the
513 2409 673 2430 summer
690 2400 727 2430 of
748 2409 828 2439 1532
848 2400 1053 2440 probable.]

681 2470 738 2497 IO.
762 2470 891 2496 PINVS
914 2470 1087 2497 ERASMO
1108 2470 1409 2497 ROTERODAMO
1432 2471 1464 2497 S.

346 2528 582 2566 REDDITAE
604 2535 706 2567 sunt
727 2530 830 2567 mihi
853 2530 1183 2568 iucundissimae
1200 2535 1243 2568 et
1260 2532 1557 2580 optatissimae
1576 2531 1724 2569 literae
1743 2537 1856 2578 tuae,

291 2584 467 2621 Erasme
493 2585 550 2621 mi
579 2585 852 2622 suauissime:
885 2597 994 2634 quae
1022 2585 1189 2623 difficile
1217 2585 1363 2622 credas
1392 2591 1600 2634 quantam
1629 2588 1766 2636 primo
1794 2588 1858 2624 sui

290 2638 482 2676 aduentu
515 2639 779 2688 tragoediam
815 2640 1057 2685 excitarint,
1092 2640 1206 2689 quod
1247 2641 1289 2676 in
1326 2641 1596 2689 quorundam
1638 2641 1855 2679 hominum

864 2711 959 2740 2665.
987 2721 1016 2741 2.
1044 2711 1185 2742 Erasmi
1203 2710 1284 2741 MS.

335 2782 430 2811 2664.
458 2790 508 2820 30.
536 2781 696 2819 homine]
707 2781 945 2821 Presumably
958 2782 1039 2812 Ale·
1154 2792 1204 2820 31.
1231 2782 1372 2820 scribis]
1416 2783 1532 2812 KVhen
1575 2783 1638 2814 the
1683 2783 1781 2823 body
1819 2784 1857 2814 of

290 2825 415 2855 ander.
441 2825 518 2855 The
529 2825 672 2864 general
685 2835 787 2855 sense
797 2825 834 2855 of
846 2826 908 2855 the
919 2825 1040 2856 clause
1108 2825 1244 2856 Velius'
1264 2826 1372 2856 letter
1388 2836 1462 2856 was
1479 2827 1625 2857 written
1644 2827 1689 2857 he
1702 2827 1773 2857 had
1792 2832 1857 2858 not

291 2868 541 2908 immediately
573 2868 756 2908 following
783 2879 899 2899 seems
928 2874 966 2900 to
996 2870 1040 2899 be
1108 2869 1220 2899 heard
1237 2869 1331 2899 from
1348 2869 1523 2900 Erasmus
1542 2870 1724 2907 (ll.1—28):
1752 2871 1856 2901 when

291 2912 375 2942 that
392 2912 456 2942 the
476 2922 582 2942 name
602 2912 639 2942 of
661 2913 724 2942 the
745 2923 876 2952 person
899 2913 1039 2952 spoken
1108 2913 1152 2943 he
1169 2918 1282 2943 wrote
1300 2913 1373 2943 this
1388 2914 1589 2954 postscript
1601 2924 1623 2944 a
1637 2913 1746 2944 letter
1762 2915 1856 2944 from

291 2956 328 2985 of
351 2965 419 2985 can
441 2955 484 2985 be
501 2955 614 2995 easily
631 2955 780 2986 divined
800 2956 849 2995 by
870 2966 1039 2986 someone
1107 2956 1282 2987 Erasmus
1300 2957 1380 2993 (not
1397 2958 1543 2994 extant)
1561 2957 1683 2989 would
1703 2967 1799 2988 seem
1817 2962 1857 2988 to

293 2999 449 3029 familiar
462 2999 551 3029 with
563 2999 625 3029 the
638 2999 803 3030 business
815 2999 972 3030 referred
987 3004 1036 3030 to.
1107 3000 1200 3030 have
1219 3001 1309 3030 been
1327 3000 1521 3031 delivered.
