1966 3379
189 1673 227 1693 10

190 1947 226 1977 15

253 103 330 140 262
684 104 943 144 LETTERS
974 105 1045 144 OF
1076 106 1345 147 ERASMUS
1708 112 1831 159 [1533

251 218 350 239 more
368 208 459 238 than
479 208 561 238 four
578 219 695 248 years:
747 211 924 242 Erasmus
947 222 1106 252 appears
1129 217 1168 243 to
1193 213 1287 243 have
1312 214 1420 244 made
1444 214 1618 255 Pelargus
1639 225 1660 245 a
1682 217 1834 256 parting

250 252 332 291 gift,
348 252 465 282 about
483 252 601 283 which
616 253 734 284 donor
751 255 824 285 and
841 256 1018 296 recipient
1031 256 1100 296 jest
1117 257 1309 297 obscurely
1323 258 1396 288 and
1412 258 1545 298 feebly.
1594 259 1672 289 The
1692 262 1699 273 ⁴
1712 256 1830 292 Dvas'

251 306 338 326 over
362 296 480 326 which
507 296 597 336 thoy
619 297 689 337 jcst
716 309 790 329 was
815 310 915 330 some
939 300 1036 339 gold,
1062 310 1103 330 or
1126 300 1205 339 gilt,
1231 306 1439 335 ornament.
1467 303 1628 342 perhaps
1650 313 1669 333 a
1694 294 1774 343 pair
1793 304 1831 334 of

250 340 374 370 storks
387 340 554 379 (pelarqi)
570 352 576 370 t
602 347 666 372 not
683 352 703 372 a
718 353 806 383 very
821 343 945 381 loving
959 354 999 374 or
1013 344 1152 384 prolific
1167 346 1318 384 species,
1334 356 1418 386 says
1433 345 1832 387 Pelargus——Erasmus

250 384 366 424 ought
384 388 423 414 to
442 384 535 414 have
553 390 635 416 sent
652 396 674 416 a
692 388 772 427 pair
789 387 826 417 of
843 388 963 428 quails
980 398 1021 418 or
1037 398 1059 418 a
1075 389 1164 418 voc-k
1182 389 1256 419 and
1274 389 1373 428 hen.]

574 455 774 484 ERASMVS
795 458 891 485 ROT.
916 458 956 484 D.
982 459 1206 486 AMBROSIO
1229 459 1443 487 PELARGO.
1468 460 1500 487 S.

308 514 449 552 Ml'r'ro
472 514 681 564 Dyadem,
705 518 747 555 in
768 519 951 568 coniugii
975 519 1231 568 symbolum.
1292 520 1356 558 Ex
1380 521 1472 558 viro
1493 525 1535 558 et
1558 520 1755 567 foemina,
1777 535 1827 559 ex

252 570 432 607 materia
452 573 496 606 et
516 571 666 618 forma,
688 574 879 611 nascitur
899 573 1074 623 aliquid.
1136 574 1257 612 Trias
1274 575 1428 613 sterilis
1449 580 1527 614 est.
1588 576 1700 614 Bene
1724 576 1830 622 vale,

251 632 294 664 et
316 625 415 664 boni
437 627 623 673 consule,
646 627 909 678 feliciterque
932 630 1122 666 sortiaris
1145 630 1401 668 missionem.

1178 685 1380 723 Erasmus
1404 685 1635 723 Rotcroda.
1660 690 1773 724 tuus

549 889 754 931 2⁸³²2833.
821 889 959 930 FROM
995 889 1226 930 AMBROSE
1261 889 1529 930 PELARGUS.

301 980 503 1025 Pelargus,
526 980 701 1014 Bellaria
722 980 768 1014 1⁸⁰.
791 980 846 1013 Η8
866 986 922 1013 v0.
1445 980 1695 1024 (Freiburg.)

1358 1035 1410 1070 (c.
1432 1030 1540 1063 June
1560 1031 1626 1063 fin.
1652 1040 1779 1073 1533„

592 1107 840 1134 AMBROSIVS
862 1107 955 1134 PEL.
982 1107 1157 1134 ERAsMO
1180 1107 1430 1136 ROTERODA.
1453 1108 1486 1134 S.

305 1167 434 1214 QVAM
456 1173 504 1206 tu
527 1169 664 1206 mittis
686 1167 895 1218 Dyadem,
919 1173 1059 1205 sartae
1081 1168 1294 1206 amicitiae
1317 1167 1574 1218 symbolum,
1598 1169 1704 1205 scito
1727 1168 1829 1205 mihi

250 1223 387 1261 multo
421 1237 510 1261 esse
543 1223 842 1273 gratissimam,
876 1235 923 1260 ac
961 1224 1115 1272 quauis
1147 1223 1381 1272 Triade[m]
1415 1223 1827 1260 chariore—sacram

250 1278 366 1316 illam
390 1279 635 1324 increatam,
658 1291 706 1316 ac
729 1279 763 1315 si
785 1291 894 1327 quae
915 1277 1026 1315 forte
1049 1279 1105 1315 sit
1126 1278 1222 1323 alia,
1246 1291 1355 1327 quae
1378 1278 1431 1315 ad
1455 1277 1570 1315 illam
1595 1279 1829 1328 proximius

248 1333 438 1378 accedat,
461 1334 639 1383 excipio.
700 1332 956 1382 Quanquam
984 1333 1101 1382 Dyas
1131 1333 1201 1370 illa
1232 1337 1307 1370 tua
1338 1345 1422 1370 non
1451 1334 1555 1370 satis
1583 1334 1829 1382 appositum

249 1388 351 1426 mihi
374 1388 545 1425 videtur
570 1389 711 1425 mutui
739 1389 895 1425 amoris
924 1388 1182 1437 symbolum,
1212 1392 1261 1425 vt
1290 1401 1399 1437 quae
1428 1387 1531 1425 nihil
1560 1387 1645 1425 fere
1674 1389 1828 1425 amoris

247 1444 462 1493 exprimit.
523 1442 645 1489 Quod
677 1444 711 1480 si
742 1442 819 1480 hoc
851 1442 961 1480 forte
990 1443 1161 1480 nomine
1189 1442 1433 1493 symbolum
1465 1443 1529 1480 vis
1557 1455 1645 1479 esse
1673 1443 1828 1480 amoris

248 1499 399 1543 mutui,
423 1498 539 1547 quod
561 1498 678 1547 Dyas
701 1499 768 1543 sit,
792 1498 976 1536 misisses
998 1511 1076 1548 par
1091 1497 1434 1547 gallinaceorum,
1453 1502 1529 1535 aut
1547 1498 1826 1535 coturnicum.

247 1552 288 1590 Si
310 1566 412 1590 vero
435 1553 512 1590 hoc
542 1554 724 1598 nomine,
748 1552 863 1602 quod
885 1565 1014 1590 aurea
1036 1553 1104 1597 sit,
1127 1552 1324 1602 equidem
1346 1552 1486 1590 fateor
1509 1565 1662 1589 aurum
1693 1552 1826 1589 chari-

247 1609 351 1645 tatis
373 1621 461 1645 esse
484 1607 742 1657 symbolum.
802 1606 1029 1645 Caeterum
1053 1607 1216 1645 celatae
1238 1620 1343 1645 auro
1370 1607 1667 1657 imagunculae
1692 1619 1829 1656 neque

246 1663 486 1700 amantium
509 1666 655 1712 gestus
684 1663 790 1700 satis
817 1663 1079 1712 exprimunt,
1102 1675 1239 1712 neque
1268 1675 1354 1700 vna
1381 1663 1423 1700 in
1452 1662 1549 1700 sede
1580 1666 1828 1707 morantur3

247 1730 355 1767 quae
378 1719 411 1755 si
429 1717 565 1755 veluti
582 1717 728 1755 osculo
745 1718 996 1755 commissae
1012 1722 1168 1763 essent,
1188 1730 1283 1767 spes
1299 1722 1410 1755 esset
1427 1717 1571 1766 aliqua
1589 1722 1637 1754 vt
1654 1716 1828 1754 tandem

247 1772 481 1821 aliquando
503 1773 679 1817 coirent,
702 1777 833 1822 atque
855 1773 916 1810 ita
937 1785 958 1810 e
976 1772 1145 1810 duobus
1167 1772 1330 1821 aliquid
1348 1771 1480 1810 fieret.
1541 1771 1664 1817 Quod
1683 1773 1828 1821 itaque

246 1840 416 1877 sperare
447 1841 531 1865 non
564 1828 662 1865 licet
693 1840 745 1865 ex
776 1827 940 1877 Dyade,
970 1828 1131 1865 scilicet
1162 1832 1210 1865 vt
1241 1827 1422 1865 feliciter
1453 1831 1571 1864 sarta
1601 1826 1829 1864 concordia

247 1882 410 1920 felicius
439 1888 574 1927 coeat,
598 1882 806 1932 firmaque
835 1883 947 1920 inter
975 1895 1053 1920 nos
1082 1884 1137 1920 sit
1165 1895 1214 1919 ac
1242 1886 1463 1932 perpetua,
1488 1882 1529 1919 id
1552 1886 1667 1932 opto,
1691 1894 1826 1931 spero,

247 1942 428 1987 expecto
463 1951 487 1975 a
524 1950 643 1975 sacra
679 1937 859 1983 Triade3
902 1938 1021 1975 cuius
1058 1938 1325 1987 benignitate
1361 1936 1447 1981 fiet,
1483 1941 1532 1974 vt
1568 1937 1674 1974 bene
1710 1941 1827 1973 sarta

246 1993 384 2041 gratia
407 2005 491 2029 non
513 1992 635 2030 facile
657 2005 734 2042 pro
756 2005 799 2030 re
821 1997 923 2029 nata
946 1992 1142 2030 dissiliat.
1202 1991 1298 2030 Non
1320 2005 1418 2042 ergo
1436 1991 1557 2029 Trias
1573 1997 1636 2029 est
1660 1991 1827 2035 sterilis,

247 2048 365 2084 cuius
387 2053 426 2084 et
452 2047 554 2085 haec
577 2049 619 2084 in
642 2047 769 2085 Esaia
791 2047 921 2085 verba
943 2052 1069 2085 sunt:
1102 2047 1324 2096 Numquid
1340 2059 1416 2096 ego
1434 2059 1543 2096 quae
1560 2046 1665 2084 alios
1682 2059 1828 2096 parere

247 2101 368 2143 facio,
392 2103 483 2152 ipsa
506 2115 591 2140 non
614 2103 810 2152 pariam?
869 2102 925 2140 Et
954 2115 1063 2151 quae
1091 2102 1408 2152 generationem
1437 2101 1530 2139 aliis
1558 2101 1714 2145 tribuo,
1739 2102 1828 2150 ipsa

247 2157 401 2194 sterilis
436 2170 506 2194 ero
522 2163 536 2194 Υ
596 2156 677 2195 Sed
714 2157 864 2195 desino
899 2162 1039 2194 tecum
1074 2158 1214 2194 iocari.
1277 2157 1389 2194 Bene
1421 2156 1528 2201 vale,
1563 2156 1640 2193 hoc
1676 2160 1741 2193 est
1775 2169 1825 2193 ex

246 2224 400 2249 annno.

550 2454 742 2507 28342835
806 2452 945 2492 FROM
978 2451 1210 2492 AMBROSE
1244 2450 1511 2491 PELARGUS.

295 2541 497 2585 Pelargus,
520 2541 697 2575 Bellaria
717 2542 763 2576 f0.
785 2542 817 2575 I.
1439 2540 1688 2583 <Freibu1·g.>

1352 2597 1405 2630 <c.
1426 2590 1534 2624 June
1554 2590 1775 2632 fin.1533.>

621 2669 786 2696 AMBRO.
812 2669 1037 2696 PELARGVS
1060 2669 1235 2695 ERASMO
1258 2668 1383 2696 ROTE.
1408 2668 1440 2695 S.

301 2729 511 2773 Mmima·
534 2729 711 2767 Erasme
734 2731 972 2775 amantiss,
996 2729 1099 2778 quid
1121 2730 1179 2766 rei
1201 2729 1268 2774 sit,
1292 2728 1407 2778 quod
1436 2732 1478 2766 te
1506 2740 1583 2778 pro
1604 2740 1719 2765 more
1742 2739 1825 2764 non

246 2785 394 2821 inuiso.
457 2784 505 2821 In
529 2797 655 2822 causa
678 2790 741 2822 est
765 2785 1019 2834 demigratio
1041 2797 1170 2834 quam
1194 2785 1277 2821 iam
1301 2783 1495 2829 meditor,
1513 2795 1692 2832 sumque
1713 2794 1823 2819 com-

291 2884 387 2914 2833.
418 2893 444 2913 1.
472 2884 609 2922 sartae]
632 2884 675 2914 In
699 2884 856 2915 allusion
879 2888 918 2915 to
941 2885 1004 2915 the
1058 2894 1197 2914 vsenses
1217 2883 1254 2914 of
1276 2883 1340 2914 the
1363 2883 1475 2919 word,
1502 2882 1604 2913 ‘love
1619 2882 1626 2893 ³
1649 2881 1723 2912 and
1743 2883 1825 2911 ‘ex-

246 2927 393 2967 quarrel
411 2927 448 2957 of
468 2937 563 2966 1532.
1073 2928 1311 2967 pensiveness
1326 2927 1346 2956 ‘.

291 2972 366 3009 8—9.
392 2971 600 3010 charitatis]
619 2971 774 3012 Playing
788 2982 833 3003 on
851 2972 913 3003 the
931 2976 1004 3002 two
1121 2981 1170 3010 17.
1196 2971 1321 3009 Esaia]
1338 2970 1392 3001 Cf.
1412 2970 1534 3001 Isaiah
1552 2979 1604 3010 49.
1626 2979 1676 2999 21.
