1966 3379
175 347 216 376 30

172 618 212 648 35

172 890 213 919 40

171 1161 211 1191 45

172 1433 213 1462 50

171 1705 211 1735 55

168 1971 211 2000 60

169 2243 210 2279 65

236 120 311 156 188
690 119 946 157 LETTERS
977 119 1047 157 OF
1080 118 1344 157 ERASMUS
1679 121 1801 167 [1533

233 224 403 272 ign0r0;
437 229 537 261 sunt
560 225 631 272 qui
659 229 812 273 putent
835 237 926 262 eam
957 224 1010 261 ad
1039 237 1198 273 aequas
1226 223 1490 261 conditiones
1519 236 1602 260 non
1631 223 1799 261 descen-

234 291 389 315 suram.
450 279 646 315 Arbitror
668 292 743 326 ego
765 279 1074 323 descensuram,
1104 279 1136 315 si
1165 279 1297 315 amice
1325 282 1527 315 euocetur
1554 282 1595 314 et
1625 279 1802 315 comiter

235 337 458 376 tractetur,
485 334 603 381 sique
631 334 670 370 in
699 338 914 370 conuentu
944 334 1086 370 omnia
1113 346 1240 381 quam
1271 333 1612 370 mansuetissime
1641 333 1799 381 agiten-

234 391 316 424 tur.
378 387 586 424 Videntur
606 389 715 424 enim
740 388 912 436 quidam
936 388 1104 425 illorum
1131 388 1216 424 fere
1246 387 1525 435 languescere.
1586 386 1800 432 Quosdam

232 442 360 478 audio
375 441 488 478 haud
505 442 823 479 dissimulanter
839 447 1000 491 optare,
1017 454 1235 490 nunquam
1255 441 1382 478 fuisse
1397 446 1619 490 acceptum
1635 441 1801 490 dogma,

232 496 285 533 ob
309 500 375 533 tot
397 496 676 541 incommoda,
699 509 807 545 quac
830 501 873 534 et
895 497 1058 546 peperit
1086 500 1129 533 ct
1158 497 1354 545 parturit.
1416 496 1588 533 Ferocia
1615 496 1803 533 auctoris

234 550 410 587 Lutheri
441 551 646 593 mitescet,
677 551 747 588 vbi
778 551 1119 589 doctissimorum
1152 551 1384 594 hominum,
1411 563 1461 587 ex
1491 550 1605 587 omni
1631 550 1803 599 Europa

233 604 553 649 aduocatorum,
586 606 787 642 iudicium
825 606 993 645 audiet:
1031 607 1184 642 cristae.
1217 605 1543 654 superbissimae
1575 604 1800 642 conflacce-

233 664 364 704 scent,
387 672 546 697 cornua
568 661 768 697 immania
789 660 986 697 decident
1011 660 1081 704 illi,
1100 672 1229 708 quum
1254 673 1337 696 non
1361 660 1400 696 in
1424 659 1690 708 sterquilinio
1711 672 1800 704 suo,

233 713 304 750 sed
328 714 367 750 in
390 713 481 751 luce
505 715 691 752 virorum
715 714 960 759 clarissima,
984 715 1094 751 ratio
1116 715 1326 763 opinionis
1345 714 1566 750 hesternae
1588 713 1802 751 reddenda

232 768 373 805 fuerit.
434 768 498 805 Tu
529 769 583 806 ab
614 770 781 806 actione
814 769 1039 806 vtilissima
1069 769 1241 806 minime
1273 769 1460 805 omnium
1494 768 1643 805 aberis.
1704 767 1799 805 Non

232 822 435 868 audirem,
454 824 487 860 si
504 823 658 861 Caesar
673 837 820 869 essem,
841 823 1008 861 ‘laboro
1025 836 1075 860 ex
1095 823 1257 860 calculo
1274 824 1294 867 ',
1315 823 1478 859 ‘venire
1495 836 1577 860 non
1594 835 1764 872 possum
1779 823 1799 860 '.

233 877 325 914 Imo
348 877 534 915 iuberem
559 891 636 927 ego
664 878 848 928 Appium
878 883 921 915 et
949 891 1089 915 senem
1118 882 1162 915 ct
1190 878 1449 914 calculosum
1479 877 1644 914 deferri.
1705 877 1801 914 Non

231 936 296 969 est
327 933 438 969 enim
472 932 525 969 ad
558 938 705 982 portas
740 933 970 978 Hannibal,
1006 945 1088 969 non
1125 934 1265 982 agitur
1300 932 1351 969 de
1388 931 1539 981 Pyrrhi
1582 945 1694 981 pace,
1729 932 1799 969 sed

231 985 522 1024 Cacodaemon
567 989 828 1025 euersionem
874 987 1139 1024 Christianae
1186 987 1417 1036 Religionis
1461 987 1514 1023 ad
1561 992 1799 1023 extremum

232 1040 418 1086 molitur,
448 1047 491 1079 et
519 1042 570 1078 de
598 1042 808 1079 Ecclesiae
836 1055 940 1091 pace
967 1042 1178 1091 agendum
1207 1047 1283 1079 cst.
1344 1041 1461 1078 Vnus
1492 1046 1539 1078 tu
1566 1041 1799 1078 multorum

233 1096 385 1132 instar:
417 1109 467 1133 ea
492 1109 712 1146 propones,
735 1109 784 1133 ea
808 1096 1061 1146 disputabiS,
1083 1109 1132 1133 ea
1158 1096 1443 1146 respondebis,
1465 1108 1515 1132 ea
1536 1095 1800 1141 diiudicabis,

232 1162 281 1187 ea
313 1150 517 1191 consules,
546 1164 594 1187 ea
625 1151 827 1196 censebis,
860 1164 966 1200 quae
998 1163 1122 1188 nemo
1152 1151 1271 1188 alius.
1332 1150 1473 1194 Solon,
1504 1151 1535 1187 si
1570 1150 1801 1187 Plutarcho

232 1204 454 1249 credimus,
496 1206 651 1242 coortis
691 1206 804 1255 apud
841 1206 1033 1242 Athenas
1073 1205 1345 1249 factionibus,
1382 1205 1560 1242 sollicite
1601 1205 1717 1242 cauit
1750 1218 1800 1242 ne

232 1258 306 1295 vlli
328 1259 470 1297 fauere
492 1260 722 1305 videretur,
745 1260 815 1297 sed
843 1261 1039 1297 omnibus
1069 1272 1110 1297 se
1138 1273 1271 1309 aeque
1298 1272 1565 1297 communem
1589 1259 1799 1308 praebuit,

233 1326 364 1350 vnum
402 1314 505 1351 illud
541 1315 720 1363 agitans,
758 1318 806 1352 vt
841 1315 1056 1352 discordes
1096 1315 1136 1351 in
1176 1315 1358 1364 gratiam
1400 1314 1618 1363 redigeret.
1680 1314 1800 1351 Vnde

232 1370 446 1405 communi
487 1369 683 1406 consulto
722 1374 765 1406 et
809 1370 948 1421 legum
994 1369 1105 1406 lator
1123 1364 1130 1370 ’
1150 1370 1311 1418 egregie
1359 1369 1601 1406 declaratus
1646 1373 1711 1405 cst
1757 1374 1800 1406 et

231 1421 538 1460 discordiarum
572 1428 825 1461 transactor.
887 1423 1113 1473 Speramus
1148 1437 1243 1460 eum
1281 1428 1322 1460 te
1357 1424 1552 1461 futurum
1589 1422 1799 1468 Solonem,

232 1489 382 1526 magne
413 1479 488 1519 vir,
515 1478 634 1515 cuius
666 1479 879 1516 sententia
910 1478 1099 1516 nonnihil
1129 1479 1345 1516 adimatur
1377 1479 1546 1527 vtrique
1574 1479 1709 1527 parti:
1743 1479 1800 1515 sic

231 1532 341 1568 enim
368 1531 586 1569 dissidium
615 1533 839 1570 adimetur.
900 1532 964 1570 Ob
986 1533 1255 1570 concordiam
1278 1534 1420 1570 omnia
1448 1532 1657 1570 tentanda
1686 1537 1798 1577 sunt,

231 1590 274 1622 et
299 1590 400 1624 ante
422 1587 462 1623 in
485 1588 723 1625 constituta
748 1587 959 1636 quaedam
989 1588 1226 1625 mittendus
1255 1589 1365 1625 ensis
1393 1600 1521 1636 quam
1551 1587 1713 1624 diutius
1741 1587 1797 1624 fe-

232 1640 362 1677 renda
383 1641 604 1678 discordia.
656 1641 753 1679 Non
774 1647 840 1679 est
861 1642 1099 1680 audiendus
1121 1642 1348 1687 LutheruS,
1371 1655 1455 1679 non
1478 1646 1578 1679 sunt
1600 1641 1800 1679 audiendi

231 1693 467 1744 Sophistae,
491 1696 561 1733 sed
592 1697 806 1742 Erasmus
833 1701 876 1734 et
904 1697 1028 1734 huius
1057 1697 1225 1742 similes,
1250 1697 1327 1733 hoc
1356 1702 1420 1734 est
1449 1698 1476 1733 ii
1502 1697 1573 1746 qui
1601 1701 1797 1734 neutram

231 1753 409 1798 partem,
437 1750 509 1787 sed
536 1750 907 1789 Christianismum
936 1751 990 1788 ab
1019 1752 1161 1789 animo
1188 1756 1231 1789 et
1260 1752 1418 1789 sincere
1446 1753 1610 1789 iuuant.
1672 1751 1799 1788 Faxit

230 1803 370 1841 isthuc
392 1804 528 1842 bonus
548 1804 704 1843 Christi
726 1807 913 1856 spiritus,
936 1806 1083 1843 Amen.

286 1858 345 1895 Te
378 1859 518 1897 valere
549 1861 708 1909 optime
744 1873 909 1910 semper
948 1861 1084 1910 cupio,
1115 1865 1158 1898 et
1191 1865 1294 1910 opto
1326 1865 1373 1898 vt
1406 1861 1729 1909 nonagenarius,
1767 1861 1798 1896 si

230 1912 344 1950 vltra
366 1926 450 1951 non
473 1914 610 1959 detur,
634 1916 884 1964 superuiuas
912 1915 1124 1953 Ecclesiae
1149 1915 1383 1952 commoda.
1445 1916 1598 1952 Precor
1626 1916 1726 1952 item
1750 1919 1799 1951 vt

230 1967 284 2004 ad
305 1980 397 2005 eam
419 1969 779 2007 existimationem
800 1969 946 2007 redeas
967 1983 991 2006 a
1009 1983 1093 2019 qua
1110 1969 1416 2019 propemodum
1434 1974 1476 2007 te
1499 1969 1657 2007 inuidia
1675 1969 1800 2006 huius

230 2024 501 2071 tempestatis
515 2023 692 2072 depulit.
722 2023 880 2074 Sopitis
894 2024 1077 2061 dissidiis
1091 2024 1353 2069 inclarescet,
1369 2037 1502 2074 spero,
1516 2037 1660 2061 rursus
1674 2029 1796 2061 tuum

230 2089 395 2121 nomen,
425 2078 539 2126 quod
568 2091 678 2115 nunc
710 2079 941 2116 obscurant
973 2079 1032 2116 illi
1063 2092 1168 2128 quos
1198 2083 1246 2116 tu
1278 2079 1515 2116 illustrasti.
1576 2078 1796 2128 Intelligis‚

230 2143 336 2179 quos
367 2133 560 2170 sentiam.
621 2133 770 2170 Factio
800 2132 1008 2171 Saxonica
1038 2135 1121 2171 iam
1152 2135 1193 2171 in
1229 2147 1295 2171 me
1327 2134 1543 2171 concitata
1575 2138 1651 2178 est,
1684 2133 1798 2182 quod

230 2185 422 2223 desierim
473 2187 599 2236 pedes
648 2187 834 2225 abortiui
883 2189 1005 2225 istius
1054 2188 1195 2238 Papae
1235 2188 1483 2226 deosculari.
1544 2188 1682 2233 Ionas,
1719 2188 1798 2225 tibi

231 2240 331 2277 olim
362 2240 575 2287 laudatus,
605 2254 716 2279 nunc
748 2255 847 2279 vero
879 2243 1011 2280 hostis
1042 2248 1155 2289 tuus,
1187 2244 1355 2292 scripsit
1386 2244 1427 2280 in
1459 2255 1536 2287 me,
1566 2255 1661 2280 cum
1693 2242 1797 2279 nihil

275 2312 327 2341 28.
352 2312 581 2343 conditiones
597 2323 734 2353 aequas
752 2326 771 2343 α
784 2314 857 2344 LB.
986 2324 1037 2353 30.
1064 2315 1187 2354 sicque
1205 2314 1278 2344 LB.
1393 2323 1488 2353 30—1.
1515 2319 1674 2353 agantur
1691 2326 1710 2343 α
1723 2314 1796 2344 LB.

231 2363 282 2393 31.
309 2354 480 2395 languere
498 2368 517 2385 α
530 2356 602 2386 LB.
738 2367 789 2396 32.
816 2362 946 2397 optare
966 2382 971 2387 .
993 2382 998 2387 .
1021 2382 1027 2387 .
1045 2362 1240 2398 acceptum
1263 2358 1354 2388 WE:
1380 2358 1473 2388 velle
1490 2358 1589 2398 quod
1607 2368 1796 2398 nunquam

230 2402 420 2438 receptum
438 2399 568 2430 fuisset
585 2413 604 2430 α
617 2400 690 2431 LB.
776 2410 828 2440 39.
855 2412 900 2432 ex
919 2412 984 2432 om.
1002 2402 1075 2432 ΕΒ.
1168 2411 1220 2441 40.
1246 2402 1326 2432 Iino
1344 2402 1458 2432 aLB:
1484 2412 1551 2432 om.
1576 2401 1657 2431 WE.
1743 2411 1795 2440 41.

230 2442 326 2472 enirn
341 2453 407 2473 om.
424 2455 442 2472 α
456 2443 527 2473 LB.
600 2452 652 2483 45.
678 2445 771 2474 alius
785 2455 851 2475 om.
867 2456 886 2475 α
900 2445 972 2475 LB.
1050 2448 1102 2484 46.
1126 2445 1218 2475 WE:
1246 2446 1380 2476 Athen.
1397 2458 1436 2475 a:
1464 2446 1708 2477 Athenienses
1723 2445 1795 2475 LB.

230 2494 282 2524 47.
307 2495 423 2526 aeque
437 2497 503 2517 om.
520 2487 620 2517 aLB.
701 2489 754 2527 48.
781 2489 870 2519 illud
884 2499 999 2519 vnum
1014 2489 1115 2519 aLB.
1163 2499 1275 2529 agens
1289 2489 1390 2519 aLB.
1464 2499 1516 2529 49.
1543 2489 1709 2530 egregius
1724 2489 1795 2518 ΕΒ.

229 2538 347 2568 49-50.
374 2534 411 2560 et
428 2530 692 2562 discordiarum
708 2536 917 2562 transactor
930 2538 1010 2572 post
1023 2533 1193 2563 consulto
1211 2533 1246 2569 (I.
1265 2534 1321 2571 49)
1340 2545 1359 2562 α
1372 2533 1445 2563 LB.
1516 2542 1568 2571 51.
1595 2543 1726 2572 magne
1744 2534 1799 2563 vir

235 2572 326 2603 WE:
352 2573 503 2604 Erasme
520 2586 539 2603 α
553 2574 624 2604 LB.
724 2585 820 2613 51-2.
847 2576 896 2606 sic
914 2577 1011 2606 enim
1034 2576 1124 2606 WE:
1152 2581 1194 2607 vt.
1211 2589 1229 2606 α
1242 2576 1315 2606 LB.
1409 2586 1461 2615 52.
1487 2577 1674 2608 adimatur
1692 2576 1795 2606 aLB.

229 2625 282 2654 53.
308 2617 514 2647 constituta
530 2618 712 2657 quaedam
732 2619 822 2649 WE:
848 2619 1142 2650 Constitutiones
1159 2620 1264 2650 aLB.
1375 2629 1426 2660 54.
1454 2621 1535 2651 Non
1556 2645 1562 2650 .
1584 2645 1590 2651 .
1612 2645 1617 2651 .
1637 2623 1690 2659 63.
1717 2630 1796 2650 sen-

229 2660 320 2689 tiam
338 2672 357 2689 a
370 2660 448 2689 LB:
475 2671 541 2691 om.
566 2661 647 2691 WE.
750 2665 802 2692 61.
830 2673 955 2693 rursus
972 2674 1038 2695 om.
1058 2663 1131 2693 LB.
1237 2666 1290 2702 63.
1317 2663 1444 2694 Factio
1462 2677 1480 2694 α
1493 2665 1554 2694 LB
1571 2676 1576 2694 :
1603 2665 1796 2695 Caeterum

229 2702 342 2733 factio
364 2703 445 2733 WE.
562 2705 633 2734 iam
651 2716 716 2736 om.
736 2718 755 2735 α
768 2706 840 2736 LB.
965 2709 1017 2746 65.
1045 2717 1131 2737 vero
1148 2718 1214 2738 om.
1234 2720 1253 2736 α
1266 2707 1338 2737 LB.
1467 2710 1564 2746 65-6.
1591 2708 1679 2738 nihil
1697 2707 1797 2738 aliud

274 2781 327 2818 46.
354 2779 566 2818 Plutarcho]
585 2781 705 2815 Solon.
724 2783 780 2812 ch.
804 2793 840 2822 14
853 2793 932 2823 sqq.
1044 2788 1247 2823 prostratus
1274 2789 1303 2814 et
1329 2789 1472 2815 voratus
1496 2790 1593 2821 esset,
1619 2784 1656 2815 J.
1682 2784 1798 2815 Jonae

273 2825 327 2862 64.
354 2823 478 2861 Ionas]
494 2824 657 2855 Jodocus
678 2826 839 2862 (Justus)
863 2827 979 2857 Jonas
1046 2828 1240 2867 responsio.
1288 2828 1418 2859 Witzel
1435 2829 1547 2859 refers
1564 2833 1602 2859 to
1620 2829 1684 2859 the
1701 2829 1797 2859 book

230 2866 576 2906 published(before
588 2869 837 2908 29Nov.)1532
848 2870 980 2900 Contra
1048 2872 1083 2901 in
1101 2881 1122 2901 a
1144 2871 1252 2902 letter
1274 2872 1311 2902 of
1336 2881 1371 2902 21
1401 2872 1486 2902 Dec.
1513 2882 1606 2911 1532,
1631 2872 1720 2902 WE.
1742 2873 1797 2913 Gg

229 2915 297 2940 tres
315 2910 474 2949 pagellas
493 2911 676 2950 Ayricolae
693 2913 821 2952 Phoyi,
842 2914 979 2953 Georqic·
1048 2916 1121 2951 (see
1138 2915 1206 2945 JE.
1226 2915 1248 2951 i,
1268 2925 1303 2955 p.
1325 2916 1455 2955 187-8).

234 2953 362 2991 Witzel,
386 2954 515 2992 quibus
544 2965 655 2994 paene
682 2956 980 2988 Lutheranz‘smus
