1966 3379
172 129 290 175 2773]
682 123 752 162 TO
783 123 891 161 ALL
921 122 1208 161 SCHOLARS
1652 124 1725 161 167

170 230 388 273 Frobenio,
410 241 521 266 nunc
548 240 643 265 cum
669 228 802 277 patris
830 226 1043 264 simillimo
1075 226 1337 274 Hieronymo
1366 226 1573 263 Frobenio
1601 226 1726 263 inter—

169 284 293 328 cedit,
325 288 366 320 et
398 295 474 332 par
504 283 724 330 vtriusque
752 283 792 318 in
824 280 1105 330 prouehendis
1138 281 1310 329 optimis
1335 281 1486 317 studiis
1518 280 1728 317 industria

170 337 385 381 mirabilis,
419 340 467 374 vt
499 349 629 385 quum
658 336 872 373 interdum
905 335 988 372 illis
1015 334 1225 383 quaedam
1256 347 1407 383 negare
1441 334 1645 371 voluerim
1680 347 1727 371 ac

169 392 346 429 fortasse
367 391 598 435 debuerim,
622 402 847 439 pernegare
869 390 1078 438 quiuerim
1100 388 1216 425 nihil.

224 446 395 483 Vtinam
429 450 571 483 autem
611 445 710 482 haec
746 444 903 481 laboris
938 443 1078 492 portio
1118 447 1288 480 tantum
1324 442 1526 479 Vtilitatis
1561 442 1728 480 adferat
1749 459 1788 489 30

169 500 380 543 studiosis,
412 512 538 548 quam
572 499 673 536 mihi
704 511 853 548 parum
889 497 1040 535 attulit
1075 497 1324 546 voluptatis
1385 497 1514 533 Porro
1546 502 1591 534 vt
1624 497 1728 534 nihil

169 555 318 592 horum
352 554 493 598 fuerit,
530 558 674 590 tamen
709 552 919 590 inciuilius
958 563 1193 601 parumque
1233 550 1461 588 candidum
1502 551 1730 588 videbatur

169 609 261 646 aliis
293 608 470 646 eruditis
492 608 544 645 ad
576 607 762 645 eiusdem
792 606 1031 655 argumenti
1063 606 1364 643 tractationem
1394 606 1594 642 accinctis
1626 605 1729 642 nihil

168 663 304 701 facere
318 662 466 711 reliqui
483 677 489 703 ;
513 663 584 711 qui
599 662 664 698 vel
682 662 836 710 ingenii
852 662 993 710 vigore
1008 660 1074 697 vel
1089 660 1299 697 industria
1312 659 1486 696 iuuenili
1504 660 1569 696 vel
1593 661 1728 708 copio-

169 719 276 754 siore
316 716 583 754 voluminum
617 716 796 753 lectione
836 715 1034 752 instructi
1074 714 1263 752 fructum
1299 714 1536 751 vberiorem
1577 714 1730 750 studiis
1751 727 1790 756 35

168 772 341 809 allaturi
363 776 473 808 sunt.
515 769 702 816 Quorum
724 769 948 807 conatibus
969 768 1074 806 adeo
1102 781 1186 806 non
1213 772 1277 805 est
1304 769 1469 805 animus
1491 768 1660 805 obstare
1682 773 1731 805 vt

169 826 441 863 vehementer
462 826 589 862 etiam
612 825 835 874 gauisurus
857 824 934 861 sim
956 824 989 860 si
1011 824 1104 872 quis
1122 827 1312 860 nostram
1330 823 1528 860 obscuret
1545 834 1728 872 operam.

170 881 283 917 Illud
318 880 444 917 modo
473 880 671 917 lectorem
701 879 815 927 quod
843 878 1091 927 iampridem
1120 878 1323 914 admonui
1350 877 1479 913 nolim
1513 877 1728 914 obliuisci:

170 948 219 972 ne
234 935 335 984 quid
353 935 530 972 miretur
544 935 576 970 si
592 935 631 970 in
646 934 723 970 hoc
738 945 862 982 opere
877 932 1086 981 quaedam
1101 936 1324 969 occurrent
1340 932 1516 968 diuersis
1530 932 1728 980 tempori-

170 990 248 1026 bus
285 990 453 1038 scripta.
494 988 544 1025 In
577 1001 704 1025 eausa
736 992 836 1024 sunt
883 987 1053 1024 crebrae
1084 986 1330 1030 aeditiones,
1367 998 1452 1023 non
1488 986 1576 1022 sine
1609 986 1730 1023 nouis
1750 999 1791 1028 40

168 1044 381 1081 auctariis.
424 1043 612 1080 Primum
643 1042 755 1079 enim
784 1042 908 1079 huius
935 1042 1173 1090 argumenti
1201 1045 1373 1090 gustum
1401 1040 1595 1077 dedimus
1616 1040 1729 1089 apud

170 1098 424 1135 Parisiorum
448 1097 677 1141 Lutetiam,
700 1109 773 1145 per
790 1095 1105 1145 typographum
1124 1095 1326 1132 Ioannem
1343 1094 1599 1143 Philippum,
1622 1095 1729 1131 nati-

169 1165 246 1189 one
268 1152 538 1193 Germanum,
562 1152 632 1200 qui
655 1156 747 1188 tum
776 1151 984 1187 officinam
1015 1149 1201 1187 habebat
1222 1151 1264 1186 in
1287 1150 1380 1186 vico
1401 1149 1489 1185 diui
1511 1148 1653 1193 Marci,
1676 1149 1729 1185 ad

169 1207 330 1256 insigne
352 1206 587 1250 Trinitatis,
609 1218 721 1243 anno
746 1214 860 1252 1500.
904 1205 1088 1241 Mens-em
1104 1216 1188 1241 non
1204 1204 1411 1252 expressit
1425 1203 1729 1253 typographus,

170 1261 241 1298 sed
270 1261 449 1310 epistola
474 1273 601 1309 quam
632 1260 851 1309 praemisit
877 1259 1060 1296 Faustus
1085 1258 1355 1303 Andrelinus,
1384 1257 1513 1294 habet
1543 1257 1728 1295 eiusdem
1750 1271 1791 1301 45

169 1316 269 1352 anni
294 1325 341 1362 15
370 1315 480 1352 diem
508 1315 630 1352 Iunii.
683 1314 803 1350 Hanc
832 1313 1088 1350 aeditionem
1117 1313 1339 1361 aliquanto
1365 1317 1462 1361 post
1490 1311 1731 1349 aemulatus

169 1374 233 1407 est
256 1370 435 1406 Iodocus
458 1369 634 1406 Badius:
659 1368 809 1405 deinde
825 1367 1030 1405 Matthias
1044 1366 1292 1404 Schurerius
1313 1366 1611 1416 Argentorati:
1635 1371 1731 1415 post

171 1424 284 1467 haec,
308 1436 413 1473 opus
440 1423 494 1461 ad
520 1423 620 1460 iusti
648 1423 877 1459 voluminis
905 1422 1243 1471 magnitudinem
1270 1421 1502 1458 adauctum
1529 1420 1731 1458 Venetiae

169 1478 405 1515 aedidimus
419 1478 532 1527 apud
547 1477 703 1514 Aldum
719 1477 973 1521 Manutium,
989 1489 1101 1514 anno
1119 1476 1233 1523 1508.
1257 1475 1456 1512 Aldinam
1475 1475 1729 1512 aeditionem

170 1546 236 1570 me
264 1533 395 1570 inscio
423 1532 663 1570 aemulatus
691 1536 756 1568 est
785 1531 974 1568 Basileae
1003 1531 1184 1568 Ioannes
1212 1530 1459 1575 Frobenius,
1482 1542 1506 1566 a
1527 1541 1611 1578 quo
1637 1529 1731 1578 plus
1751 1543 1792 1572 50

169 1588 322 1637 septies
342 1599 543 1624 excusum
565 1590 630 1623 est
652 1586 761 1623 idem
783 1598 901 1634 opus,
925 1589 970 1623 at
993 1598 1210 1634 nunquam
1233 1585 1322 1622 sine
1339 1583 1661 1621 accessionibus,

224 1641 432 1686 Quoniam
455 1646 599 1678 autem
622 1641 699 1677 hoc
728 1641 873 1689 scripti
900 1653 1031 1689 genus
1059 1644 1227 1678 constat
1255 1639 1464 1676 industria
1485 1639 1580 1676 hinc
1601 1643 1732 1687 atque

171 1696 266 1733 hinc
289 1696 553 1745 decerpendi,
582 1707 666 1732 non
689 1696 749 1732 ita
774 1694 957 1732 multum
989 1695 1127 1731 laudis
1157 1694 1306 1731 tulerit
1333 1694 1405 1742 qui
1435 1694 1596 1742 primus
1618 1693 1731 1742 apud

171 1750 345 1788 Latinos
366 1763 585 1800 aggressus
605 1751 659 1786 sit
680 1749 1015 1797 παροιμιολογεῖν,
1039 1749 1117 1786 nisi
1140 1749 1173 1785 si
1194 1748 1296 1797 quid
1311 1752 1605 1797 promereatur
1626 1747 1730 1784 iudi-

168 1805 291 1842 candi
306 1805 605 1853 tractandique
619 1804 867 1841 dexteritas.
909 1804 950 1840 Si
967 1804 1060 1852 quis
1075 1803 1258 1852 proferet
1275 1803 1530 1840 aeditionem
1553 1803 1729 1838 vetusti·
1753 1817 1791 1846 55

169 1872 281 1897 orem
303 1872 352 1896 ea
373 1872 499 1908 quam
522 1858 690 1896 ostendi
710 1858 839 1895 fuisse
860 1859 1053 1907 primam,
1070 1859 1106 1894 ei
1123 1857 1272 1894 lubens
1287 1857 1363 1894 hoc
1386 1857 1523 1894 laudis
1544 1856 1733 1893 tribuero

170 1914 283 1962 quod
307 1914 366 1950 illi
389 1926 472 1950 non
493 1913 710 1950 illiberalis
724 1913 925 1962 cogitatio
939 1917 1038 1949 ante
1060 1912 1164 1950 alios
1186 1913 1350 1948 venerit
1372 1912 1413 1948 in
1436 1916 1633 1948 mentem.
1676 1911 1730 1948 Et

169 1981 269 2005 sane
294 1969 447 2005 mirum
475 1972 552 2013 est,
581 1980 712 2016 quum
739 1967 852 2016 apud
877 1966 1057 2004 Graecos
1086 1971 1153 2004 tot
1178 1966 1397 2003 clarissimi
1430 1967 1656 2014 scriptores
1681 1978 1730 2002 ex

170 2023 358 2072 professo
380 2023 609 2059 tractarint
630 2022 706 2059 hoc
728 2034 872 2070 genus,
895 2021 1008 2070 apud
1026 2021 1200 2058 Latinos
1221 2020 1387 2057 nullum
1410 2021 1498 2057 exti
1521 2021 1599 2057 isse
1622 2020 1688 2056 vel
1711 2032 1731 2055 e

170 2077 297 2114 turba
318 2075 701 2114 Grammaticorum
721 2077 793 2125 qui
810 2076 942 2113 simile
960 2076 1179 2125 negocium
1197 2076 1424 2124 susciperet
1444 2089 1450 2111 :
1475 2087 1620 2123 quum,
1639 2087 1730 2111 mea
1751 2082 1792 2109 oo

170 2132 394 2176 sententia,
419 2131 669 2168 Latinorum
693 2131 804 2168 horti
826 2143 909 2167 non
934 2131 1071 2167 minus
1088 2135 1268 2167 vernent
1286 2129 1525 2166 istiusmodi
1547 2128 1732 2166 flosculis

170 2199 298 2234 quam
315 2185 586 2223 Graecorum.
628 2185 707 2222 Sed
725 2186 864 2222 nescio
881 2198 965 2233 quo
980 2189 1106 2234 pacto
1123 2184 1378 2222 Graecorum
1397 2184 1623 2220 admiratio
1639 2196 1729 2232 pro-

170 2241 337 2289 pensior
352 2240 491 2277 effecit
508 2244 555 2277 vt
577 2239 718 2277 Latini
740 2252 815 2276 sua
837 2240 1064 2276 videantur
1086 2239 1283 2276 habuisse.
1300 2239 1521 2287 neglectui.
1562 2238 1731 2286 Alioqui

171 2307 254 2331 non
270 2295 393 2332 video
413 2294 689 2343 quamobrem
708 2294 907 2343 Virgilius
929 2295 983 2330 sit
999 2293 1187 2331 Homero
1207 2298 1250 2330 et
1273 2293 1459 2330 Hesiodo
1476 2292 1729 2341 posthaben-

169 2349 269 2391 dus;
293 2353 369 2386 aut
383 2349 550 2391 Seneca,
566 2349 756 2397 quisquis
774 2349 806 2385 is
824 2348 918 2388 suit,
935 2348 1148 2397 Euripidi:
1180 2352 1257 2385 aut
1272 2348 1452 2385 Plautus
1466 2352 1507 2384 et
1527 2347 1731 2383 Horatius
1750 2354 1791 2390 (25

170 2403 599 2452 Aristophani—nam
617 2403 670 2440 M.
687 2403 863 2445 Tullius,
880 2402 993 2451 quod
1011 2403 1063 2439 ad
1082 2403 1190 2440 hanc
1207 2415 1307 2440 sanc
1326 2415 1410 2439 rem
1426 2402 1595 2445 attinet,
1612 2401 1731 2449 longe

171 2462 344 2507 superat
370 2457 711 2495 Demosthenem.
754 2457 952 2505 Quisquis
977 2458 1104 2506 igitur
1130 2457 1206 2494 hoc
1232 2458 1392 2506 primus
1417 2456 1530 2505 apud
1558 2455 1731 2492 Latinos

171 2525 388 2561 aggressus
410 2517 486 2556 est,
510 2525 595 2549 rem
624 2524 698 2548 nec
721 2511 968 2548 illiberalem
996 2524 1070 2548 nec
1092 2512 1384 2560 infrugiferam
1411 2523 1628 2558 aggressus
1653 2514 1728 2545 est.

172 2567 262 2603 Iam
286 2567 501 2603 biennium
523 2567 685 2603 exierat
705 2579 755 2603 cx
778 2579 862 2614 quo
877 2566 1072 2603 Lutetiae
1087 2567 1223 2615 operis
1242 2565 1365 2602 huius
1381 2570 1551 2613 gustum
1570 2564 1729 2600 fueram

171 2622 415 2670 auspicatus
437 2633 567 2669 quum
591 2621 767 2658 Louanii
788 2633 927 2670 agens,
950 2620 1059 2658 forte
1076 2634 1127 2657 ex
1150 2621 1413 2669 Hieronymo
1436 2618 1637 2657 Buslidio,
1660 2619 1731 2665 qui
1754 2633 1792 2662 70

215 2795 265 2824 40.
288 2785 449 2822 crebrae]
475 2786 539 2815 See
563 2785 625 2815 tho
651 2784 919 2815 introductions
988 2784 1140 2814 without
1161 2784 1395 2823 qiwstioning
1410 2783 1471 2813 the
1485 2782 1731 2819 111111101111011)ν

173 2833 212 2859 to
243 2829 337 2868 Epp.
372 2833 443 2864 120,
475 2837 548 2864 211,
583 2830 656 2865 209,
695 2838 786 2867 1204,
823 2832 917 2865 1059.
987 2828 1321 2858 01111000110011011.
1370 2827 1409 2855 111
1429 2826 1491 2855 1111·
1509 2824 1729 2854 serondedi-

173 2881 311 2911 2022—3.
987 2872 1063 2901 tion
1083 2871 1119 2900 of
1137 2871 1200 2900 the
1218 2872 1364 2900 Sanum·
1383 2872 1494 2908 Opem
1514 2869 1557 2897 lux
1575 2867 1692 2897 added
1711 2878 1730 2896 11

217 2918 269 2953 05.
297 2917 431 2945 Senes-a
451 2940 456 2944 .
479 2939 484 2944 .
507 2939 512 2944 .
532 2915 618 2952 fuit]
644 2915 686 2945 In
715 2923 793 2953 1515
815 2915 916 2944 Eras-
986 2914 1147 2954 guurded
1167 2914 1313 2944 l'refuco
1332 2919 1369 2944 to
1388 2914 1487 2943 1110111
1507 2912 1589 2951 (Ep.
1612 2913 1721 2949 2132).

174 2969 254 2989 inus
283 2959 428 2999 printed
458 2959 519 2989 the
551 2958 697 2989 Senecae
728 2958 917 2988 I'roucrbia
