1966 3379
258 129 310 165 60
687 127 947 166 LETTERS
978 127 1048 166 OF
1079 127 1347 166 ERASMUS
1708 130 1831 177 [1532

259 232 558 269 abominamur
578 232 792 278 acciderit,
816 245 1005 278 vxorem,
1029 233 1172 277 filiam,
1191 232 1383 277 fratrem,
1402 244 1601 277 sororem,
1625 245 1831 278 socerum,

179 300 239 329 105
260 299 336 324 nos
358 288 528 332 amicos,
552 287 630 324 tibi
652 300 825 337 prorsus
847 287 1075 337 ὁμοψύχους
1096 300 1143 325 ac
1166 292 1307 325 tecum
1330 287 1636 336 periclitantes.

315 341 508 390 Denique
530 354 658 390 quam
680 342 854 380 amabili
883 343 1085 380 thesauro
1112 343 1298 392 patriam
1327 346 1447 379 tuam
1476 343 1531 379 sis
1557 342 1832 392 spoliaturus,

259 397 326 434 cui
356 409 439 433 non
469 397 620 433 minori
652 398 863 447 praesidio
893 410 937 435 cs
968 410 1096 446 quam
1129 402 1394 442 ornamento,
1424 398 1575 446 cuique
1607 398 1759 435 merito
1789 410 1833 434 es

258 450 420 488 πολλῶν
450 451 635 497 ἀντάξιος
666 451 809 490 ἄλλων.
870 452 911 490 Si
943 453 1021 490 tibi
1053 452 1166 490 salus
1198 456 1274 489 tua
1304 456 1369 489 est
1399 452 1506 497 vilis,
1536 457 1650 490 certe
1682 452 1833 489 horum

260 511 477 556 respectus
495 511 537 543 tc
559 519 730 544 mouere
752 507 892 553 debet,
912 511 960 545 vt
982 507 1293 545 incolumitatis
1315 511 1415 544 tuae
1434 507 1643 544 rationem
1662 507 1832 544 habeas

180 574 241 594 110
260 561 416 598 Nullus
441 561 520 599 tibi
550 562 697 599 melior
722 562 787 599 vel
814 562 1059 600 consolator
1087 562 1152 599 vel
1182 562 1427 599 admonitor
1454 561 1585 599 fuerit
1613 575 1742 611 quam
1771 566 1833 607 tu,

260 616 387 653 modo
409 617 593 666 teipsum
616 617 695 654 tibi
717 617 974 661 adhibueris5
998 617 1232 666 eademque
1262 617 1340 654 tibi
1368 616 1485 654 dicas
1507 629 1615 665 quae
1640 617 1835 654 dicturus

260 671 315 708 sis
346 671 469 708 alteri
500 672 542 708 in
574 685 674 709 casu
710 672 847 709 simili.
910 672 1127 709 Adhibeas
1163 676 1307 709 autem
1343 685 1428 709 non
1463 671 1613 708 ἐκεῖνον
1643 671 1712 708 τὸν
1747 670 1836 708 λίαν

259 725 538 775 φιλόστοργον,
557 726 628 764 sed
646 727 949 777 philosophum
972 727 1091 764 illum
1114 731 1303 764 erectum
1325 740 1373 764 ac
1394 726 1692 775 μεγαλόψυχον,
1709 739 1835 775 quem

261 781 467 818 hactenus
499 782 540 818 in
569 786 611 819 te
643 795 736 819 sum
767 782 1018 820 admiratus.
1080 782 1213 819 Recte
1237 786 1517 831 praeceptum
1546 786 1608 819 est
1637 794 1662 818 a
1690 782 1837 831 priscis

181 847 240 877 115
261 836 527 886 sapientibus
550 837 591 874 in
620 837 746 874 rebus
772 837 970 875 humanis
998 837 1103 874 nihil
1129 850 1219 874 esse
1245 837 1500 882 mirandum,
1525 836 1603 874 hoc
1631 841 1708 881 est,
1731 836 1836 873 nihil

260 892 385 928 nimis
402 891 647 937 amandum,
666 905 718 929 ne
735 893 768 929 si
785 893 1004 942 eripiatur,
1023 891 1144 929 dolor
1161 891 1362 929 succedat
1380 891 1644 929 immodicus.
1687 891 1837 929 Terret

261 959 327 983 me
343 947 535 995 germani
552 948 615 984 tui
634 947 845 984 Brunonis
861 947 1118 997 exemplum.
1135 948 1207 996 qui
1224 946 1434 984 desiderio
1451 947 1640 996 coniugis
1657 947 1837 983 amissae

261 1002 397 1051 periit.
458 1000 676 1047 Quantum
699 1007 845 1040 autem
868 1002 1077 1039 bonorum
1100 1003 1141 1039 in
1164 1001 1237 1038 illo
1259 1002 1352 1039 viro
1373 1002 1667 1051 perdidimus?
1724 1000 1835 1047 Quid

260 1056 376 1105 quod
404 1056 518 1094 Deus
549 1057 767 1095 interdum
798 1057 852 1094 ob
881 1057 959 1095 hoc
991 1058 1129 1107 ipsum
1160 1057 1287 1106 eripit
1317 1057 1440 1094 nobis
1470 1056 1585 1106 quod
1617 1055 1836 1101 habemus,

181 1122 242 1143 120
261 1111 362 1160 quia
392 1115 562 1160 praeter
589 1112 764 1149 modum
796 1125 1003 1157 amamus,
1033 1112 1239 1160 nobisque
1270 1111 1468 1161 fingimus
1499 1124 1587 1149 esse
1618 1111 1837 1161 proprium

261 1179 309 1203 ac
342 1171 597 1216 perpetuum
631 1167 745 1216 quod
783 1171 878 1205 erat
913 1167 1301 1212 commodaticium‚
1335 1171 1467 1216 atque
1503 1166 1545 1204 id
1578 1178 1748 1216 quoque
1783 1165 1838 1203 ad

261 1220 374 1258 diem
402 1221 627 1267 incertum,
657 1226 705 1259 vt
733 1222 913 1260 liberum
944 1223 1000 1260 sit
1030 1222 1343 1260 commodatori
1373 1235 1473 1259 mox
1502 1226 1692 1271 repetere
1723 1220 1838 1270 quod

261 1275 392 1314 dedit.
454 1276 581 1314 Dicas
604 1278 645 1314 in
668 1277 794 1314 rebus
816 1277 1015 1315 humanis
1035 1282 1079 1315 et
1102 1277 1167 1314 hic
1190 1290 1279 1314 esse
1301 1277 1503 1314 Nemesin
1525 1276 1756 1326 quandam.

317 1330 381 1368 De
403 1331 585 1369 aduersa
607 1332 855 1370 valetudine
877 1337 954 1370 tua
975 1345 1068 1370 sero
1090 1345 1183 1369 sum
1211 1332 1351 1370 factus
1380 1332 1547 1376 certior,
1571 1331 1839 1369 conualuisse

183 1395 242 1425 125
262 1386 453 1423 nondum
476 1387 624 1424 audiui
641 1401 646 1424 :
676 1400 783 1436 quae
801 1400 865 1424 res
882 1400 949 1424 me
971 1400 1228 1437 magnopere
1250 1387 1464 1425 solicitum
1487 1386 1631 1432 habet,
1651 1399 1726 1424 nec
1744 1399 1838 1423 eam

262 1441 575 1479 solicitudinem
607 1455 658 1479 ex
690 1443 834 1480 animo
864 1446 1015 1492 potero
1044 1443 1295 1488 extundere,
1325 1443 1404 1479 nisi
1436 1443 1520 1479 tuis
1552 1442 1686 1479 literis
1717 1445 1838 1479 auto-

262 1496 434 1545 graphis
458 1496 603 1534 iubeas
626 1510 692 1534 me
721 1497 956 1546 tranquillo
980 1510 1069 1534 esse
1097 1498 1252 1535 animo.
1312 1497 1415 1534 Post
1443 1497 1636 1535 triduum
1666 1497 1839 1534 mittam

263 1550 403 1588 isthuc
427 1565 559 1589 vnum
588 1565 609 1589 e
638 1553 818 1602 propriis
848 1552 1020 1590 famulis
1049 1552 1138 1590 dies
1166 1552 1331 1602 aliquot
1356 1552 1471 1602 apud
1501 1565 1576 1590 vos
1605 1563 1838 1589 commora-

263 1610 423 1652 turum,
442 1620 516 1656 per
532 1619 658 1655 quem
676 1608 836 1657 poteris
853 1612 929 1645 tuo
947 1608 1172 1645 commodo
1188 1620 1297 1657 quae
1314 1607 1432 1645 voles
1450 1607 1645 1645 scribere.
1692 1606 1841 1656 Nuper

184 1671 245 1701 130
263 1661 357 1698 misi
378 1661 522 1699 literas
540 1662 685 1699 Iacobi
706 1661 909 1708 Sadoleti,
928 1675 1033 1712 quas
1055 1664 1272 1700 communi
1295 1675 1390 1700 cum
1413 1663 1516 1700 meis
1539 1663 1686 1699 tunica
1708 1661 1837 1698 obuo-

263 1715 379 1753 lutas
406 1717 560 1766 accepi.
621 1716 746 1755 Nunc
775 1718 904 1755 mitto
934 1722 1021 1755 tres
1052 1717 1277 1755 fasciculos
1308 1717 1586 1767 epistolarum
1615 1730 1667 1754 ex
1698 1716 1840 1761 Italia,

264 1771 307 1808 ni
333 1770 472 1817 fallor,
495 1772 633 1810 datos.
693 1772 760 1809 Ad
788 1785 855 1810 me
883 1777 1172 1822 peruenerunt
1201 1786 1252 1810 ex
1281 1772 1478 1822 Augusta
1507 1771 1838 1810 vindelicorum.

264 1825 433 1872 Basilio,
475 1828 609 1871 vxori,
651 1828 913 1876 caeterisque
953 1827 1033 1865 tibi
1073 1827 1331 1865 charissimis
1371 1827 1555 1865 salutem
1596 1827 1839 1876 plurimam.

265 1880 379 1918 Bene
401 1882 497 1920 vale
518 1881 550 1918 ὦ
571 1881 743 1932 φιλτάτη
765 1899 833 1931 μοι
854 1881 1022 1932 κεφαλή.

185 1944 244 1975 135
320 1935 515 1987 Friburgi
536 1937 754 1987 Brisgoiae
776 1937 882 1988 prid.
907 1950 1041 1976 nonas
1063 1937 1160 1975 Iulii
1182 1937 1307 1976 Anno
1330 1948 1569 1976 M.D.xxxn.

641 2129 770 2166 2685.
836 2126 973 2166 FROM
997 2125 1235 2165 BERNARD
1260 2136 1317 2164 OF
1339 2123 1470 2165 CLEs.

315 2217 442 2250 Trent
461 2216 544 2250 MS.
1551 2214 1767 2248 Ratisbon.

1522 2273 1543 2307 7
1561 2264 1663 2308 July
1686 2274 1791 2307 1532.

312 2334 385 2371 [An
408 2333 617 2374 autograph
640 2333 881 2374 roughdraft:
908 2333 965 2364 for
985 2333 1049 2364 the
1072 2340 1132 2362 MS.
1154 2342 1213 2363 see
1234 2332 1303 2372 Ep.
1327 2340 1411 2370 2515
1429 2331 1566 2362 introd.
1614 2331 1691 2362 The
1709 2331 1796 2362 date
1815 2331 1845 2361 is

267 2377 471 2418 supported
490 2378 539 2418 by
555 2378 656 2408 what
674 2378 702 2407 is
719 2377 798 2408 said
815 2378 852 2408 of
870 2377 1132 2418 Polyphemus,
1151 2376 1233 2407 who
1251 2375 1489 2416 presumably
1505 2375 1645 2406 carried
1669 2379 1735 2406 not
1757 2375 1844 2415 only

267 2422 342 2453 this
359 2421 467 2452 letter
484 2422 553 2452 but
570 2421 666 2462 Epp.
687 2424 785 2461 2679,
804 2421 918 2460 2687]

949 2491 1137 2519 ERASMO.

324 2552 620 2590 REVERTITVR
641 2552 695 2590 ad
718 2565 794 2590 vos
817 2552 1108 2602 Polyphemus
1129 2554 1295 2588 vester:
1323 2552 1391 2588 cui
1413 2551 1488 2588 has
1509 2554 1679 2588 nostras
1696 2550 1751 2588 ad
1768 2562 1844 2587 vos

268 2607 485 2645 dedimus:
518 2620 569 2644 ex
591 2607 747 2657 quibus
769 2607 890 2645 vobis
912 2611 1178 2657 compertum
1206 2607 1287 2643 erit
1309 2619 1384 2656 per
1405 2607 1545 2655 ipsum
1566 2618 1653 2643 non
1674 2605 1844 2642 stetisse

268 2663 371 2711 quin
393 2663 518 2699 citius
540 2662 680 2699 isthuc
702 2662 985 2700 aduolauerit.
1045 2661 1201 2699 Verum
1230 2662 1501 2710 negociorum
1523 2673 1697 2698 suorum
1718 2672 1843 2710 expe-

268 2716 473 2754 ditionem
495 2717 628 2754 indies
650 2721 953 2767 expectantem
976 2716 1111 2754 ardua
1133 2715 1291 2765 Regiae
1313 2715 1552 2753 Maiestatis
1574 2716 1750 2765 negocia
1771 2727 1843 2764 spe

313 2816 409 2846 2684.
439 2818 510 2847 108.
537 2816 665 2847 πολλῶν
685 2842 690 2847 .
712 2842 718 2847 .
740 2841 746 2847 .
766 2816 885 2856 ἄλλων]
908 2817 1018 2848 Hom.
1137 2826 1208 2855 130.
1236 2815 1339 2854 meis]
1358 2815 1428 2855 Ep.
1448 2816 1545 2854 2648.

268 2861 314 2891 Il.
337 2870 386 2890 11.
406 2869 479 2900 514.
1137 2870 1209 2898 131.
1236 2859 1442 2897 fasciculos]
1465 2859 1519 2889 Cf.
1546 2858 1642 2899 Epp.
1668 2858 1765 2898 2678.
1790 2866 1843 2897 24,

316 2904 388 2934 118.
415 2905 539 2944 periit]
562 2905 737 2935 Boniface
762 2906 798 2935 in
824 2905 880 2935 his
905 2904 1020 2936 Horae
1089 2905 1186 2935 2686.
1208 2913 1236 2940 1,
1254 2904 1350 2934 2688.
1370 2912 1423 2941 25,
1443 2912 1522 2942 31n.

269 2952 375 2978 notes
397 2949 483 2978 that
505 2948 631 2979 Bruno
651 2949 735 2979 died
759 2959 797 2980 22
820 2949 901 2980 Oct.
925 2958 1018 2988 1519.
1133 2948 1231 2978 2685.
1260 2957 1289 2978 1.
1315 2946 1583 2987 Polyphemus]
1645 2946 1710 2977 See
1772 2945 1843 2985 Ep.

271 2992 339 3022 His
356 2992 437 3022 wife
455 2991 539 3022 died
560 3002 598 3022 10
616 2993 707 3033 days
724 2993 849 3024 before
866 2993 954 3023 him.
1090 2994 1187 3032 2649.
1207 2994 1287 3022 2611.
