1966 3379
261 150 338 186 292
695 146 952 184 LETTERS
983 146 1054 183 or
1085 144 1351 183 ERASMUS
1712 146 1834 193 [1533

204 268 240 297 15
262 253 391 303 perdo
412 265 539 301 supra
563 252 799 299 sexaginta,
823 254 1049 287 coronatus
1076 250 1186 287 enim
1217 249 1340 286 isthic
1366 250 1592 287 estimatur
1615 258 1678 297 37,
1702 248 1834 286 Dolae

261 318 325 357 47.
385 307 507 352 Quod
539 307 569 343 si
603 306 838 343 timebatur
870 305 1103 355 perieulum
1136 305 1310 349 itineris,
1344 304 1529 342 Leuinus
1560 317 1584 341 a
1616 303 1726 340 Dola
1762 316 1834 340 sex

261 363 422 399 dicrum
448 363 595 398 itincre
618 361 747 405 venit,
771 361 839 397 via
862 360 1034 397 minime
1057 363 1166 396 tuta.

318 417 367 453 D.
407 417 648 465 Margareta
690 414 1000 451 liberalioribus
1035 413 1350 451 conditionibus
1391 426 1456 450 me
1492 417 1669 450 vocarat
1705 425 1834 462 quam

262 485 373 508 nune
403 484 542 507 vocor.
569 496 572 499 -
604 470 685 507 Sed
713 470 746 506 si
774 483 839 507 me
872 469 974 506 nihil
1003 469 1119 506 aliud
1152 469 1356 505 inuitaret
1385 468 1524 505 isthuc
1555 480 1682 517 quam
1715 467 1836 505 aulae

202 544 243 563 ‘20
263 526 509 570 liberalitas,
544 525 693 574 pedem
736 537 818 561 non
861 536 1090 561 mouerem.
1152 523 1322 560 Patriae
1356 523 1542 560 charitas
1580 535 1645 559 me
1685 522 1832 559 trahit.

263 581 383 626 Quod
416 582 449 617 si
478 580 578 629 quid
612 577 807 616 inciderit
837 583 885 616 vt
915 579 979 615 hio
1011 579 1066 615 sit
1098 578 1401 626 hyemandum,
1431 590 1527 614 cum
1558 576 1762 626 Zephyris
1793 580 1837 614 et

264 637 398 685 prima
423 635 647 672 hirundine
679 647 744 671 me
774 633 1033 683 expectabis,
1060 632 1295 681 aliquanto,
1324 636 1373 669 vt
1403 645 1537 682 spero,
1565 632 1835 679 vegetiorem.

264 691 491 727 potissima
505 690 719 738 languoris
734 702 881 726 caussa
898 688 980 724 fuit
992 689 1137 724 viuum
1157 687 1516 735 Burgundiacum,
1532 686 1645 735 quod
1662 687 1835 723 missum

262 750 326 782 est
353 744 707 782 nauseabundum
735 748 775 780 et
803 743 1025 780 stomacho
1054 754 1147 779 meo
1176 743 1405 779 inimicum.
1466 741 1590 778 Nunc
1618 741 1839 778 curabitur

204 816 241 846 25
263 801 423 837 micius.
490 800 617 836 Porro
653 799 686 835 si
722 799 964 841 necessitas,
997 795 1099 846 ᾗπερ
1135 796 1225 833 οὐδὲ
1262 796 1345 833 θεοὶ
1379 795 1592 844 μάχονται,
1626 794 1728 832 κατὰ
1768 795 1840 844 τὴν

262 854 490 903 παροιμίαν,
513 867 597 891 11011
621 854 813 903 patiatur
842 852 937 889 111110
967 864 1137 889 mouere
1166 855 1318 896 castra,
1341 851 1516 888 reddam
1546 851 1765 894 viaticum,
1788 863 1839 887 ne

263 911 356 958 quis
382 910 620 958 suspicetur
648 921 715 945 me
746 912 940 956 captasse
972 906 1192 944 tantillum
1224 906 1439 955 pecuniae.
1500 904 1753 954 Quanquam
1786 917 1837 942 ex

262 965 451 1001 Caesaris
482 964 682 1013 pensione
714 963 797 999 iam
828 961 1041 999 debentur
1072 962 1154 998 tria
1179 961 1295 998 milia
1324 961 1528 998 librarum
1557 959 1839 997 francicarum

262 1033 310 1057 ac
342 1023 546 1063 trecenta,
572 1023 616 1056 et
643 1031 693 1054 eo
723 1016 917 1066 amplius.
979 1016 1127 1053 Multis
1157 1015 1209 1053 de
1240 1016 1398 1053 caussis
1427 1027 1510 1052 non
1541 1014 1715 1064 expedit
1745 1014 1841 1051 hinc

202 1091 244 1120 30
263 1075 438 1119 soluere,
462 1074 540 1111 nisi
562 1073 734 1110 condito
762 1076 1035 1115 testamento,
1059 1070 1173 1120 quod
1199 1071 1355 1107 exteris
1377 1071 1419 1107 in
1443 1069 1520 1107 hoc
1549 1069 1706 1118 oppido
1735 1069 1838 1106 diffi-

263 1129 466 1166 cillimum
489 1133 565 1166 est.
626 1127 754 1165 Cuius
775 1127 933 1175 negotii
958 1126 1118 1163 iamdiu
1141 1129 1303 1174 satago,
1326 1137 1400 1162 1100
1424 1137 1590 1174 perago.

319 1184 514 1225 Obsecro,
534 1183 590 1220 mi
612 1181 725 1226 Olae,
745 1185 793 1218 vt
811 1181 1018 1218 Leuinum
1042 1184 1249 1223 nostrum,
1268 1179 1630 1229 quemadmodum
1649 1178 1839 1227 coepisti,

264 1252 413 1289 pergas
445 1238 634 1281 euehere,
663 1237 795 1273 donec
823 1236 981 1273 habeat
1005 1235 1169 1284 aliquid
1195 1234 1353 1272 solidae
1380 1234 1591 1271 fortunae.
1654 1233 1840 1270 Multum

265 1295 333 1331 ille
357 1294 439 1331 iam
462 1293 589 1330 (lebet
612 1291 690 1329 tibi
712 1296 755 1328 et
775 1304 852 1340 ego
875 1290 987 1328 illius
1008 1303 1169 1328 caussa.
1231 1289 1419 1326 Absolue
1443 1289 1718 1337 benignitatis
1742 1292 1841 1325 tuae

204 1364 244 1393 35
265 1362 431 1386 munus.
493 1347 789 1384 Sei-cnissimae
833 1346 1000 1394 reginae
1041 1357 1153 1382 nunc
1194 1357 1276 1381 non
1320 1344 1470 1389 scribo,
1512 1355 1758 1392 quanquam
1800 1342 1840 1379 id

265 1403 489 1453 flagitabat
512 1402 708 1439 Leuinus,
770 1400 996 1437 Distrahor
1016 1400 1120 1437 aliis.
1181 1399 1296 1436 Bene
1319 1398 1413 1436 vale
1435 1402 1618 1448 patrono
1641 1398 1774 1434 vnice.

321 1458 515 1507 Friburgi
540 1467 590 1504 23
613 1456 679 1493 (110
702 1456 857 1493 mensis
879 1455 1062 1504 Augusti
1089 1463 1204 1502 1533.

609 1684 815 1724 27762861.
881 1682 1020 1723 FROM
1055 1682 1215 1722 PETER
1248 1680 1495 1721 Tomczm.

314 1776 494 1809 &Varsaw
514 1774 597 1809 MS.
618 1773 718 1807 Teki
738 1773 956 1816 Gorskiego
980 1782 1085 1814 1925.
1528 1769 1703 1803 Craeow.

1440 1829 1485 1861 25
1506 1819 1665 1863 August
1689 1828 1793 1861 1533.

310 1893 402 1930 [The
421 1901 479 1922 MS.
499 1892 550 1929 (in
569 1892 632 1922 the
650 1891 787 1930 library
801 1890 838 1920 of
855 1889 977 1920 Count
990 1888 1151 1919 Maurice
1165 1887 1361 1928 Zamoyski
1378 1891 1418 1917 at
1432 1887 1609 1923 Warsaw)
1629 1887 1657 1916 is
1673 1896 1695 1916 a
1712 1885 1843 1926 rough-

265 1937 365 1967 draft
383 1937 432 1976 by
449 1947 470 1966 a
487 1939 684 1975 secretary,
703 1935 793 1965 with
810 1934 1033 1964 corrections
1050 1933 1212 1973 perhaps
1229 1932 1278 1971 by
1296 1932 1359 1962 the
1377 1941 1477 1961 same
1495 1931 1594 1960 hand
1613 1930 1725 1970 (Epp.
1748 1938 1844 1969 1953,

268 1991 346 2019 2521
369 1991 461 2011 were
479 1980 555 2010 also
572 1980 721 2009 written
739 1979 776 2009 in
794 1978 869 2009 this
882 1977 1009 2013 hand).
1056 1976 1134 2006 The
1151 1976 1262 2006 letter
1280 1976 1308 2006 is
1326 1974 1475 2015 printed
1494 1974 1587 2004 from
1605 1974 1668 2004 the
1682 1973 1844 2004 VVarsaw

267 2034 327 2055 MS.
352 2025 400 2065 by
426 2024 494 2054 Th.
519 2023 792 2058 VVierzbowski,
819 2020 1023 2061 „Maleryaly
1047 2021 1091 2051 do
1118 2020 1261 2060 dziejo'w
1283 2019 1575 2058 pismz'erznictwa
1599 2017 1795 2057 Polskieyo,
1822 2018 1844 2053 i,

270 2079 364 2105 1000,
385 2079 419 2107 p.
439 2077 513 2106 327.
561 2067 679 2097 There
699 2076 760 2097 are
781 2066 903 2106 copies
923 2066 960 2096 of
981 2065 1044 2095 the
1062 2065 1173 2094 letter
1190 2064 1226 2094 in
1245 2064 1308 2094 the
1326 2063 1467 2102 Corpus
1485 2062 1846 2092 Naruszewicz‘anum

266 2117 306 2143 at
324 2112 469 2142 Cracow
488 2112 597 2147 <froin
614 2110 732 2141 which
748 2110 776 2140 it
791 2120 864 2139 was
882 2108 1031 2149 printed
1050 2109 1098 2148 by
1116 2107 1351 2137 Miaskowski
1370 2107 1404 2136 in
1424 2107 1488 2137 the
1506 2105 1718 2136 Paderborn
1738 2105 1797 2135 Jb.
1811 2105 1843 2144 f.

269 2156 497 2195 Philosophie
522 2166 583 2190 xv,
606 2164 699 2191 1901,
718 2164 753 2194 p.
777 2155 853 2192 330)
879 2153 953 2183 and
979 2153 1014 2182 in
1040 2153 1104 2182 the
1130 2151 1336 2190 Leningrad
1357 2150 1430 2181 MS.
1453 2150 1535 2180 Lat.
1558 2149 1597 2179 F.
1623 2158 1682 2189 145
1701 2149 1762 2183 K..
1782 2149 1846 2179 the

268 2200 436 2237 readings
460 2200 498 2229 os
518 2199 636 2228 which
661 2208 755 2228 were
778 2196 1074 2228 communicated
1097 2200 1136 2226 to
1158 2206 1200 2225 us
1222 2195 1271 2234 by
1288 2195 1351 2224 Dr.
1374 2194 1447 2224 Jan
1467 2192 1618 2233 Fijalek.
1667 2193 1732 2222 W'e
1751 2193 1846 2223 have

268 2252 330 2274 not
351 2244 512 2283 thought
530 2243 558 2273 it
575 2242 695 2273 worth
712 2241 818 2272 while
835 2245 874 2271 to
892 2240 1018 2271 record
1036 2240 1100 2270 the
1117 2239 1284 2270 variants
1301 2238 1338 2268 of
1355 2238 1459 2268 these
1477 2241 1551 2268 two
1568 2237 1719 2277 copies]

268 2314 527 2341 CLARISSIMO
550 2313 603 2339 AC
625 2311 920 2339 ORNATISSIMO
946 2311 1052 2337 VIRO
1080 2308 1320 2336 DESIDERIO
1347 2308 1522 2335 ERASMO
1547 2307 1845 2334 ROTERODANO

837 2366 973 2393 AMICO
995 2364 1273 2392 CHARISSIMO.

323 2428 361 2467 S.
383 2430 426 2467 P.
471 2428 754 2478 Obiurgatum
775 2439 866 2464 esse
887 2431 930 2464 te
950 2426 1004 2464 ab
1027 2426 1146 2463 Iosto
1167 2428 1314 2462 nostro
1337 2423 1478 2468 Decio,
1502 2423 1567 2460 vir
1588 2422 1844 2467 doctissime,

269 2484 383 2534 quod
404 2484 496 2520 aliis
517 2484 663 2521 amicis
685 2483 782 2528 tuis,
806 2494 912 2531 quos
933 2481 1064 2518 habes
1087 2480 1153 2517 1110
1174 2480 1217 2516 111
1240 2478 1427 2523 Polonia,
1451 2478 1635 2515 scribens
1656 2489 1732 2514 nos
1754 2489 1844 2526 pre-

269 2539 511 2583 termiseris‚
534 2538 699 2575 factum
720 2541 785 2575 est
806 2536 977 2586 quidem
999 2535 1053 2572 ab
1076 2534 1149 2572 illo
1171 2533 1373 2583 singulari
1393 2545 1491 2582 erga
1516 2545 1593 2569 nos
1619 2531 1774 2576 studio,
1798 2535 1846 2568 vt

270 2594 343 2643 qui
373 2606 457 2630 non
488 2593 664 2642 ignoret,
697 2595 910 2641 quantum
942 2595 983 2628 te
1017 2602 1208 2628 amemus
1242 2592 1539 2637 quantumque
1573 2587 1659 2624 tuis
1692 2586 1846 2623 litteris

231 2656 249 2686 5
270 2661 433 2698 semper
464 2647 734 2685 delectemur.
795 2646 953 2683 Verum
978 2657 1075 2682 cum
1103 2657 1179 2681 nos
1206 2655 1376 2692 quoque
1403 2642 1539 2680 eidem
1567 2641 1688 2690 culpe
1716 2641 1846 2677 simus

270 2703 456 2745 obnoxii,
471 2703 563 2751 pari
583 2706 725 2739 tecum
741 2713 880 2746 causa,
896 2712 1047 2749 nempe
1068 2697 1435 2748 occupacionibuS,
1451 2696 1605 2746 quibus
1626 2695 1845 2743 de[s]tine-

271 2771 366 2795 mur
405 2757 674 2807 grauissimis,
709 2757 752 2793 in
794 2755 951 2793 bonam
991 2758 1157 2804 partem
1191 2752 1406 2790 silentium
1443 2755 1567 2788 tuum
1603 2751 1846 2800 accipimus,

694 2827 790 2858 2860.
818 2835 868 2865 25.
895 2824 978 2865 ᾗπερ
995 2825 1230 2865 scripsimus:
1257 2825 1328 2854 erit
1345 2823 1417 2854 OE.

316 2918 413 2948 2860.
433 2919 486 2947 26.
506 2915 694 2955 παροιμίαν]
709 2915 913 2947 Simonides
925 2915 955 2945 8.
970 2924 1023 2951 20,
1139 2921 1192 2952 33.
1219 2911 1388 2949 euehere]
1406 2911 1482 2941 But
1500 2911 1535 2940 in
1554 2910 1622 2950 Ep.
1637 2910 1721 2947 2865
1739 2908 1846 2939 Eras-

272 2963 317 2993 cf.
338 2962 450 3000 Adaq.
474 2970 567 3000 1241.
587 2961 656 3000 Ep.
676 2961 772 2990 2810.
792 2969 848 2998 3n.
1093 2968 1175 2987 mus
1191 2965 1382 2996 expresses
1406 2954 1552 2985 himself
1569 2964 1609 2984 as
1625 2953 1847 2993 completely

318 3016 369 3045 30.
397 3005 639 3042 testamento]
657 3004 721 3035 See
739 3004 808 3044 Ep.
830 3011 924 3043 2754.
945 3011 1000 3042 7n.
1093 2999 1316 3031 dissatisfied
1333 2999 1423 3029 with
1441 2999 1604 3029 Livinus.
