1966 3379
143 113 262 162 2876]
581 113 652 152 TO
682 114 915 152 CONRAD
945 113 1265 152 GOCLENIUS
1623 114 1701 150 315

141 229 292 266 scopus
333 216 554 261 Plocensis,
597 218 669 266 qui
708 230 805 255 eum
846 218 1029 254 vocauit.
1090 217 1146 254 Et
1186 217 1272 265 ipse
1313 216 1616 253 Melanehthon
1661 217 1702 253 in

140 270 455 308 Commentario
477 271 694 320 Epistolae
715 271 768 308 ad
792 271 1021 315 Romanos,
1044 275 1088 308 et
1112 271 1151 307 in
1179 271 1358 319 priuatis
1383 271 1437 307 ad
1466 283 1530 307 nie
1556 271 1700 314 literis,
1724 283 1761 311 25

141 326 244 362 satis
276 325 466 362 declarat
501 338 543 362 se
579 338 750 363 suorum
782 327 932 375 pigere.
984 324 1069 361 Sub
1101 324 1225 361 finem
1258 325 1412 361 mensis
1443 323 1701 373 Septembris

141 380 282 428 accepi
312 379 457 416 literas
488 379 609 425 Delfi,
641 392 781 417 mense
813 379 924 416 Maio
955 380 1135 428 scriptas
1167 379 1207 415 in
1240 378 1459 427 Hispania,
1492 391 1574 414 vna
1606 390 1700 415 cum

141 433 272 470 literis
295 433 467 470 Ioannis
485 433 705 483 Vergarae.
758 433 943 482 Vterque
961 434 1223 482 promittunt
1244 434 1466 481 pecuniam
1484 432 1537 469 ab
1556 431 1699 468 Archi-

139 488 336 536 episcopo
358 487 577 525 Toletano.
627 488 790 525 Neuter
811 492 956 524 tamen
977 499 1187 524 summam
1209 487 1420 535 exprimit.
1472 486 1536 523 Ad
1564 498 1629 522 me
1649 498 1701 523 ne

141 541 292 578 vmbra
321 542 491 590 quidem
522 543 723 591 pecuniae
752 542 960 591 peruenit.
1012 540 1185 586 Quirino
1214 541 1388 585 famulo,
1417 553 1548 589 quum
1578 540 1700 576 isthic
1722 553 1762 581 30

140 599 263 640 esset,
285 595 388 632 nihil
411 596 519 632 dixit
542 596 702 640 Delius,
726 609 801 633 nec
824 609 898 645 per
918 608 1014 632 eum
1041 596 1207 644 scripsit
1230 595 1421 632 verbum.
1474 594 1564 631 Iino
1589 594 1700 631 able-

139 650 269 698 gauit,
293 649 508 699 pollicitus
530 663 572 687 se
594 663 667 700 per
688 651 905 699 proprium
928 649 1138 687 famulum
1160 650 1388 686 missurum
1406 649 1549 686 literas
1572 648 1625 685 ad
1646 652 1700 685 te.

141 703 221 740 Hic
243 705 451 741 succurrit
467 704 571 741 illud
593 717 614 742 e
636 704 853 753 tragoedia
874 702 1019 740 πολλαὶ
1039 702 1190 752 μορφαὶ
1210 707 1289 740 τῶν
1311 702 1536 752 δαιμονΐων.
1587 702 1702 747 Quae

140 770 213 807 per
238 758 443 795 Leuinum
471 759 630 808 scripsi,
656 763 762 808 puto
783 758 863 796 tibi
884 758 994 796 bona
1023 758 1104 795 fide
1131 770 1220 795 esse
1248 757 1426 795 reddita.
1480 756 1702 794 Redeundi

140 813 405 861 propositum
441 825 525 850 non
562 813 748 862 deposui.
809 812 888 858 Qui
925 825 1068 850 rumor
1103 825 1273 862 sparsus
1309 818 1384 853 est,
1422 824 1539 848 secus
1575 823 1702 859 quam
1723 823 1762 852 35

139 866 346 904 volebam.
399 867 536 904 Facile
561 868 804 904 sentiuntur
826 868 957 904 animi
982 867 1262 915 quorundam
1314 866 1447 904 Doleo
1471 865 1703 913 Collegium

140 920 252 958 istud
286 925 376 958 tam
411 922 496 959 cito
528 921 758 971 frigescere,
791 926 834 958 et
867 922 1103 970 periturum
1139 921 1273 965 video,
1309 922 1386 957 nisi
1420 897 1629 957 Piaesidis
1661 924 1704 956 et

141 975 467 1023 Exequutorum
489 988 590 1013 cura
611 976 769 1025 vigilet,
792 980 840 1013 vt
863 976 1153 1013 Piofessorum
1176 975 1289 1012 adsit
1310 975 1540 1024 diligentia
1584 965 1701 1010 Cam-

140 1030 278 1078 pensis
304 1030 436 1067 abest.
489 1030 553 1067 Tu
578 1030 730 1079 litigas,
757 1042 1017 1078 quamquam
1046 1029 1195 1066 celebs.
1248 1030 1421 1066 Rescius
1448 1030 1587 1065 varias
1613 1040 1701 1077 per-

140 1096 264 1120 sonas
303 1085 497 1122 sustinet.
558 1084 674 1121 Haec
714 1085 858 1134 scripsi
901 1097 973 1133 per
1014 1084 1210 1133 Viglium⁷
1252 1084 1323 1132 qui
1365 1083 1466 1120 mibi
1506 1082 1621 1132 apud
1662 1087 1703 1119 te
1724 1093 1765 1123 40

139 1138 328 1187 prolixae
348 1138 550 1187 epistolae
571 1140 706 1176 instar
727 1140 818 1176 erit.

196 1192 310 1237 Vale,
334 1192 527 1243 Friburgi
549 1203 584 1241 7.
609 1193 674 1230 die
696 1193 950 1230 Nouembris
975 1202 1090 1240 1533.

1046 1247 1246 1284 Erasmus
1270 1246 1368 1284 Rot.
1393 1259 1486 1284 mea
1508 1259 1648 1283 manu.

537 1449 726 1500 28772915
788 1446 855 1486 ΤΟ
888 1445 1130 1486 NICHOLAS
1163 1445 1310 1486 OLAH.

188 1540 412 1584 Esterhazy
430 1539 512 1573 MS.
534 1552 572 1585 p.
595 1541 677 1583 358.

189 1589 272 1622 OE.
293 1600 376 1633 424.

350 1676 548 1703 ERASMVS
570 1676 665 1703 ROT.
690 1678 731 1703 N.
756 1677 867 1704 OLAO
890 1677 1198 1704 THESAVRARIO
1221 1677 1380 1703 ALBEN.
1406 1676 1497 1703 ETC.

1353 1539 1558 1583 Freiburg.

1259 1597 1279 1632 7
1299 1589 1528 1622 November
1552 1598 1656 1631 1533.

195 1742 371 1779 VTINAM
403 1742 502 1779 aula
532 1747 676 1780 vestra
709 1742 816 1780 tales
850 1743 1149 1792 amplectatur,
1183 1742 1320 1790 qualis
1352 1742 1417 1779 hic
1449 1746 1513 1779 est
1545 1741 1706 1790 Viglius

139 1795 470 1840 Schuichemffls,
494 1798 566 1845 qui
589 1797 663 1833 has
694 1797 845 1842 reddit,
870 1798 1035 1834 iuuenis
1061 1798 1229 1846 ingenio
1255 1798 1392 1839 niueo,
1417 1797 1567 1834 doctor
1589 1797 1704 1841 iuris,

139 1852 211 1899 qui
235 1851 402 1888 Patauii
424 1851 592 1900 publice
618 1852 829 1900 professus
850 1856 928 1895 est,
952 1857 1000 1889 vt
1027 1864 1111 1889 non
1140 1852 1229 1888 sine
1257 1852 1501 1895 certamine,
1531 1852 1590 1888 ita
1621 1863 1705 1887 non

140 1906 299 1954 absque
320 1905 465 1954 gloria.
525 1905 611 1942 Nec
637 1907 774 1955 seipso
803 1906 975 1943 inferior
1002 1911 1067 1943 est
1099 1907 1140 1942 in
1174 1906 1293 1943 bonis
1324 1905 1491 1942 litteris,
1550 1905 1706 1942 Animo

140 1959 259 1996 nulla
289 1972 456 2009 gemma
486 1961 643 2008 purior.
704 1959 784 2006 Qui
812 1960 930 1997 nulla
956 1960 1327 1998 commendatione
1356 1960 1470 2009 digni
1500 1965 1612 2004 sunt,
1635 1973 1706 1996 ex-
1727 1977 1743 2005 5

140 2019 343 2062 torquent
374 2014 534 2051 multas
562 2015 965 2053 commendationes.
1026 2015 1105 2051 Hic
1138 2027 1222 2052 non
1254 2015 1493 2064 postulauit
1524 2014 1590 2051 vel
1622 2027 1706 2051 vno

140 2068 272 2105 verbo
299 2068 600 2106 commendari.
661 2069 848 2106 Tantum
880 2070 957 2106 hoc
988 2082 1082 2106 mea
1112 2082 1263 2107 caussa
1292 2082 1404 2118 rogo,
1432 2074 1480 2106 vt
1510 2070 1705 2106 iuuenem

141 2126 207 2159 tot
228 2123 492 2159 ornamentis
514 2123 718 2172 insignem
741 2124 845 2161 velis
867 2137 1128 2173 cognoscere.

195 2176 395 2214 Scribunt
416 2177 677 2226 Antuerpiae
699 2178 907 2227 templum
930 2191 1143 2215 summum
1166 2178 1430 2228 deflagrasse.
1491 2176 1599 2222 Quid
1627 2178 1704 2213 sibi

140 2230 292 2268 volunt
314 2235 380 2268 tot
402 2231 597 2269 incendia
615 2233 620 2268 !
668 2231 869 2270 Scribunt
890 2233 1001 2270 eirca
1023 2232 1240 2270 Coloniam
1259 2233 1535 2281 Agrippinam
1554 2238 1703 2268 exusta
1730 2245 1767 2264 10

184 2330 279 2360 2876.
306 2340 357 2369 24.
385 2330 581 2367 I'loeensis]
616 2330 782 2361 Andreas
813 2331 885 2361 Cri-

139 2374 232 2408 eius;
248 2374 310 2404 the
321 2373 430 2403 letter
441 2374 468 2403 is
479 2378 543 2403 not
553 2378 696 2404 extant.
712 2375 887 2405 Erasinus

138 2421 285 2457 repeats
312 2417 376 2447 the
404 2427 501 2446 news
530 2417 566 2446 of
594 2417 887 2449 Melanchthon's

956 2331 1145 2361 President
1180 2331 1216 2360 of
1250 2332 1313 2361 the
1341 2331 1526 2371 Trilingue
1556 2331 1589 2360 in
1621 2331 1705 2360 Dee.

959 2383 1041 2412 1529
1051 2374 1124 2404 and
1139 2374 1221 2404 died
1237 2375 1337 2414 Sept.
1356 2380 1446 2413 1530.
1498 2375 1551 2413 ssy
1569 2375 1621 2403 liis
1637 2374 1705 2403 will

955 2418 999 2447 he
1025 2418 1187 2448 founded
1212 2418 1458 2457 seliolnrships
1483 2418 1517 2447 in
1544 2418 1606 2447 the
1631 2418 1706 2447 Tri-

139 2460 206 2491 eall
224 2464 262 2491 to
280 2461 419 2491 Poland
437 2461 473 2490 in
492 2460 559 2500 Ep.
581 2470 674 2497 2911.

184 2505 278 2543 27—8.
306 2504 397 2534 Delfi
422 2528 428 2533 .
453 2528 458 2533 .
484 2528 489 2534 .
516 2504 710 2544 Vergarae]
736 2505 887 2536 Neither

139 2548 249 2578 letter
266 2549 294 2577 is
311 2552 454 2578 extant.

185 2600 237 2629 33.
264 2591 468 2631 tragoedia]
483 2591 569 2620 Eur.
588 2591 787 2631 And.1284‚
804 2592 885 2623 Hel.

144 2636 236 2665 1688.

598 2679 602 2683 .
642 2679 661 2696 ‚·
721 2680 732 2694 ,
881 2691 888 2696 .

141 2677 441 2761 2h3³d34ffl25ft7
454 2679 888 2761 <is..‚³33333¹l..¹s.?}³.2¹3323-

139 2766 429 2805 aceompanying
451 2766 491 2795 it.
540 2765 690 2795 Livinus
707 2765 773 2796 left
792 2766 885 2796 Frei-

141 2808 232 2848 burg
250 2809 284 2838 in
306 2809 397 2847 Aug.
421 2818 514 2847 1533.

184 2861 239 2891 37:
262 2852 457 2889 Praesidis]
484 2852 580 2881 l'rof.
607 2852 660 2882 Do
692 2852 811 2883 Voeht
836 2853 886 2883 in-

141 2894 253 2925 forms
295 2906 338 2925 us
380 2896 464 2926 that
506 2895 670 2926 Judoeus
709 2906 781 2926 van
824 2897 889 2927 der

142 2938 306 2973 Hoeven,
321 2950 341 2969 u
356 2940 480 2969 native
494 2939 530 2969 of
548 2939 724 2973 Louvuin.
741 2940 888 2970 became

956 2462 1075 2501 lingue
1093 2462 1165 2491 ¹<ind
1185 2462 1247 2491 ilie
1264 2462 1349 2491 Coll.
1370 2463 1402 2491 S.
1423 2462 1591 2501 Spiritus.

1000 2515 1052 2543 30.
1079 2505 1212 2542 ΟΜΝΗ]
1232 2506 1295 2535 δυο
1314 2505 1427 2543 Aila-tl.
1448 2514 1542 2543 3135.

1000 2559 1052 2588 40.
1080 2548 1253 2587 Vigliunil
1286 2549 1361 2579 Tm·
1388 2549 1508 2580 letter,
1538 2548 1607 2577 like
1638 2548 1705 2587 Ep.

956 2593 1052 2630 2877,
1071 2592 1189 2621 would
1209 2603 1304 2621 seen]
1323 2597 1362 2622 to
1381 2593 1472 2622 have
1492 2592 1580 2621 been
1600 2592 1705 2629 given

957 2635 1708 2674 toVigliuswl1‹·nlwwcntsroniFreiburg

957 2684 995 2709 to
1010 2679 1126 2709 Busle.
1154 2679 1223 2708 But
1244 2679 1415 2708 Erasinus
1428 2689 1500 2708 was
1511 2679 1706 2717 expevting

957 2723 1029 2752 111111
1052 2723 1087 2752 111
1110 2723 1285 2759 Freiburg
1304 2723 1436 2752 almost
1459 2728 1493 2751 at
1515 2731 1614 2752 once.
1634 2721 1705 2750 und

957 2767 999 2796 lie
1033 2767 1068 2795 in
1106 2766 1180 2795 fact
1218 2766 1389 2795 returned
1425 2767 1458 2794 in
1490 2765 1573 2794 «11111.
1613 2774 1705 2803 1534.

957 2809 1079 2839 before
1111 2810 1219 2847 going
1252 2810 1359 2839 north
1390 2809 1473 2847 (Ep.
1503 2810 1596 2846 2875.
1623 2811 1705 2846 jniz

957 2853 1136 2892 probably
1160 2854 1221 2882 ilie
1248 2853 1374 2882 letters
1400 2862 1491 2881 were
1518 2851 1647 2890 passed
1670 2857 1707 2880 to

956 2908 1054 2927 sorno
1072 2897 1177 2926 other
1195 2897 1346 2931 carrion
1372 2906 1429 2925 see
1450 2895 1515 2934 Ep.
1538 2896 1630 2933 2878.
