1966 3379
132 172 252 220 2638]
531 168 689 207 FROM
718 167 950 207 JEROME
981 168 1294 206 ALEANDER
1672 172 1693 207 7

133 276 305 314 modum
328 274 486 319 scribis,
506 278 553 310 vt
575 274 608 310 si
625 273 751 310 modo
772 273 955 322 paucula
972 272 1099 310 tollas
1121 272 1188 310 vel
1211 274 1410 310 immutes
1427 286 1534 323 quae
1552 275 1594 311 in
1612 275 1696 312 tuis
1715 291 1757 321 40

132 331 247 368 libris
262 342 345 367 non
360 328 462 366 mihi
477 328 602 365 modo
617 328 689 364 sed
703 332 746 364 et
763 327 935 365 cuilibet
950 340 1045 364 vere
1063 327 1142 364 tibi
1159 328 1293 365 amico
1310 340 1395 365 non
1412 329 1694 375 satisfaciunt,

131 386 164 422 si
185 388 404 434 praeterea
425 396 518 420 eam
540 395 669 431 quam
691 382 742 419 de
765 395 830 419 me
858 381 1127 419 falsissimam
1157 383 1198 419 in
1224 383 1458 420 amicorum
1482 384 1696 421 mentibus

130 439 378 489 impressisti
406 438 645 487 opinionem
673 437 869 485 corrigas,
900 437 984 474 iam
1016 449 1127 474 nunc
1158 449 1254 474 eum
1282 437 1385 474 mihi
1414 437 1579 475 hostem
1607 450 1696 476 esse

130 493 331 543 profiteor
361 493 617 541 quicumque
647 491 725 529 tibi
756 491 891 528 hostis
915 491 1056 528 fuerit.
1116 491 1183 528 An
1214 492 1395 540 ignoras,
1428 491 1573 541 ὠγαθέ,
1606 494 1694 542 qui-

130 561 294 598 cunque
311 552 353 584 te
367 548 602 597 opprimere
620 546 727 591 vult,
749 546 929 583 eundem
951 550 994 583 et
1011 546 1217 583 bonarum
1235 546 1454 584 literarum
1471 551 1514 584 et
1535 547 1694 597 lingua-
1716 562 1756 593 45

130 615 223 640 rum
245 614 416 639 causam
438 602 705 663 opprimere?
755 601 885 638 Porro
902 600 981 638 illis
1003 601 1212 650 oppressis
1235 601 1337 650 quid
1353 602 1434 639 erit
1456 601 1695 640 Aleander?

130 656 171 694 Si
199 657 300 706 quid
326 656 453 694 modo
481 657 522 693 in
555 656 632 693 hoc
660 655 951 693 doctrinaium
979 668 1129 704 genere
1156 655 1330 705 aliquod
1358 669 1597 706 nomenque
1627 657 1694 694 de-

130 724 288 761 cusque
312 712 528 761 gessimus,
555 710 669 759 quod
697 711 894 760 quamuis
924 722 975 747 ne
1005 710 1174 747 credam
1203 710 1333 748 faciat
1359 715 1463 748 nota
1490 711 1594 748 mihi
1616 712 1697 749 mei

129 767 259 816 ipsius
281 778 489 811 mensura,
513 770 655 803 tamen
678 778 762 803 non
788 777 938 815 parum
970 765 1143 802 omnino
1169 777 1235 803 me
1263 770 1408 803 mouet
1438 770 1482 803 et
1510 766 1697 804 delectat

129 821 421 858 testimonium
444 797 580 866 tiium,
599 820 740 869 quod
730 833 772 857 ln
795 820 872 857 hac
895 832 936 857 re
954 819 1253 869 colophonium
1272 820 1520 870 suffragium
1542 821 1697 859 iudicio
1717 836 1758 866 5ο

128 876 316 913 011111111111
337 879 542 912 censetur.

183 930 339 968 Fateor
367 930 560 979 profecto
590 942 655 966 me
686 933 915 979 postquam
951 930 1062 967 inter
1093 942 1168 967 nos
1204 942 1346 968 coram
1382 943 1467 968 non
1498 930 1695 976 vidimus,

129 985 479 1034 impensissimam
516 984 679 1022 dedisse
714 985 842 1022 sacris
874 984 1007 1022 literis
1043 997 1228 1033 operam,
1262 997 1398 1034 neque
1428 986 1575 1035 priscis
1605 990 1696 1023 tam

129 1038 300 1077 Graecis
322 1052 450 1089 quam
473 1039 637 1076 Latinis
658 1040 786 1076 sacris
809 1039 1068 1084 doctoribus,
1091 1051 1273 1088 quorum
1296 1039 1361 1076 vel
1384 1041 1697 1078 larissimorum

129 1107 282 1143 magna
303 1094 417 1144 apud
441 1107 506 1131 me
528 1107 643 1143 seges
668 1098 744 1139 est,
768 1098 1031 1139 contentum,
1054 1094 1184 1131 etiam
1212 1094 1417 1132 adhibitis
1449 1096 1626 1132 summis
1655 1096 1696 1132 in
1718 1109 1757 1138 55

127 1149 339 1186 neoterica
360 1148 572 1199 theologia
593 1149 693 1186 viris
715 1149 873 1198 scripta
894 1149 1094 1192 Thomae,
1117 1148 1244 1195 Scoti,
1267 1148 1456 1195 Ockami,
1474 1148 1696 1195 Gabrielis,

128 1203 384 1253 reliquorum
406 1203 449 1241 id
469 1216 600 1253 genus
628 1204 820 1241 omnium
845 1203 1164 1253 diligentissime
1191 1203 1413 1249 euoluisse,
1436 1217 1570 1254 vsque
1592 1204 1698 1242 adeo

127 1263 175 1295 vt
206 1259 246 1295 in
278 1258 355 1296 hoc
386 1260 515 1296 etiam
547 1258 788 1296 studiorum
819 1271 969 1308 genere
1001 1271 1067 1296 me
1094 1271 1178 1296 non
1212 1258 1444 1308 vulgariter
1474 1259 1697 1309 profecisse

126 1313 329 1350 dictitent
350 1314 377 1350 ii
397 1314 470 1362 qui
491 1314 533 1350 in
554 1326 603 1351 ea
625 1326 667 1351 re
695 1314 821 1363 primi
847 1317 947 1350 sunt
974 1313 1167 1351 nominis.
1229 1312 1309 1351 Sed
1331 1314 1500 1364 seiunge
1522 1327 1547 1352 a
1568 1315 1697 1352 sacris

127 1368 259 1405 literis
290 1367 530 1417 linguarum
565 1369 776 1417 peritiam,
812 1381 941 1417 quam
978 1373 1025 1406 tu
1062 1381 1158 1405 cum
1191 1368 1273 1406 illis
1309 1370 1471 1418 primus
1506 1370 1696 1407 omnium
1716 1376 1759 1404 60

127 1426 273 1460 nostro
294 1435 400 1460 aeuo
422 1427 512 1460 tam
534 1422 739 1460 foeliciter
760 1423 1032 1468 coniunxisti,
1060 1426 1209 1460 tantus
1233 1424 1314 1461 erit
1344 1424 1455 1461 inter
1485 1424 1698 1474 sophistas

128 1477 337 1515 Aleander
358 1482 546 1527 quantus
568 1477 776 1515 barbarus
797 1477 951 1527 aliquis
972 1482 1016 1516 et
1036 1478 1348 1528 perditissimus
1370 1478 1563 1529 sophista
1588 1480 1698 1516 inter

129 1532 232 1570 bene
253 1532 459 1578 literatos,
483 1545 634 1582 nempe
656 1533 768 1570 inter
788 1532 923 1570 olores
944 1545 1079 1570 anser.
1131 1533 1311 1570 Proinde
1333 1533 1501 1571 abstine
1521 1534 1697 1572 tandem

128 1588 306 1624 istarum
342 1587 623 1636 querelarum,
660 1588 840 1625 istarum
876 1588 1177 1637 suspicionum,
1214 1600 1287 1637 per
1321 1601 1428 1638 quas
1461 1589 1697 1627 multorum

127 1641 350 1679 doctorum
377 1646 420 1680 et
449 1646 713 1680 summatum
743 1643 931 1680 virorum
962 1643 1106 1680 odium
1134 1643 1175 1679 in
1208 1647 1250 1680 te
1281 1644 1518 1690 concitasti,
1550 1648 1594 1682 et
1624 1656 1698 1694 per
1717 1650 1758 1686 65

127 1697 358 1734 amicitiam
380 1701 570 1735 nostram
599 1710 728 1746 quam
756 1710 832 1747 ego
860 1699 1069 1747 integram
1097 1697 1345 1747 saluamque
1366 1711 1533 1748 semper
1553 1699 1696 1736 existi-

127 1752 253 1797 maui,
276 1755 323 1789 tu
347 1753 380 1789 si
402 1752 503 1801 quid
521 1753 862 1790 contaminatum
884 1756 1026 1801 putas,
1049 1765 1275 1802 possumus
1296 1754 1460 1802 optimo
1477 1753 1699 1803 ἀμνηστίας

128 1806 312 1844 remedio
343 1811 387 1844 et
421 1807 697 1857 pristinorum
734 1807 966 1845 officiorum
998 1807 1299 1845 rediteratione
1329 1808 1451 1846 facile
1483 1809 1695 1846 resarcire.

128 1861 287 1898 Demus
309 1866 487 1911 vterque
509 1874 681 1912 operam
704 1866 753 1899 vt
774 1875 825 1899 ne
847 1875 920 1912 per
946 1863 1048 1899 istas
1071 1862 1314 1900 simultates
1331 1867 1375 1900 et
1392 1863 1487 1901 odia
1506 1865 1587 1901 toti
1605 1863 1696 1901 orbi

126 1915 310 1954 ludibrio
345 1917 489 1961 simus,
520 1921 563 1954 et
589 1916 732 1954 studia
763 1922 910 1954 nostra
941 1930 1048 1966 quae
1080 1918 1137 1955 rei
1167 1917 1378 1955 literariae
1408 1918 1623 1956 ornandae
1653 1922 1697 1956 et
1717 1931 1758 1961 70

127 1971 278 2020 pietati
313 1970 577 2009 Christianae
612 1972 830 2021 pacandae
869 1976 912 2009 et
947 1972 1164 2022 augendae
1199 1972 1407 2010 desudare
1447 1973 1618 2019 debent,
1654 1974 1697 2011 in

126 2024 289 2063 libellos
329 2026 527 2072 famosos,
568 2028 609 2063 in
650 2027 864 2067 orationes
908 2027 1147 2064 inuectiuas
1187 2031 1231 2065 et
1270 2031 1412 2065 truces
1452 2029 1697 2066 inimicitias

125 2080 514 2130 abominabilesque
554 2081 805 2119 Christianis
846 2081 1090 2119 hominibus
1129 2086 1172 2119 et
1216 2083 1362 2120 amicis
1401 2084 1696 2121 contentiones

124 2139 444 2175 conuertantur.

181 2190 312 2228 Amor
346 2191 388 2228 in
423 2195 466 2229 te
501 2204 619 2229 meus
652 2194 696 2228 et
732 2191 1067 2228 reconciliandae
1102 2191 1167 2228 vel
1203 2193 1346 2241 potius
1380 2193 1696 2230 continuandae
1717 2204 1756 2234 75

126 2246 340 2283 amicitiae
380 2250 551 2284 nostrae
585 2246 839 2284 desiderium
881 2246 1092 2283 calamum
1135 2247 1237 2284 mihi
1271 2247 1434 2297 longius
1469 2248 1696 2286 transtulit

127 2312 256 2349 quam
286 2301 492 2350 principio
522 2300 743 2351 sperabam
774 2300 842 2338 vel
872 2313 946 2350 per
976 2301 1169 2350 publicas
1204 2303 1503 2352 occupationes
1538 2303 1695 2341 liceret.

127 2354 263 2400 Quare
298 2355 507 2393 scribendi
543 2356 668 2393 finem
700 2355 853 2393 faciam
889 2356 961 2393 vbi
992 2356 1097 2393 illud
1129 2356 1357 2394 addidero:
1393 2370 1560 2395 omnem
1592 2357 1695 2395 mihi

127 2409 365 2447 molestiam
387 2423 515 2459 quam
536 2424 557 2448 e
579 2412 663 2448 tuis
681 2410 812 2448 literis
829 2423 1116 2460 conceperam,
1135 2416 1210 2448 aut
1227 2416 1340 2449 certe
1357 2413 1588 2450 maximam
1606 2413 1694 2450 eius

128 2468 306 2513 partem,
322 2465 548 2503 abstulisse
565 2466 709 2503 decem
727 2478 873 2503 versus
891 2466 931 2503 in
950 2465 1031 2503 fine
1046 2466 1251 2516 epistolae
1266 2470 1342 2504 tua
1357 2480 1486 2505 manu
1501 2468 1693 2517 scriptos,
1714 2475 1755 2504 80

127 2532 148 2556 e
169 2519 323 2568 quibus
345 2521 511 2570 percepi
533 2521 849 2570 integerrimum
871 2525 915 2558 et
936 2521 1230 2559 doctissimum
1262 2523 1400 2559 virum
1430 2522 1693 2559 Ludouicum

127 2573 281 2611 Berum
298 2578 341 2612 et
357 2576 497 2612 viuere
512 2580 555 2613 et
569 2575 684 2625 apud
700 2579 741 2613 te
759 2588 890 2625 quum
908 2576 1111 2613 scriberes
1127 2580 1230 2614 tunc
1246 2576 1385 2615 fuisse.
1433 2576 1524 2623 Quo
1539 2578 1694 2614 nuncio

126 2628 229 2666 nihil
251 2629 353 2666 mihi
376 2624 519 2679 potuit
540 2631 782 2681 contingere
800 2631 1025 2668 iucundius
1045 2645 1050 2668 ;
1078 2632 1233 2669 reuixit
1254 2633 1365 2669 enim
1387 2632 1490 2669 mihi
1508 2631 1694 2681 quodam

127 2683 253 2721 modo
275 2697 347 2733 per
370 2689 466 2722 tuas
488 2685 633 2722 literas
653 2686 813 2723 amicus
834 2686 1024 2723 omnium
1047 2686 1148 2723 mihi
1171 2686 1467 2726 charissimus:
1500 2687 1618 2724 cuius
1647 2690 1695 2723 vt

127 2739 395 2776 sanctissima
416 2739 515 2777 olim
538 2740 845 2778 consuetudine
866 2754 978 2778 1111110
1001 2740 1067 2778 vel
1089 2741 1179 2778 sola
1204 2741 1495 2778 recordatione
1520 2753 1693 2783 recreor,
1714 2748 1753 2784 85

127 2793 188 2830 ita
209 2792 280 2831 diu
303 2795 432 2831 animi
457 2796 608 2832 anxius
637 2795 710 2840 fui,
733 2795 846 2844 quod
874 2796 1117 2833 dubitarem
1146 2809 1255 2841 eum,
1280 2801 1327 2833 vt
1349 2796 1569 2845 plerosque
1591 2795 1694 2832 alios

426 2883 479 2917 (›7.
506 2879 797 2909 contaminatam
815 2877 898 2909 MS.
1035 2880 1087 2909 81.
1115 2879 1283 2919 praecopi
1303 2878 1382 2909 MS.

171 2977 225 3047 6}
252 2975 346 3006 inter
366 3000 371 3006 .
394 3001 399 3006 .
422 3000 427 3006 .
446 2977 567 3014 anser]
588 2977 641 3007 Cf.
666 2977 771 3017 Verg.
798 2977 872 3008 Ecl.
987 2980 1039 3017 07.
1066 2976 1258 3017 ἀμνηστίας]
1276 2977 1329 3008 Cf.
1350 2977 1418 3017 Ep.
1443 2978 1533 3016 1482.
1553 2978 1648 3014 62-4.

127 3028 158 3054 o.
179 3028 196 3057 3
210 3031 230 3049 ›.
