<?xml version="1.0" encoding="UTF-8"?>
<!DOCTYPE html PUBLIC "-//W3C//DTD XHTML 1.0 Transitional//EN"
    "http://www.w3.org/TR/xhtml1/DTD/xhtml1-transitional.dtd">
<html xmlns="http://www.w3.org/1999/xhtml" xml:lang="en" lang="en">
 <head>
  <title>
</title>
<meta http-equiv="Content-Type" content="text/html;charset=utf-8" />
  <meta name='ocr-system' content='tesseract 3.04.00' />
  <meta name='ocr-capabilities' content='ocr_page ocr_carea ocr_par ocr_line ocrx_word'/>
</head>
<body>
  <div class='ocr_page' id='page_1' title='image "./opusepistolarum10eras_0430.png"; bbox 0 0 1966 3379; ppageno 0'>
   <div class='ocr_carea' id='block_1_1' title="bbox 250 120 1816 174">
    <p class='ocr_par' dir='ltr' id='par_1_1' title="bbox 250 120 1816 174">
     <span class='ocr_line' id='line_1_1' title="bbox 250 120 1816 174; baseline 0.003 -17"><span class='ocrx_word' id='word_1_1' title='bbox 250 120 328 157; x_wconf 81' lang='lat'>394</span> <span class='ocrx_word' id='word_1_2' title='bbox 705 120 964 159; x_wconf 77' lang='lat' dir='ltr'>LETTERS</span> <span class='ocrx_word' id='word_1_3' title='bbox 995 121 1064 160; x_wconf 85' lang='lat' dir='ltr'>OF</span> <span class='ocrx_word' id='word_1_4' title='bbox 1096 121 1362 160; x_wconf 78' lang='lat' dir='ltr'>ERASMUS</span> <span class='ocrx_word' id='word_1_5' title='bbox 1694 126 1816 174; x_wconf 83' lang='lat'>[1534</span> 
     </span>
    </p>
   </div>
   <div class='ocr_carea' id='block_1_2' title="bbox 176 225 1816 2628">
    <p class='ocr_par' dir='ltr' id='par_1_2' title="bbox 176 225 1816 2628">
     <span class='ocr_line' id='line_1_2' title="bbox 249 225 1816 277; baseline 0.003 -17"><span class='ocrx_word' id='word_1_6' title='bbox 249 236 417 273; x_wconf 83' lang='lat' dir='ltr'>quoquc</span> <span class='ocrx_word' id='word_1_7' title='bbox 440 228 565 261; x_wconf 86' lang='lat' dir='ltr'>vetus</span> <span class='ocrx_word' id='word_1_8' title='bbox 587 225 843 263; x_wconf 86' lang='lat' dir='ltr'>vocabulum</span> <span class='ocrx_word' id='word_1_9' title='bbox 866 227 1082 275; x_wconf 76' lang='lat' dir='ltr'>spectasti,</span> <span class='ocrx_word' id='word_1_10' title='bbox 1101 230 1245 264; x_wconf 89' lang='lat' dir='ltr'>tamen</span> <span class='ocrx_word' id='word_1_11' title='bbox 1268 227 1508 264; x_wconf 79' lang='lat' dir='ltr'>meminisse</span> <span class='ocrx_word' id='word_1_12' title='bbox 1529 227 1725 273; x_wconf 82' lang='lat' dir='ltr'>debebas,</span> <span class='ocrx_word' id='word_1_13' title='bbox 1743 229 1816 277; x_wconf 94' lang='lat' dir='ltr'>qui</span> 
     </span>
     <span class='ocr_line' id='line_1_3' title="bbox 248 278 1815 330; baseline 0.003 -15"><span class='ocrx_word' id='word_1_14' title='bbox 248 278 468 316; x_wconf 74' lang='lat' dir='ltr'>Graeciam</span> <span class='ocrx_word' id='word_1_15' title='bbox 499 279 747 329; x_wconf 86' lang='lat' dir='ltr'>simpliciter</span> <span class='ocrx_word' id='word_1_16' title='bbox 777 281 893 326; x_wconf 87' lang='lat' dir='ltr'>dicit,</span> <span class='ocrx_word' id='word_1_17' title='bbox 926 281 1038 318; x_wconf 91' lang='lat' dir='ltr'>hunc</span> <span class='ocrx_word' id='word_1_18' title='bbox 1070 294 1154 318; x_wconf 91' lang='lat' dir='ltr'>non</span> <span class='ocrx_word' id='word_1_19' title='bbox 1186 286 1352 330; x_wconf 85' lang='lat' dir='ltr'>partem</span> <span class='ocrx_word' id='word_1_20' title='bbox 1384 281 1536 319; x_wconf 91' lang='lat' dir='ltr'>Italiae</span> <span class='ocrx_word' id='word_1_21' title='bbox 1564 282 1710 327; x_wconf 82' lang='lat' dir='ltr'>videri,</span> <span class='ocrx_word' id='word_1_22' title='bbox 1742 283 1815 320; x_wconf 89' lang='lat' dir='ltr'>sed</span> 
     </span>
     <span class='ocr_line' id='line_1_4' title="bbox 188 333 1815 385; baseline 0.003 -16"><span class='ocrx_word' id='word_1_23' title='bbox 188 348 229 377; x_wconf 84' lang='lat'>50</span> <span class='ocrx_word' id='word_1_24' title='bbox 248 333 438 370; x_wconf 83' lang='lat' dir='ltr'>Atticam</span> <span class='ocrx_word' id='word_1_25' title='bbox 475 338 518 371; x_wconf 86' lang='lat' dir='ltr'>ct</span> <span class='ocrx_word' id='word_1_26' title='bbox 559 334 739 372; x_wconf 84' lang='lat' dir='ltr'>finitima</span> <span class='ocrx_word' id='word_1_27' title='bbox 780 335 872 372; x_wconf 84' lang='lat' dir='ltr'>loca</span> <span class='ocrx_word' id='word_1_28' title='bbox 907 335 1137 385; x_wconf 83' lang='lat' dir='ltr'>designare.</span> <span class='ocrx_word' id='word_1_29' title='bbox 1200 335 1373 372; x_wconf 89' lang='lat' dir='ltr'>Memini</span> <span class='ocrx_word' id='word_1_30' title='bbox 1408 337 1538 373; x_wconf 91' lang='lat' dir='ltr'>etiam</span> <span class='ocrx_word' id='word_1_31' title='bbox 1575 337 1663 383; x_wconf 89' lang='lat' dir='ltr'>(sed</span> <span class='ocrx_word' id='word_1_32' title='bbox 1699 337 1815 375; x_wconf 89' lang='lat' dir='ltr'>locus</span> 
     </span>
     <span class='ocr_line' id='line_1_5' title="bbox 247 387 1813 440; baseline 0.003 -16"><span class='ocrx_word' id='word_1_33' title='bbox 247 387 421 435; x_wconf 82' lang='lat' dir='ltr'>excidit)</span> <span class='ocrx_word' id='word_1_34' title='bbox 454 401 519 425; x_wconf 87' lang='lat' dir='ltr'>me</span> <span class='ocrx_word' id='word_1_35' title='bbox 551 388 684 437; x_wconf 89' lang='lat' dir='ltr'>legere</span> <span class='ocrx_word' id='word_1_36' title='bbox 716 390 757 426; x_wconf 92' lang='lat' dir='ltr'>in</span> <span class='ocrx_word' id='word_1_37' title='bbox 786 390 870 427; x_wconf 86' lang='lat' dir='ltr'>alio</span> <span class='ocrx_word' id='word_1_38' title='bbox 899 394 974 427; x_wconf 88' lang='lat' dir='ltr'>tuo</span> <span class='ocrx_word' id='word_1_39' title='bbox 1006 390 1165 427; x_wconf 84' lang='lat' dir='ltr'>scholio</span> <span class='ocrx_word' id='word_1_40' title='bbox 1193 390 1339 427; x_wconf 83' lang='lat' dir='ltr'>vrbem</span> <span class='ocrx_word' id='word_1_41' title='bbox 1371 390 1621 440; x_wconf 84' lang='lat' dir='ltr'>Nicopolim,</span> <span class='ocrx_word' id='word_1_42' title='bbox 1654 404 1813 429; x_wconf 85' lang='lat' dir='ltr'>nuncu-</span> 
     </span>
     <span class='ocr_line' id='line_1_6' title="bbox 248 442 1814 494; baseline 0.003 -15"><span class='ocrx_word' id='word_1_43' title='bbox 248 447 394 491; x_wconf 88' lang='lat' dir='ltr'>patam</span> <span class='ocrx_word' id='word_1_44' title='bbox 430 456 481 479; x_wconf 85' lang='lat' dir='ltr'>ex</span> <span class='ocrx_word' id='word_1_45' title='bbox 517 442 701 493; x_wconf 81' lang='lat' dir='ltr'>Augusti</span> <span class='ocrx_word' id='word_1_46' title='bbox 736 445 927 489; x_wconf 81' lang='lat' dir='ltr'>victoria,</span> <span class='ocrx_word' id='word_1_47' title='bbox 964 458 1052 482; x_wconf 82' lang='lat' dir='ltr'>csse</span> <span class='ocrx_word' id='word_1_48' title='bbox 1084 445 1231 482; x_wconf 86' lang='lat' dir='ltr'>vrbem</span> <span class='ocrx_word' id='word_1_49' title='bbox 1267 446 1310 482; x_wconf 93' lang='lat' dir='ltr'>in</span> <span class='ocrx_word' id='word_1_50' title='bbox 1342 445 1533 490; x_wconf 89' lang='lat' dir='ltr'>Thracia,</span> <span class='ocrx_word' id='word_1_51' title='bbox 1566 458 1693 494; x_wconf 85' lang='lat' dir='ltr'>quam</span> <span class='ocrx_word' id='word_1_52' title='bbox 1725 459 1814 484; x_wconf 89' lang='lat' dir='ltr'>esse</span> 
     </span>
     <span class='ocr_line' id='line_1_7' title="bbox 248 498 1816 550; baseline 0.003 -17"><span class='ocrx_word' id='word_1_53' title='bbox 248 501 420 535; x_wconf 85' lang='lat' dir='ltr'>constat</span> <span class='ocrx_word' id='word_1_54' title='bbox 448 498 489 534; x_wconf 91' lang='lat' dir='ltr'>in</span> <span class='ocrx_word' id='word_1_55' title='bbox 522 498 674 547; x_wconf 77' lang='lat' dir='ltr'>Epeiro</span> <span class='ocrx_word' id='word_1_56' title='bbox 706 512 835 548; x_wconf 86' lang='lat' dir='ltr'>prope</span> <span class='ocrx_word' id='word_1_57' title='bbox 867 499 1051 544; x_wconf 82' lang='lat' dir='ltr'>Actium,</span> <span class='ocrx_word' id='word_1_58' title='bbox 1081 499 1135 536; x_wconf 88' lang='lat' dir='ltr'>ad</span> <span class='ocrx_word' id='word_1_59' title='bbox 1163 499 1278 548; x_wconf 89' lang='lat' dir='ltr'>quod</span> <span class='ocrx_word' id='word_1_60' title='bbox 1306 499 1518 537; x_wconf 85' lang='lat' dir='ltr'>Antonius</span> <span class='ocrx_word' id='word_1_61' title='bbox 1545 499 1628 537; x_wconf 85' lang='lat' dir='ltr'>fuit</span> <span class='ocrx_word' id='word_1_62' title='bbox 1656 501 1816 550; x_wconf 89' lang='lat' dir='ltr'>praelio</span> 
     </span>
     <span class='ocr_line' id='line_1_8' title="bbox 248 553 1815 604; baseline 0.003 -16"><span class='ocrx_word' id='word_1_63' title='bbox 248 556 474 600; x_wconf 85' lang='lat' dir='ltr'>superatus</span> <span class='ocrx_word' id='word_1_64' title='bbox 509 553 664 590; x_wconf 86' lang='lat' dir='ltr'>nauali.</span> <span class='ocrx_word' id='word_1_65' title='bbox 716 554 796 591; x_wconf 65' lang='lat' dir='ltr'>Sed</span> <span class='ocrx_word' id='word_1_66' title='bbox 833 554 911 591; x_wconf 82' lang='lat' dir='ltr'>tibi</span> <span class='ocrx_word' id='word_1_67' title='bbox 944 554 1142 591; x_wconf 83' lang='lat' dir='ltr'>videlicet</span> <span class='ocrx_word' id='word_1_68' title='bbox 1178 555 1393 604; x_wconf 77' lang='lat' dir='ltr'>imposuit,</span> <span class='ocrx_word' id='word_1_69' title='bbox 1430 555 1545 603; x_wconf 91' lang='lat' dir='ltr'>quod</span> <span class='ocrx_word' id='word_1_70' title='bbox 1580 554 1715 592; x_wconf 83' lang='lat' dir='ltr'>altera</span> <span class='ocrx_word' id='word_1_71' title='bbox 1750 560 1815 593; x_wconf 81' lang='lat' dir='ltr'>est</span> 
     </span>
     <span class='ocr_line' id='line_1_9' title="bbox 188 606 1814 657; baseline 0.003 -15"><span class='ocrx_word' id='word_1_72' title='bbox 188 620 227 649; x_wconf 85' lang='lat'>55</span> <span class='ocrx_word' id='word_1_73' title='bbox 248 606 371 655; x_wconf 84' lang='grc' dir='ltr'>ταύτῃ</span> <span class='ocrx_word' id='word_1_74' title='bbox 404 606 615 656; x_wconf 84' lang='grc' dir='ltr'>ὁμώνϋμος</span> <span class='ocrx_word' id='word_1_75' title='bbox 646 607 685 645; x_wconf 84' lang='grc' dir='ltr'>ἐν</span> <span class='ocrx_word' id='word_1_76' title='bbox 714 612 764 657; x_wconf 84' lang='grc' dir='ltr'>τῇ</span> <span class='ocrx_word' id='word_1_77' title='bbox 797 607 963 657; x_wconf 84' lang='grc' dir='ltr'>Θρακΐᾳ.</span> <span class='ocrx_word' id='word_1_78' title='bbox 1015 608 1065 645; x_wconf 91' lang='lat' dir='ltr'>In</span> <span class='ocrx_word' id='word_1_79' title='bbox 1097 608 1240 645; x_wconf 91' lang='lat' dir='ltr'>libello</span> <span class='ocrx_word' id='word_1_80' title='bbox 1270 608 1480 646; x_wconf 83' lang='lat' dir='ltr'>Ciceronis</span> <span class='ocrx_word' id='word_1_81' title='bbox 1508 609 1559 646; x_wconf 92' lang='lat' dir='ltr'>de</span> <span class='ocrx_word' id='word_1_82' title='bbox 1587 610 1814 647; x_wconf 72' lang='lat' dir='ltr'>Senectute</span> 
     </span>
     <span class='ocr_line' id='line_1_10' title="bbox 247 660 1814 713; baseline 0.002 -15"><span class='ocrx_word' id='word_1_83' title='bbox 247 660 510 711; x_wconf 87' lang='lat' dir='ltr'>adscriptum</span> <span class='ocrx_word' id='word_1_84' title='bbox 547 676 572 699; x_wconf 90' lang='lat' dir='ltr'>a</span> <span class='ocrx_word' id='word_1_85' title='bbox 607 666 649 700; x_wconf 89' lang='lat' dir='ltr'>te</span> <span class='ocrx_word' id='word_1_86' title='bbox 690 664 852 708; x_wconf 86' lang='lat' dir='ltr'>notaui,</span> <span class='ocrx_word' id='word_1_87' title='bbox 888 662 1079 712; x_wconf 80' lang='lat' dir='ltr'>Capuam</span> <span class='ocrx_word' id='word_1_88' title='bbox 1114 676 1204 701; x_wconf 90' lang='lat' dir='ltr'>esse</span> <span class='ocrx_word' id='word_1_89' title='bbox 1241 663 1387 700; x_wconf 84' lang='lat' dir='ltr'>vrbem</span> <span class='ocrx_word' id='word_1_90' title='bbox 1424 665 1466 700; x_wconf 94' lang='lat' dir='ltr'>in</span> <span class='ocrx_word' id='word_1_91' title='bbox 1501 664 1668 713; x_wconf 81' lang='lat' dir='ltr'>Apulia,</span> <span class='ocrx_word' id='word_1_92' title='bbox 1705 677 1814 713; x_wconf 90' lang='lat' dir='ltr'>quae</span> 
     </span>
     <span class='ocr_line' id='line_1_11' title="bbox 249 716 1812 767; baseline 0.003 -15"><span class='ocrx_word' id='word_1_93' title='bbox 249 719 393 753; x_wconf 86' lang='lat' dir='ltr'>tamen</span> <span class='ocrx_word' id='word_1_94' title='bbox 411 720 542 766; x_wconf 86' lang='lat' dir='ltr'>caput</span> <span class='ocrx_word' id='word_1_95' title='bbox 563 722 628 754; x_wconf 86' lang='lat' dir='ltr'>cst</span> <span class='ocrx_word' id='word_1_96' title='bbox 649 716 917 767; x_wconf 78' lang='lat' dir='ltr'>Campaniae,</span> <span class='ocrx_word' id='word_1_97' title='bbox 935 722 979 755; x_wconf 85' lang='lat' dir='ltr'>et</span> <span class='ocrx_word' id='word_1_98' title='bbox 1000 718 1099 754; x_wconf 89' lang='lat' dir='ltr'>olim</span> <span class='ocrx_word' id='word_1_99' title='bbox 1124 722 1292 767; x_wconf 89' lang='lat' dir='ltr'>praeter</span> <span class='ocrx_word' id='word_1_100' title='bbox 1316 718 1496 756; x_wconf 89' lang='lat' dir='ltr'>Romam</span> <span class='ocrx_word' id='word_1_101' title='bbox 1522 718 1673 756; x_wconf 89' lang='lat' dir='ltr'>Italiae</span> <span class='ocrx_word' id='word_1_102' title='bbox 1696 719 1812 756; x_wconf 90' lang='lat' dir='ltr'>nobi-</span> 
     </span>
     <span class='ocr_line' id='line_1_12' title="bbox 248 770 1811 822; baseline 0.003 -16"><span class='ocrx_word' id='word_1_103' title='bbox 248 770 418 808; x_wconf 85' lang='lat' dir='ltr'>lissima.</span> <span class='ocrx_word' id='word_1_104' title='bbox 471 771 557 808; x_wconf 88' lang='lat' dir='ltr'>Nec</span> <span class='ocrx_word' id='word_1_105' title='bbox 579 776 643 809; x_wconf 89' lang='lat' dir='ltr'>est</span> <span class='ocrx_word' id='word_1_106' title='bbox 665 772 857 809; x_wconf 83' lang='lat' dir='ltr'>absimile</span> <span class='ocrx_word' id='word_1_107' title='bbox 880 772 976 809; x_wconf 81' lang='lat' dir='ltr'>huic</span> <span class='ocrx_word' id='word_1_108' title='bbox 1006 773 1201 817; x_wconf 87' lang='lat' dir='ltr'>incuriae,</span> <span class='ocrx_word' id='word_1_109' title='bbox 1224 773 1339 822; x_wconf 89' lang='lat' dir='ltr'>quod</span> <span class='ocrx_word' id='word_1_110' title='bbox 1361 775 1402 810; x_wconf 91' lang='lat' dir='ltr'>in</span> <span class='ocrx_word' id='word_1_111' title='bbox 1423 772 1709 818; x_wconf 85' lang='lat' dir='ltr'>Ciceroniano,</span> <span class='ocrx_word' id='word_1_112' title='bbox 1734 787 1811 819; x_wconf 91' lang='lat' dir='ltr'>me,</span> 
     </span>
     <span class='ocr_line' id='line_1_13' title="bbox 247 825 1813 874; baseline 0.003 -12"><span class='ocrx_word' id='word_1_113' title='bbox 247 837 373 874; x_wconf 91' lang='lat' dir='ltr'>quem</span> <span class='ocrx_word' id='word_1_114' title='bbox 406 825 720 864; x_wconf 85' lang='lat' dir='ltr'>Cordubensem</span> <span class='ocrx_word' id='word_1_115' title='bbox 751 841 839 864; x_wconf 78' lang='lat' dir='ltr'>esse</span> <span class='ocrx_word' id='word_1_116' title='bbox 874 827 1048 871; x_wconf 76' lang='lat' dir='ltr'>sciebas,</span> <span class='ocrx_word' id='word_1_117' title='bbox 1086 827 1302 865; x_wconf 87' lang='lat' dir='ltr'>Lusitanis</span> <span class='ocrx_word' id='word_1_118' title='bbox 1336 829 1650 873; x_wconf 77' lang='lat' dir='ltr'>annumerasti3</span> <span class='ocrx_word' id='word_1_119' title='bbox 1688 833 1737 866; x_wconf 79' lang='lat' dir='ltr'>vt</span> <span class='ocrx_word' id='word_1_120' title='bbox 1771 833 1813 866; x_wconf 87' lang='lat' dir='ltr'>te</span> 
     </span>
     <span class='ocr_line' id='line_1_14' title="bbox 185 879 1813 932; baseline 0.003 -17"><span class='ocrx_word' id='word_1_121' title='bbox 185 887 227 914; x_wconf 82' lang='lat'>60</span> <span class='ocrx_word' id='word_1_122' title='bbox 247 879 449 917; x_wconf 87' lang='lat' dir='ltr'>admonui</span> <span class='ocrx_word' id='word_1_123' title='bbox 472 881 511 918; x_wconf 92' lang='lat' dir='ltr'>in</span> <span class='ocrx_word' id='word_1_124' title='bbox 532 894 593 926; x_wconf 84' lang='lat' dir='ltr'>eo,</span> <span class='ocrx_word' id='word_1_125' title='bbox 617 894 743 930; x_wconf 90' lang='lat' dir='ltr'>quem</span> <span class='ocrx_word' id='word_1_126' title='bbox 766 895 893 931; x_wconf 87' lang='lat' dir='ltr'>supra</span> <span class='ocrx_word' id='word_1_127' title='bbox 916 882 1016 927; x_wconf 89' lang='lat' dir='ltr'>dixi,</span> <span class='ocrx_word' id='word_1_128' title='bbox 1044 882 1198 919; x_wconf 87' lang='lat' dir='ltr'>libello.</span> <span class='ocrx_word' id='word_1_129' title='bbox 1252 882 1309 919; x_wconf 91' lang='lat' dir='ltr'>Ac</span> <span class='ocrx_word' id='word_1_130' title='bbox 1335 882 1386 920; x_wconf 89' lang='lat' dir='ltr'>de</span> <span class='ocrx_word' id='word_1_131' title='bbox 1413 882 1476 919; x_wconf 87' lang='lat' dir='ltr'>his</span> <span class='ocrx_word' id='word_1_132' title='bbox 1497 883 1681 931; x_wconf 85' lang='lat' dir='ltr'>quidem,</span> <span class='ocrx_word' id='word_1_133' title='bbox 1704 896 1813 932; x_wconf 89' lang='lat' dir='ltr'>quae</span> 
     </span>
     <span class='ocr_line' id='line_1_15' title="bbox 246 934 1811 983; baseline 0.003 -12"><span class='ocrx_word' id='word_1_134' title='bbox 246 938 339 971; x_wconf 91' lang='lat' dir='ltr'>tum</span> <span class='ocrx_word' id='word_1_135' title='bbox 363 934 575 973; x_wconf 87' lang='lat' dir='ltr'>leuissima</span> <span class='ocrx_word' id='word_1_136' title='bbox 596 941 709 981; x_wconf 82' lang='lat' dir='ltr'>sunt,</span> <span class='ocrx_word' id='word_1_137' title='bbox 732 940 824 974; x_wconf 87' lang='lat' dir='ltr'>tum</span> <span class='ocrx_word' id='word_1_138' title='bbox 848 936 938 981; x_wconf 82' lang='lat' dir='ltr'>tibi,</span> <span class='ocrx_word' id='word_1_139' title='bbox 961 936 1177 974; x_wconf 83' lang='lat' dir='ltr'>duntaxat</span> <span class='ocrx_word' id='word_1_140' title='bbox 1200 949 1284 974; x_wconf 92' lang='lat' dir='ltr'>non</span> <span class='ocrx_word' id='word_1_141' title='bbox 1309 937 1573 983; x_wconf 80' lang='lat' dir='ltr'>dormitanti,</span> <span class='ocrx_word' id='word_1_142' title='bbox 1597 937 1811 983; x_wconf 80' lang='lat' dir='ltr'>facillima,</span> 
     </span>
     <span class='ocr_line' id='line_1_16' title="bbox 246 989 1813 1041; baseline 0.003 -16"><span class='ocrx_word' id='word_1_143' title='bbox 246 989 318 1026; x_wconf 85' lang='lat' dir='ltr'>sed</span> <span class='ocrx_word' id='word_1_144' title='bbox 332 989 566 1028; x_wconf 82' lang='lat' dir='ltr'>indicantia</span> <span class='ocrx_word' id='word_1_145' title='bbox 580 1003 778 1039; x_wconf 85' lang='lat' dir='ltr'>magnam</span> <span class='ocrx_word' id='word_1_146' title='bbox 796 991 1108 1040; x_wconf 78' lang='lat' dir='ltr'>negligentiam,</span> <span class='ocrx_word' id='word_1_147' title='bbox 1126 996 1166 1029; x_wconf 94' lang='lat' dir='ltr'>te</span> <span class='ocrx_word' id='word_1_148' title='bbox 1183 993 1408 1036; x_wconf 83' lang='lat' dir='ltr'>amicitiae,</span> <span class='ocrx_word' id='word_1_149' title='bbox 1424 996 1471 1029; x_wconf 82' lang='lat' dir='ltr'>vt</span> <span class='ocrx_word' id='word_1_150' title='bbox 1489 992 1589 1036; x_wconf 84' lang='lat' dir='ltr'>dixi,</span> <span class='ocrx_word' id='word_1_151' title='bbox 1605 993 1813 1041; x_wconf 81' lang='lat' dir='ltr'>officiique</span> 
     </span>
     <span class='ocr_line' id='line_1_17' title="bbox 244 1044 1811 1096; baseline 0.003 -16"><span class='ocrx_word' id='word_1_152' title='bbox 244 1045 382 1092; x_wconf 86' lang='lat' dir='ltr'>gratia</span> <span class='ocrx_word' id='word_1_153' title='bbox 399 1044 716 1083; x_wconf 91' lang='lat' dir='ltr'>admonendum</span> <span class='ocrx_word' id='word_1_154' title='bbox 739 1047 889 1095; x_wconf 88' lang='lat' dir='ltr'>putaui</span> <span class='ocrx_word' id='word_1_155' title='bbox 907 1060 913 1083; x_wconf 73' lang='grc' dir='ltr'><em>ι</em></span> <span class='ocrx_word' id='word_1_156' title='bbox 947 1045 1194 1084; x_wconf 88' lang='lat' dir='ltr'>admonitus</span> <span class='ocrx_word' id='word_1_157' title='bbox 1215 1047 1302 1096; x_wconf 88' lang='lat' dir='ltr'>ipse</span> <span class='ocrx_word' id='word_1_158' title='bbox 1320 1047 1434 1084; x_wconf 90' lang='lat' dir='ltr'>dicto</span> <span class='ocrx_word' id='word_1_159' title='bbox 1453 1046 1585 1091; x_wconf 88' lang='lat' dir='ltr'>Pauli,</span> <span class='ocrx_word' id='word_1_160' title='bbox 1603 1046 1811 1084; x_wconf 88' lang='lat' dir='ltr'>‘locorum</span> 
     </span>
     <span class='ocr_line' id='line_1_18' title="bbox 245 1099 1811 1150; baseline 0.002 -15"><span class='ocrx_word' id='word_1_161' title='bbox 245 1099 410 1136; x_wconf 86' lang='lat' dir='ltr'>ratione</span> <span class='ocrx_word' id='word_1_162' title='bbox 431 1112 515 1137; x_wconf 91' lang='lat' dir='ltr'>non</span> <span class='ocrx_word' id='word_1_163' title='bbox 537 1100 833 1138; x_wconf 86' lang='lat' dir='ltr'>animaduersa</span> <span class='ocrx_word' id='word_1_164' title='bbox 851 1101 871 1146; x_wconf 88' lang='lat'>’,</span> <span class='ocrx_word' id='word_1_165' title='bbox 894 1113 1044 1150; x_wconf 87' lang='lat' dir='ltr'>parum</span> <span class='ocrx_word' id='word_1_166' title='bbox 1067 1114 1092 1138; x_wconf 86' lang='lat' dir='ltr'>a</span> <span class='ocrx_word' id='word_1_167' title='bbox 1113 1100 1367 1150; x_wconf 89' lang='lat' dir='ltr'>quibusdam</span> <span class='ocrx_word' id='word_1_168' title='bbox 1390 1101 1620 1138; x_wconf 88' lang='lat' dir='ltr'>intellecto.</span> <span class='ocrx_word' id='word_1_169' title='bbox 1673 1101 1811 1139; x_wconf 88' lang='lat' dir='ltr'>Tuum</span> 
     </span>
     <span class='ocr_line' id='line_1_19' title="bbox 183 1153 1811 1205; baseline 0.002 -16"><span class='ocrx_word' id='word_1_170' title='bbox 183 1159 224 1196; x_wconf 77' lang='grc'>65</span> <span class='ocrx_word' id='word_1_171' title='bbox 244 1153 324 1190; x_wconf 88' lang='lat' dir='ltr'>erit</span> <span class='ocrx_word' id='word_1_172' title='bbox 346 1155 489 1191; x_wconf 91' lang='lat' dir='ltr'>omnia</span> <span class='ocrx_word' id='word_1_173' title='bbox 511 1155 552 1191; x_wconf 92' lang='lat' dir='ltr'>in</span> <span class='ocrx_word' id='word_1_174' title='bbox 575 1155 731 1192; x_wconf 89' lang='lat' dir='ltr'>bonam</span> <span class='ocrx_word' id='word_1_175' title='bbox 754 1160 918 1204; x_wconf 90' lang='lat' dir='ltr'>partem</span> <span class='ocrx_word' id='word_1_176' title='bbox 944 1156 1144 1205; x_wconf 84' lang='lat' dir='ltr'>accipere.</span> <span class='ocrx_word' id='word_1_177' title='bbox 1197 1155 1319 1201; x_wconf 85' lang='lat' dir='ltr'>Quod</span> <span class='ocrx_word' id='word_1_178' title='bbox 1340 1157 1372 1193; x_wconf 92' lang='lat' dir='ltr'>si</span> <span class='ocrx_word' id='word_1_179' title='bbox 1394 1169 1419 1193; x_wconf 91' lang='lat' dir='ltr'>a</span> <span class='ocrx_word' id='word_1_180' title='bbox 1441 1160 1483 1193; x_wconf 88' lang='lat' dir='ltr'>te</span> <span class='ocrx_word' id='word_1_181' title='bbox 1506 1168 1624 1193; x_wconf 82' lang='lat' dir='ltr'>secus</span> <span class='ocrx_word' id='word_1_182' title='bbox 1649 1156 1811 1194; x_wconf 88' lang='lat' dir='ltr'>factum</span> 
     </span>
     <span class='ocr_line' id='line_1_20' title="bbox 246 1207 1612 1260; baseline 0.002 -16"><span class='ocrx_word' id='word_1_183' title='bbox 246 1207 506 1254; x_wconf 82' lang='lat' dir='ltr'>intellexero,</span> <span class='ocrx_word' id='word_1_184' title='bbox 530 1221 614 1247; x_wconf 90' lang='lat' dir='ltr'>non</span> <span class='ocrx_word' id='word_1_185' title='bbox 636 1209 818 1259; x_wconf 89' lang='lat' dir='ltr'>amplius</span> <span class='ocrx_word' id='word_1_186' title='bbox 840 1210 917 1247; x_wconf 90' lang='lat' dir='ltr'>tibi</span> <span class='ocrx_word' id='word_1_187' title='bbox 939 1210 1083 1248; x_wconf 87' lang='lat' dir='ltr'>officiis</span> <span class='ocrx_word' id='word_1_188' title='bbox 1105 1211 1282 1260; x_wconf 86' lang='lat' dir='ltr'>ingratis</span> <span class='ocrx_word' id='word_1_189' title='bbox 1303 1223 1374 1248; x_wconf 91' lang='lat' dir='ltr'>ero</span> <span class='ocrx_word' id='word_1_190' title='bbox 1396 1210 1612 1248; x_wconf 73' lang='lat' dir='ltr'>molestus</span> 
     </span>
     <span class='ocr_line' id='line_1_21' title="bbox 300 1262 1811 1315; baseline 0.003 -16"><span class='ocrx_word' id='word_1_191' title='bbox 300 1262 362 1300; x_wconf 89' lang='lat' dir='ltr'>De</span> <span class='ocrx_word' id='word_1_192' title='bbox 392 1262 591 1301; x_wconf 82' lang='lat' dir='ltr'>Stunicae</span> <span class='ocrx_word' id='word_1_193' title='bbox 622 1266 664 1301; x_wconf 88' lang='lat' dir='ltr'>in</span> <span class='ocrx_word' id='word_1_194' title='bbox 694 1264 881 1302; x_wconf 89' lang='lat' dir='ltr'>Fabrum</span> <span class='ocrx_word' id='word_1_195' title='bbox 909 1264 1115 1314; x_wconf 82' lang='lat' dir='ltr'>Apologia</span> <span class='ocrx_word' id='word_1_196' title='bbox 1145 1265 1330 1303; x_wconf 88' lang='lat' dir='ltr'>indicare</span> <span class='ocrx_word' id='word_1_197' title='bbox 1359 1265 1464 1302; x_wconf 88' lang='lat' dir='ltr'>nihil</span> <span class='ocrx_word' id='word_1_198' title='bbox 1494 1278 1679 1315; x_wconf 87' lang='lat' dir='ltr'>possum.</span> <span class='ocrx_word' id='word_1_199' title='bbox 1731 1266 1811 1303; x_wconf 70' lang='lat' dir='ltr'>Sed</span> 
     </span>
     <span class='ocr_line' id='line_1_22' title="bbox 244 1319 1810 1370; baseline 0.003 -17"><span class='ocrx_word' id='word_1_200' title='bbox 244 1329 319 1354; x_wconf 88' lang='lat' dir='ltr'>nec</span> <span class='ocrx_word' id='word_1_201' title='bbox 341 1319 569 1367; x_wconf 88' lang='lat' dir='ltr'>quicquam</span> <span class='ocrx_word' id='word_1_202' title='bbox 592 1319 678 1357; x_wconf 90' lang='lat' dir='ltr'>tale</span> <span class='ocrx_word' id='word_1_203' title='bbox 699 1320 905 1369; x_wconf 87' lang='lat' dir='ltr'>scriptum</span> <span class='ocrx_word' id='word_1_204' title='bbox 928 1319 982 1356; x_wconf 87' lang='lat' dir='ltr'>ab</span> <span class='ocrx_word' id='word_1_205' title='bbox 1004 1332 1054 1357; x_wconf 90' lang='lat' dir='ltr'>eo</span> <span class='ocrx_word' id='word_1_206' title='bbox 1075 1324 1193 1369; x_wconf 89' lang='lat' dir='ltr'>puto,</span> <span class='ocrx_word' id='word_1_207' title='bbox 1217 1321 1283 1357; x_wconf 92' lang='lat' dir='ltr'>cui</span> <span class='ocrx_word' id='word_1_208' title='bbox 1305 1320 1419 1370; x_wconf 86' lang='lat' dir='ltr'>quod</span> <span class='ocrx_word' id='word_1_209' title='bbox 1445 1320 1639 1369; x_wconf 83' lang='lat' dir='ltr'>equidem</span> <span class='ocrx_word' id='word_1_210' title='bbox 1667 1321 1810 1366; x_wconf 88' lang='lat' dir='ltr'>sciam,</span> 
     </span>
     <span class='ocr_line' id='line_1_23' title="bbox 243 1371 1808 1424; baseline 0.003 -16"><span class='ocrx_word' id='word_1_211' title='bbox 243 1371 346 1409; x_wconf 89' lang='lat' dir='ltr'>nihil</span> <span class='ocrx_word' id='word_1_212' title='bbox 370 1374 427 1409; x_wconf 93' lang='lat' dir='ltr'>rei</span> <span class='ocrx_word' id='word_1_213' title='bbox 455 1378 547 1411; x_wconf 89' lang='lat' dir='ltr'>erat</span> <span class='ocrx_word' id='word_1_214' title='bbox 569 1387 664 1411; x_wconf 90' lang='lat' dir='ltr'>cum</span> <span class='ocrx_word' id='word_1_215' title='bbox 687 1374 837 1412; x_wconf 88' lang='lat' dir='ltr'>Fabro.</span> <span class='ocrx_word' id='word_1_216' title='bbox 890 1373 1012 1420; x_wconf 86' lang='lat' dir='ltr'>Quod</span> <span class='ocrx_word' id='word_1_217' title='bbox 1035 1376 1219 1424; x_wconf 77' lang='lat' dir='ltr'>pertinet</span> <span class='ocrx_word' id='word_1_218' title='bbox 1246 1375 1301 1412; x_wconf 90' lang='lat' dir='ltr'>ad</span> <span class='ocrx_word' id='word_1_219' title='bbox 1330 1375 1484 1412; x_wconf 90' lang='lat' dir='ltr'>librum</span> <span class='ocrx_word' id='word_1_220' title='bbox 1514 1374 1779 1424; x_wconf 88' lang='lat' dir='ltr'>pontificium</span> <span class='ocrx_word' id='word_1_221' title='bbox 1802 1390 1808 1421; x_wconf 91' lang='grc'>;</span> 
     </span>
     <span class='ocr_line' id='line_1_24' title="bbox 182 1425 1809 1478; baseline 0.002 -16"><span class='ocrx_word' id='word_1_222' title='bbox 182 1439 224 1469; x_wconf 94' lang='lat'>70</span> <span class='ocrx_word' id='word_1_223' title='bbox 243 1425 425 1464; x_wconf 89' lang='lat' dir='ltr'>Graecos</span> <span class='ocrx_word' id='word_1_224' title='bbox 464 1428 626 1466; x_wconf 89' lang='lat' dir='ltr'>codices</span> <span class='ocrx_word' id='word_1_225' title='bbox 666 1428 778 1466; x_wconf 91' lang='lat' dir='ltr'>Noui</span> <span class='ocrx_word' id='word_1_226' title='bbox 818 1429 1097 1475; x_wconf 89' lang='lat' dir='ltr'>Testamenti,</span> <span class='ocrx_word' id='word_1_227' title='bbox 1137 1429 1394 1467; x_wconf 89' lang='lat' dir='ltr'>Graecorum</span> <span class='ocrx_word' id='word_1_228' title='bbox 1434 1429 1702 1478; x_wconf 87' lang='lat' dir='ltr'>quorundam</span> <span class='ocrx_word' id='word_1_229' title='bbox 1743 1429 1809 1467; x_wconf 85' lang='lat' dir='ltr'>vel</span> 
     </span>
     <span class='ocr_line' id='line_1_25' title="bbox 244 1481 1810 1534; baseline 0.003 -17"><span class='ocrx_word' id='word_1_230' title='bbox 244 1481 409 1519; x_wconf 89' lang='lat' dir='ltr'>malitia</span> <span class='ocrx_word' id='word_1_231' title='bbox 430 1482 497 1519; x_wconf 75' lang='lat' dir='ltr'>vel</span> <span class='ocrx_word' id='word_1_232' title='bbox 520 1483 695 1521; x_wconf 87' lang='lat' dir='ltr'>leuitate</span> <span class='ocrx_word' id='word_1_233' title='bbox 717 1483 844 1521; x_wconf 81' lang='lat' dir='ltr'>fuisse</span> <span class='ocrx_word' id='word_1_234' title='bbox 867 1483 1137 1534; x_wconf 85' lang='lat' dir='ltr'>deprauatos‚</span> <span class='ocrx_word' id='word_1_235' title='bbox 1160 1484 1201 1521; x_wconf 92' lang='lat' dir='ltr'>id</span> <span class='ocrx_word' id='word_1_236' title='bbox 1224 1485 1374 1534; x_wconf 89' lang='lat' dir='ltr'>ipsum,</span> <span class='ocrx_word' id='word_1_237' title='bbox 1393 1484 1507 1533; x_wconf 92' lang='lat' dir='ltr'>quod</span> <span class='ocrx_word' id='word_1_238' title='bbox 1529 1484 1688 1527; x_wconf 88' lang='lat' dir='ltr'>scribis,</span> <span class='ocrx_word' id='word_1_239' title='bbox 1708 1484 1810 1521; x_wconf 90' lang='lat' dir='ltr'>fides</span> 
     </span>
     <span class='ocr_line' id='line_1_26' title="bbox 242 1536 1808 1587; baseline 0.003 -15"><span class='ocrx_word' id='word_1_240' title='bbox 242 1548 332 1572; x_wconf 88' lang='lat' dir='ltr'>esse</span> <span class='ocrx_word' id='word_1_241' title='bbox 353 1536 481 1574; x_wconf 91' lang='lat' dir='ltr'>debet</span> <span class='ocrx_word' id='word_1_242' title='bbox 509 1537 766 1584; x_wconf 85' lang='lat' dir='ltr'>indubitata,</span> <span class='ocrx_word' id='word_1_243' title='bbox 793 1538 908 1587; x_wconf 88' lang='lat' dir='ltr'>quod</span> <span class='ocrx_word' id='word_1_244' title='bbox 938 1540 981 1576; x_wconf 86' lang='lat' dir='ltr'>in</span> <span class='ocrx_word' id='word_1_245' title='bbox 1008 1538 1265 1576; x_wconf 90' lang='lat' dir='ltr'>Graecorum</span> <span class='ocrx_word' id='word_1_246' title='bbox 1294 1539 1348 1576; x_wconf 89' lang='lat' dir='ltr'>ad</span> <span class='ocrx_word' id='word_1_247' title='bbox 1376 1540 1605 1576; x_wconf 88' lang='lat' dir='ltr'>sanitatem</span> <span class='ocrx_word' id='word_1_248' title='bbox 1633 1539 1808 1576; x_wconf 89' lang='lat' dir='ltr'>redeun-</span> 
     </span>
     <span class='ocr_line' id='line_1_27' title="bbox 243 1591 1810 1631; baseline 0.003 -4"><span class='ocrx_word' id='word_1_249' title='bbox 243 1591 351 1627; x_wconf 88' lang='lat' dir='ltr'>tium</span> <span class='ocrx_word' id='word_1_250' title='bbox 374 1591 540 1629; x_wconf 87' lang='lat' dir='ltr'>foedere</span> <span class='ocrx_word' id='word_1_251' title='bbox 562 1593 668 1630; x_wconf 91' lang='lat' dir='ltr'>inito</span> <span class='ocrx_word' id='word_1_252' title='bbox 689 1606 784 1630; x_wconf 89' lang='lat' dir='ltr'>cum</span> <span class='ocrx_word' id='word_1_253' title='bbox 808 1593 996 1631; x_wconf 85' lang='lat' dir='ltr'>Ecclesia</span> <span class='ocrx_word' id='word_1_254' title='bbox 1019 1593 1215 1631; x_wconf 89' lang='lat' dir='ltr'>Romana</span> <span class='ocrx_word' id='word_1_255' title='bbox 1240 1598 1416 1631; x_wconf 88' lang='lat' dir='ltr'>cautum</span> <span class='ocrx_word' id='word_1_256' title='bbox 1441 1593 1569 1631; x_wconf 87' lang='lat' dir='ltr'>fuerit</span> <span class='ocrx_word' id='word_1_257' title='bbox 1592 1598 1639 1630; x_wconf 79' lang='lat' dir='ltr'>vt</span> <span class='ocrx_word' id='word_1_258' title='bbox 1661 1593 1810 1631; x_wconf 90' lang='lat' dir='ltr'>Graeci</span> 
     </span>
     <span class='ocr_line' id='line_1_28' title="bbox 242 1645 1810 1697; baseline 0.002 -15"><span class='ocrx_word' id='word_1_259' title='bbox 242 1645 405 1683; x_wconf 89' lang='lat' dir='ltr'>codices</span> <span class='ocrx_word' id='word_1_260' title='bbox 440 1647 495 1683; x_wconf 89' lang='lat' dir='ltr'>ad</span> <span class='ocrx_word' id='word_1_261' title='bbox 532 1646 771 1685; x_wconf 85' lang='lat' dir='ltr'>Romanam</span> <span class='ocrx_word' id='word_1_262' title='bbox 808 1648 1034 1686; x_wconf 86' lang='lat' dir='ltr'>lectionem</span> <span class='ocrx_word' id='word_1_263' title='bbox 1066 1648 1419 1686; x_wconf 87' lang='lat' dir='ltr'>emendarentur:</span> <span class='ocrx_word' id='word_1_264' title='bbox 1460 1661 1560 1686; x_wconf 90' lang='lat' dir='ltr'>nam</span> <span class='ocrx_word' id='word_1_265' title='bbox 1594 1648 1810 1697; x_wconf 91' lang='lat' dir='ltr'>quomodo</span> 
     </span>
     <span class='ocr_line' id='line_1_29' title="bbox 182 1701 1808 1753; baseline 0.002 -17"><span class='ocrx_word' id='word_1_266' title='bbox 182 1712 222 1743; x_wconf 83' lang='lat'>75</span> <span class='ocrx_word' id='word_1_267' title='bbox 242 1704 443 1750; x_wconf 88' lang='lat' dir='ltr'>poterant</span> <span class='ocrx_word' id='word_1_268' title='bbox 463 1701 617 1739; x_wconf 89' lang='lat' dir='ltr'>clarius</span> <span class='ocrx_word' id='word_1_269' title='bbox 634 1704 804 1752; x_wconf 80' lang='lat' dir='ltr'>Vtrique</span> <span class='ocrx_word' id='word_1_270' title='bbox 825 1704 1069 1748; x_wconf 82' lang='lat' dir='ltr'>contestari,</span> <span class='ocrx_word' id='word_1_271' title='bbox 1087 1703 1346 1753; x_wconf 84' lang='lat' dir='ltr'>exemplaria</span> <span class='ocrx_word' id='word_1_272' title='bbox 1368 1703 1564 1741; x_wconf 88' lang='lat' dir='ltr'>Romana</span> <span class='ocrx_word' id='word_1_273' title='bbox 1585 1703 1808 1740; x_wconf 88' lang='lat' dir='ltr'>lectionem</span> 
     </span>
     <span class='ocr_line' id='line_1_30' title="bbox 242 1757 1809 1807; baseline 0.003 -16"><span class='ocrx_word' id='word_1_274' title='bbox 242 1767 387 1792; x_wconf 86' lang='lat' dir='ltr'>veram</span> <span class='ocrx_word' id='word_1_275' title='bbox 407 1760 451 1793; x_wconf 85' lang='lat' dir='ltr'>et</span> <span class='ocrx_word' id='word_1_276' title='bbox 471 1769 716 1805; x_wconf 85' lang='lat' dir='ltr'>germanam</span> <span class='ocrx_word' id='word_1_277' title='bbox 738 1758 932 1804; x_wconf 86' lang='lat' dir='ltr'>retinere,</span> <span class='ocrx_word' id='word_1_278' title='bbox 950 1757 1207 1795; x_wconf 89' lang='lat' dir='ltr'>Graecorum</span> <span class='ocrx_word' id='word_1_279' title='bbox 1228 1771 1317 1795; x_wconf 89' lang='lat' dir='ltr'>esse</span> <span class='ocrx_word' id='word_1_280' title='bbox 1334 1759 1512 1796; x_wconf 79' lang='lat' dir='ltr'>vitiata?</span> <span class='ocrx_word' id='word_1_281' title='bbox 1561 1757 1671 1795; x_wconf 91' lang='lat' dir='ltr'>Nam</span> <span class='ocrx_word' id='word_1_282' title='bbox 1694 1758 1809 1807; x_wconf 90' lang='lat' dir='ltr'>quod</span> 
     </span>
     <span class='ocr_line' id='line_1_31' title="bbox 242 1809 1807 1862; baseline 0.003 -16"><span class='ocrx_word' id='word_1_283' title='bbox 242 1810 315 1855; x_wconf 89' lang='lat' dir='ltr'>ais,</span> <span class='ocrx_word' id='word_1_284' title='bbox 356 1809 561 1848; x_wconf 86' lang='lat' dir='ltr'>Graecam</span> <span class='ocrx_word' id='word_1_285' title='bbox 604 1811 828 1849; x_wconf 90' lang='lat' dir='ltr'>lectionem</span> <span class='ocrx_word' id='word_1_286' title='bbox 870 1825 891 1850; x_wconf 92' lang='lat' dir='ltr'>e</span> <span class='ocrx_word' id='word_1_287' title='bbox 931 1812 1101 1850; x_wconf 87' lang='lat' dir='ltr'>Graecis</span> <span class='ocrx_word' id='word_1_288' title='bbox 1141 1813 1393 1850; x_wconf 85' lang='lat' dir='ltr'>authoribus</span> <span class='ocrx_word' id='word_1_289' title='bbox 1434 1825 1523 1850; x_wconf 87' lang='lat' dir='ltr'>esse</span> <span class='ocrx_word' id='word_1_290' title='bbox 1565 1813 1807 1862; x_wconf 87' lang='lat' dir='ltr'>petendam,</span> 
     </span>
     <span class='ocr_line' id='line_1_32' title="bbox 242 1864 1808 1915; baseline 0.002 -14"><span class='ocrx_word' id='word_1_291' title='bbox 242 1864 400 1902; x_wconf 88' lang='lat' dir='ltr'>diceres</span> <span class='ocrx_word' id='word_1_292' title='bbox 428 1865 602 1915; x_wconf 77' lang='lat' dir='ltr'>aliquid,</span> <span class='ocrx_word' id='word_1_293' title='bbox 625 1867 658 1904; x_wconf 89' lang='lat' dir='ltr'>si</span> <span class='ocrx_word' id='word_1_294' title='bbox 683 1868 891 1905; x_wconf 88' lang='lat' dir='ltr'>rationem</span> <span class='ocrx_word' id='word_1_295' title='bbox 919 1866 1069 1905; x_wconf 88' lang='lat' dir='ltr'>Graeci</span> <span class='ocrx_word' id='word_1_296' title='bbox 1097 1868 1300 1905; x_wconf 88' lang='lat' dir='ltr'>sermonis</span> <span class='ocrx_word' id='word_1_297' title='bbox 1328 1868 1558 1905; x_wconf 85' lang='lat' dir='ltr'>affirmares</span> <span class='ocrx_word' id='word_1_298' title='bbox 1586 1880 1610 1904; x_wconf 93' lang='lat' dir='ltr'>a</span> <span class='ocrx_word' id='word_1_299' title='bbox 1638 1866 1808 1904; x_wconf 88' lang='lat' dir='ltr'>Graecis</span> 
     </span>
     <span class='ocr_line' id='line_1_33' title="bbox 241 1920 1806 1972; baseline 0.002 -16"><span class='ocrx_word' id='word_1_300' title='bbox 241 1920 503 1957; x_wconf 89' lang='lat' dir='ltr'>commodius</span> <span class='ocrx_word' id='word_1_301' title='bbox 520 1933 649 1970; x_wconf 90' lang='lat' dir='ltr'>quam</span> <span class='ocrx_word' id='word_1_302' title='bbox 670 1934 695 1959; x_wconf 90' lang='lat' dir='ltr'>a</span> <span class='ocrx_word' id='word_1_303' title='bbox 716 1921 879 1959; x_wconf 87' lang='lat' dir='ltr'>Latinis</span> <span class='ocrx_word' id='word_1_304' title='bbox 895 1922 1109 1972; x_wconf 81' lang='lat' dir='ltr'>explicari.</span> <span class='ocrx_word' id='word_1_305' title='bbox 1150 1922 1209 1959; x_wconf 88' lang='lat' dir='ltr'>At</span> <span class='ocrx_word' id='word_1_306' title='bbox 1225 1922 1353 1959; x_wconf 92' lang='lat' dir='ltr'>libros</span> <span class='ocrx_word' id='word_1_307' title='bbox 1370 1922 1639 1971; x_wconf 70' lang='lat' dir='ltr'>archetypOS,</span> <span class='ocrx_word' id='word_1_308' title='bbox 1657 1922 1806 1959; x_wconf 87' lang='lat' dir='ltr'>funda-</span> 
     </span>
     <span class='ocr_line' id='line_1_34' title="bbox 180 1976 1808 2026; baseline 0.001 -15"><span class='ocrx_word' id='word_1_309' title='bbox 180 1976 222 2006; x_wconf 87' lang='lat'>80</span> <span class='ocrx_word' id='word_1_310' title='bbox 242 1979 387 2012; x_wconf 85' lang='lat' dir='ltr'>menta</span> <span class='ocrx_word' id='word_1_311' title='bbox 417 1980 589 2013; x_wconf 85' lang='lat' dir='ltr'>nostrae</span> <span class='ocrx_word' id='word_1_312' title='bbox 620 1976 831 2026; x_wconf 89' lang='lat' dir='ltr'>religionis</span> <span class='ocrx_word' id='word_1_313' title='bbox 861 1978 1141 2022; x_wconf 77' lang='lat' dir='ltr'>continentes,</span> <span class='ocrx_word' id='word_1_314' title='bbox 1174 1978 1248 2026; x_wconf 87' lang='lat' dir='ltr'>qui</span> <span class='ocrx_word' id='word_1_315' title='bbox 1277 1976 1433 2014; x_wconf 86' lang='lat' dir='ltr'>Graece</span> <span class='ocrx_word' id='word_1_316' title='bbox 1463 1977 1639 2014; x_wconf 83' lang='lat' dir='ltr'>fuerunt</span> <span class='ocrx_word' id='word_1_317' title='bbox 1668 1989 1692 2013; x_wconf 86' lang='lat' dir='ltr'>a</span> <span class='ocrx_word' id='word_1_318' title='bbox 1723 1978 1808 2013; x_wconf 86' lang='lat' dir='ltr'>suis</span> 
     </span>
     <span class='ocr_line' id='line_1_35' title="bbox 240 2029 1805 2081; baseline 0.002 -16"><span class='ocrx_word' id='word_1_319' title='bbox 240 2029 487 2067; x_wconf 84' lang='lat' dir='ltr'>auctoribus</span> <span class='ocrx_word' id='word_1_320' title='bbox 511 2031 669 2080; x_wconf 90' lang='lat' dir='ltr'>scripti,</span> <span class='ocrx_word' id='word_1_321' title='bbox 700 2044 774 2068; x_wconf 90' lang='lat' dir='ltr'>cur</span> <span class='ocrx_word' id='word_1_322' title='bbox 800 2044 884 2069; x_wconf 90' lang='lat' dir='ltr'>non</span> <span class='ocrx_word' id='word_1_323' title='bbox 912 2031 1133 2069; x_wconf 88' lang='lat' dir='ltr'>credamus</span> <span class='ocrx_word' id='word_1_324' title='bbox 1161 2032 1362 2075; x_wconf 87' lang='lat' dir='ltr'>sanctius,</span> <span class='ocrx_word' id='word_1_325' title='bbox 1390 2033 1574 2081; x_wconf 86' lang='lat' dir='ltr'>grauius,</span> <span class='ocrx_word' id='word_1_326' title='bbox 1603 2036 1645 2068; x_wconf 92' lang='lat' dir='ltr'>et</span> <span class='ocrx_word' id='word_1_327' title='bbox 1674 2032 1805 2069; x_wconf 90' lang='lat' dir='ltr'>incor-</span> 
     </span>
     <span class='ocr_line' id='line_1_36' title="bbox 240 2085 1807 2133; baseline 0.002 -13"><span class='ocrx_word' id='word_1_328' title='bbox 240 2085 408 2133; x_wconf 85' lang='lat' dir='ltr'>ruptius</span> <span class='ocrx_word' id='word_1_329' title='bbox 447 2090 688 2123; x_wconf 84' lang='lat' dir='ltr'>asseruatos</span> <span class='ocrx_word' id='word_1_330' title='bbox 723 2098 813 2123; x_wconf 89' lang='lat' dir='ltr'>esse</span> <span class='ocrx_word' id='word_1_331' title='bbox 852 2087 895 2124; x_wconf 94' lang='lat' dir='ltr'>in</span> <span class='ocrx_word' id='word_1_332' title='bbox 930 2087 1092 2124; x_wconf 87' lang='lat' dir='ltr'>scriniis</span> <span class='ocrx_word' id='word_1_333' title='bbox 1127 2099 1175 2123; x_wconf 90' lang='lat' dir='ltr'>ac</span> <span class='ocrx_word' id='word_1_334' title='bbox 1210 2087 1252 2123; x_wconf 93' lang='lat' dir='ltr'>in</span> <span class='ocrx_word' id='word_1_335' title='bbox 1289 2086 1556 2124; x_wconf 87' lang='lat' dir='ltr'>bibliothecis</span> <span class='ocrx_word' id='word_1_336' title='bbox 1595 2085 1807 2123; x_wconf 89' lang='lat' dir='ltr'>Ecclesiae</span> 
     </span>
     <span class='ocr_line' id='line_1_37' title="bbox 241 2137 1807 2190; baseline 0.001 -15"><span class='ocrx_word' id='word_1_337' title='bbox 241 2137 463 2176; x_wconf 87' lang='lat' dir='ltr'>Romanae</span> <span class='ocrx_word' id='word_1_338' title='bbox 494 2142 619 2188; x_wconf 87' lang='lat' dir='ltr'>(quae</span> <span class='ocrx_word' id='word_1_339' title='bbox 649 2146 780 2190; x_wconf 88' lang='lat' dir='ltr'>caput</span> <span class='ocrx_word' id='word_1_340' title='bbox 811 2146 876 2179; x_wconf 88' lang='lat' dir='ltr'>est</span> <span class='ocrx_word' id='word_1_341' title='bbox 905 2140 1257 2186; x_wconf 88' lang='lat' dir='ltr'>Christianorum,</span> <span class='ocrx_word' id='word_1_342' title='bbox 1285 2145 1328 2178; x_wconf 89' lang='lat' dir='ltr'>et</span> <span class='ocrx_word' id='word_1_343' title='bbox 1357 2153 1521 2190; x_wconf 87' lang='lat' dir='ltr'>semper</span> <span class='ocrx_word' id='word_1_344' title='bbox 1549 2140 1631 2178; x_wconf 88' lang='lat' dir='ltr'>fuit</span> <span class='ocrx_word' id='word_1_345' title='bbox 1659 2153 1807 2178; x_wconf 89' lang='lat' dir='ltr'>norma</span> 
     </span>
     <span class='ocr_line' id='line_1_38' title="bbox 239 2191 1806 2245; baseline 0.002 -16"><span class='ocrx_word' id='word_1_346' title='bbox 239 2191 483 2231; x_wconf 87' lang='lat' dir='ltr'>Catholicae</span> <span class='ocrx_word' id='word_1_347' title='bbox 504 2195 692 2244; x_wconf 87' lang='lat' dir='ltr'>pietatis)</span> <span class='ocrx_word' id='word_1_348' title='bbox 710 2208 839 2244; x_wconf 88' lang='lat' dir='ltr'>quam</span> <span class='ocrx_word' id='word_1_349' title='bbox 862 2197 904 2233; x_wconf 92' lang='lat' dir='ltr'>in</span> <span class='ocrx_word' id='word_1_350' title='bbox 926 2195 1114 2241; x_wconf 86' lang='lat' dir='ltr'>Graecia,</span> <span class='ocrx_word' id='word_1_351' title='bbox 1132 2208 1240 2245; x_wconf 90' lang='lat' dir='ltr'>quae</span> <span class='ocrx_word' id='word_1_352' title='bbox 1257 2208 1381 2245; x_wconf 87' lang='lat' dir='ltr'>saepe</span> <span class='ocrx_word' id='word_1_353' title='bbox 1398 2195 1481 2232; x_wconf 84' lang='lat' dir='ltr'>fuit</span> <span class='ocrx_word' id='word_1_354' title='bbox 1498 2195 1806 2232; x_wconf 87' lang='lat' dir='ltr'>haereticorum</span> 
     </span>
     <span class='ocr_line' id='line_1_39' title="bbox 179 2247 1804 2299; baseline 0 -12"><span class='ocrx_word' id='word_1_355' title='bbox 179 2250 219 2287; x_wconf 85' lang='lat'>85</span> <span class='ocrx_word' id='word_1_356' title='bbox 239 2251 282 2284; x_wconf 80' lang='lat' dir='ltr'>et</span> <span class='ocrx_word' id='word_1_357' title='bbox 304 2247 613 2286; x_wconf 90' lang='lat' dir='ltr'>leuissimorum</span> <span class='ocrx_word' id='word_1_358' title='bbox 635 2249 855 2288; x_wconf 89' lang='lat' dir='ltr'>hominum</span> <span class='ocrx_word' id='word_1_359' title='bbox 877 2250 1101 2288; x_wconf 84' lang='lat' dir='ltr'>fraudibus</span> <span class='ocrx_word' id='word_1_360' title='bbox 1121 2254 1165 2288; x_wconf 89' lang='lat' dir='ltr'>et</span> <span class='ocrx_word' id='word_1_361' title='bbox 1186 2255 1305 2288; x_wconf 91' lang='lat' dir='ltr'>motu</span> <span class='ocrx_word' id='word_1_362' title='bbox 1327 2263 1466 2287; x_wconf 89' lang='lat' dir='ltr'>rerum</span> <span class='ocrx_word' id='word_1_363' title='bbox 1492 2263 1700 2288; x_wconf 84' lang='lat' dir='ltr'>nouarum</span> <span class='ocrx_word' id='word_1_364' title='bbox 1721 2251 1804 2299; x_wconf 89' lang='lat' dir='ltr'>agi-</span> 
     </span>
     <span class='ocr_line' id='line_1_40' title="bbox 239 2303 1804 2352; baseline 0.001 -13"><span class='ocrx_word' id='word_1_365' title='bbox 239 2306 333 2339; x_wconf 88' lang='lat' dir='ltr'>tata</span> <span class='ocrx_word' id='word_1_366' title='bbox 348 2303 537 2352; x_wconf 83' lang='lat' dir='ltr'>⁴?—quod</span> <span class='ocrx_word' id='word_1_367' title='bbox 558 2304 758 2342; x_wconf 90' lang='lat' dir='ltr'>accidisse</span> <span class='ocrx_word' id='word_1_368' title='bbox 784 2310 947 2342; x_wconf 88' lang='lat' dir='ltr'>certum</span> <span class='ocrx_word' id='word_1_369' title='bbox 967 2309 1033 2343; x_wconf 84' lang='lat' dir='ltr'>est</span> <span class='ocrx_word' id='word_1_370' title='bbox 1054 2306 1096 2342; x_wconf 91' lang='lat' dir='ltr'>in</span> <span class='ocrx_word' id='word_1_371' title='bbox 1121 2316 1223 2343; x_wconf 81' lang='lat' dir='ltr'>Lxx.</span> <span class='ocrx_word' id='word_1_372' title='bbox 1247 2305 1414 2342; x_wconf 89' lang='lat' dir='ltr'>decreta</span> <span class='ocrx_word' id='word_1_373' title='bbox 1429 2304 1603 2342; x_wconf 89' lang='lat' dir='ltr'>Concilii</span> <span class='ocrx_word' id='word_1_374' title='bbox 1618 2305 1804 2350; x_wconf 87' lang='lat' dir='ltr'>Nicaeni‚</span> 
     </span>
     <span class='ocr_line' id='line_1_41' title="bbox 239 2359 1804 2408; baseline 0.001 -14"><span class='ocrx_word' id='word_1_375' title='bbox 239 2369 349 2406; x_wconf 87' lang='lat' dir='ltr'>quae</span> <span class='ocrx_word' id='word_1_376' title='bbox 382 2371 478 2395; x_wconf 89' lang='lat' dir='ltr'>cum</span> <span class='ocrx_word' id='word_1_377' title='bbox 513 2359 676 2408; x_wconf 83' lang='lat' dir='ltr'>integra</span> <span class='ocrx_word' id='word_1_378' title='bbox 707 2360 749 2396; x_wconf 91' lang='lat' dir='ltr'>in</span> <span class='ocrx_word' id='word_1_379' title='bbox 781 2361 942 2397; x_wconf 86' lang='lat' dir='ltr'>scriniis</span> <span class='ocrx_word' id='word_1_380' title='bbox 977 2359 1188 2397; x_wconf 87' lang='lat' dir='ltr'>Ecclesiae</span> <span class='ocrx_word' id='word_1_381' title='bbox 1221 2360 1443 2397; x_wconf 86' lang='lat' dir='ltr'>Romanae</span> <span class='ocrx_word' id='word_1_382' title='bbox 1474 2364 1804 2405; x_wconf 86' lang='lat' dir='ltr'>asseruarentur,</span> 
     </span>
     <span class='ocr_line' id='line_1_42' title="bbox 239 2413 1805 2464; baseline 0.001 -15"><span class='ocrx_word' id='word_1_383' title='bbox 239 2416 383 2450; x_wconf 88' lang='lat' dir='ltr'>tamen</span> <span class='ocrx_word' id='word_1_384' title='bbox 408 2413 463 2450; x_wconf 93' lang='lat' dir='ltr'>ad</span> <span class='ocrx_word' id='word_1_385' title='bbox 488 2414 693 2450; x_wconf 90' lang='lat' dir='ltr'>orientem</span> <span class='ocrx_word' id='word_1_386' title='bbox 722 2414 764 2451; x_wconf 89' lang='lat' dir='ltr'>in</span> <span class='ocrx_word' id='word_1_387' title='bbox 792 2414 1049 2464; x_wconf 88' lang='lat' dir='ltr'>quibusdam</span> <span class='ocrx_word' id='word_1_388' title='bbox 1078 2414 1274 2452; x_wconf 89' lang='lat' dir='ltr'>Ecclesiis</span> <span class='ocrx_word' id='word_1_389' title='bbox 1302 2413 1356 2452; x_wconf 89' lang='lat' dir='ltr'>ab</span> <span class='ocrx_word' id='word_1_390' title='bbox 1385 2414 1607 2452; x_wconf 90' lang='lat' dir='ltr'>haereticis</span> <span class='ocrx_word' id='word_1_391' title='bbox 1635 2415 1805 2451; x_wconf 91' lang='lat' dir='ltr'>incensa</span> 
     </span>
     <span class='ocr_line' id='line_1_43' title="bbox 239 2467 1806 2514; baseline 0.002 -11"><span class='ocrx_word' id='word_1_392' title='bbox 239 2471 352 2513; x_wconf 89' lang='lat' dir='ltr'>sunt,</span> <span class='ocrx_word' id='word_1_393' title='bbox 387 2468 430 2504; x_wconf 92' lang='lat' dir='ltr'>in</span> <span class='ocrx_word' id='word_1_394' title='bbox 461 2467 554 2505; x_wconf 89' lang='lat' dir='ltr'>aliis</span> <span class='ocrx_word' id='word_1_395' title='bbox 586 2468 640 2505; x_wconf 89' lang='lat' dir='ltr'>ad</span> <span class='ocrx_word' id='word_1_396' title='bbox 675 2469 881 2506; x_wconf 87' lang='lat' dir='ltr'>minorem</span> <span class='ocrx_word' id='word_1_397' title='bbox 914 2482 1138 2506; x_wconf 90' lang='lat' dir='ltr'>numerum</span> <span class='ocrx_word' id='word_1_398' title='bbox 1170 2469 1357 2514; x_wconf 85' lang='lat' dir='ltr'>redacta,</span> <span class='ocrx_word' id='word_1_399' title='bbox 1395 2469 1575 2506; x_wconf 89' lang='lat' dir='ltr'>sublatis</span> <span class='ocrx_word' id='word_1_400' title='bbox 1608 2468 1806 2506; x_wconf 82' lang='lat' dir='ltr'>videlicet</span> 
     </span>
     <span class='ocr_line' id='line_1_44' title="bbox 176 2522 1805 2572; baseline 0 -12"><span class='ocrx_word' id='word_1_401' title='bbox 176 2531 219 2560; x_wconf 87' lang='lat'>90</span> <span class='ocrx_word' id='word_1_402' title='bbox 239 2534 347 2570; x_wconf 88' lang='lat' dir='ltr'>quae</span> <span class='ocrx_word' id='word_1_403' title='bbox 379 2522 567 2572; x_wconf 89' lang='lat' dir='ltr'>ipsorum</span> <span class='ocrx_word' id='word_1_404' title='bbox 599 2523 782 2560; x_wconf 89' lang='lat' dir='ltr'>consiliis</span> <span class='ocrx_word' id='word_1_405' title='bbox 818 2527 895 2561; x_wconf 89' lang='lat' dir='ltr'>aut</span> <span class='ocrx_word' id='word_1_406' title='bbox 928 2524 1153 2562; x_wconf 85' lang='lat' dir='ltr'>conatibus</span> <span class='ocrx_word' id='word_1_407' title='bbox 1187 2523 1401 2561; x_wconf 89' lang='lat' dir='ltr'>obstitura</span> <span class='ocrx_word' id='word_1_408' title='bbox 1433 2523 1713 2569; x_wconf 69' lang='lat' dir='ltr'>videbantur,</span> <span class='ocrx_word' id='word_1_409' title='bbox 1756 2527 1805 2560; x_wconf 78' lang='lat' dir='ltr'>vt</span> 
     </span>
     <span class='ocr_line' id='line_1_45' title="bbox 238 2576 1804 2628; baseline 0.001 -15"><span class='ocrx_word' id='word_1_410' title='bbox 238 2576 499 2614; x_wconf 86' lang='lat' dir='ltr'>Athanasius</span> <span class='ocrx_word' id='word_1_411' title='bbox 524 2581 567 2614; x_wconf 87' lang='lat' dir='ltr'>et</span> <span class='ocrx_word' id='word_1_412' title='bbox 589 2579 743 2615; x_wconf 86' lang='lat' dir='ltr'>caeteri</span> <span class='ocrx_word' id='word_1_413' title='bbox 768 2579 952 2628; x_wconf 88' lang='lat' dir='ltr'>episcopi</span> <span class='ocrx_word' id='word_1_414' title='bbox 977 2592 1029 2616; x_wconf 87' lang='lat' dir='ltr'>ex</span> <span class='ocrx_word' id='word_1_415' title='bbox 1054 2578 1344 2616; x_wconf 86' lang='lat' dir='ltr'>Alexandrina</span> <span class='ocrx_word' id='word_1_416' title='bbox 1368 2577 1540 2628; x_wconf 73' lang='lat' dir='ltr'>Synodo</span> <span class='ocrx_word' id='word_1_417' title='bbox 1562 2579 1603 2615; x_wconf 90' lang='lat' dir='ltr'>in</span> <span class='ocrx_word' id='word_1_418' title='bbox 1623 2578 1804 2628; x_wconf 88' lang='lat' dir='ltr'>epistola</span> 
     </span>
    </p>
   </div>
   <div class='ocr_carea' id='block_1_3' title="bbox 232 2659 1803 2874">
    <p class='ocr_par' dir='ltr' id='par_1_3' title="bbox 232 2659 1803 2874">
     <span class='ocr_line' id='line_1_46' title="bbox 283 2659 1801 2701; baseline 0.001 -12"><span class='ocrx_word' id='word_1_419' title='bbox 283 2667 379 2697; x_wconf 83' lang='lat'>51-2.</span> <span class='ocrx_word' id='word_1_420' title='bbox 406 2659 508 2690; x_wconf 85' lang='lat' dir='ltr'>aLB:</span> <span class='ocrx_word' id='word_1_421' title='bbox 535 2669 580 2689; x_wconf 85' lang='lat' dir='ltr'>ex</span> <span class='ocrx_word' id='word_1_422' title='bbox 600 2660 757 2700; x_wconf 86' lang='lat' dir='ltr'>Augusti</span> <span class='ocrx_word' id='word_1_423' title='bbox 775 2661 931 2691; x_wconf 78' lang='lat' dir='ltr'>victoria</span> <span class='ocrx_word' id='word_1_424' title='bbox 947 2664 1203 2701; x_wconf 82' lang='lat' dir='ltr'>nuncupatam</span> <span class='ocrx_word' id='word_1_425' title='bbox 1220 2661 1349 2691; x_wconf 87' lang='lat' dir='ltr'>vrbem</span> <span class='ocrx_word' id='word_1_426' title='bbox 1366 2670 1443 2691; x_wconf 85' lang='lat' dir='ltr'>esse</span> <span class='ocrx_word' id='word_1_427' title='bbox 1459 2659 1490 2699; x_wconf 88' lang='grc' dir='ltr'>β.</span> <span class='ocrx_word' id='word_1_428' title='bbox 1620 2669 1671 2700; x_wconf 83' lang='lat'>54.</span> <span class='ocrx_word' id='word_1_429' title='bbox 1698 2660 1780 2690; x_wconf 84' lang='lat' dir='ltr'>aLB</span> <span class='ocrx_word' id='word_1_430' title='bbox 1795 2673 1801 2691; x_wconf 76' lang='lat' dir='ltr'>z</span> 
     </span>
     <span class='ocr_line' id='line_1_47' title="bbox 237 2702 1801 2744; baseline 0.001 -11"><span class='ocrx_word' id='word_1_431' title='bbox 237 2703 359 2734; x_wconf 85' lang='lat' dir='ltr'>nauali</span> <span class='ocrx_word' id='word_1_432' title='bbox 376 2707 573 2744; x_wconf 82' lang='lat' dir='ltr'>superatus</span> <span class='ocrx_word' id='word_1_433' title='bbox 583 2702 615 2742; x_wconf 88' lang='grc' dir='ltr'>β.</span> <span class='ocrx_word' id='word_1_434' title='bbox 708 2712 760 2741; x_wconf 85' lang='grc'>55.</span> <span class='ocrx_word' id='word_1_435' title='bbox 786 2704 884 2734; x_wconf 78' lang='lat' dir='ltr'>aLB:</span> <span class='ocrx_word' id='word_1_436' title='bbox 913 2703 1027 2744; x_wconf 85' lang='grc' dir='ltr'>Θρακη</span> <span class='ocrx_word' id='word_1_437' title='bbox 1040 2704 1071 2743; x_wconf 86' lang='grc' dir='ltr'>β.</span> <span class='ocrx_word' id='word_1_438' title='bbox 1163 2707 1217 2735; x_wconf 83' lang='grc'>60.</span> <span class='ocrx_word' id='word_1_439' title='bbox 1243 2714 1285 2734; x_wconf 93' lang='lat' dir='ltr'>eo</span> <span class='ocrx_word' id='word_1_440' title='bbox 1303 2704 1402 2734; x_wconf 79' lang='lat' dir='ltr'>aLB:</span> <span class='ocrx_word' id='word_1_441' title='bbox 1428 2714 1509 2735; x_wconf 89' lang='lat' dir='ltr'>meo</span> <span class='ocrx_word' id='word_1_442' title='bbox 1519 2703 1550 2743; x_wconf 88' lang='grc' dir='ltr'>β.</span> <span class='ocrx_word' id='word_1_443' title='bbox 1627 2707 1680 2735; x_wconf 78' lang='lat'>62.</span> <span class='ocrx_word' id='word_1_444' title='bbox 1700 2704 1801 2734; x_wconf 87' lang='lat' dir='ltr'>aLB:</span> 
     </span>
     <span class='ocr_line' id='line_1_48' title="bbox 237 2747 1802 2787; baseline 0 -10"><span class='ocrx_word' id='word_1_445' title='bbox 237 2757 409 2787; x_wconf 83' lang='lat' dir='ltr'>magnam</span> <span class='ocrx_word' id='word_1_446' title='bbox 426 2748 663 2777; x_wconf 80' lang='lat' dir='ltr'>securitatem</span> <span class='ocrx_word' id='word_1_447' title='bbox 682 2747 883 2778; x_wconf 83' lang='lat' dir='ltr'>indicantia</span> <span class='ocrx_word' id='word_1_448' title='bbox 906 2747 937 2787; x_wconf 89' lang='grc' dir='ltr'>β.</span> <span class='ocrx_word' id='word_1_449' title='bbox 1023 2751 1076 2787; x_wconf 82' lang='lat'>67.</span> <span class='ocrx_word' id='word_1_450' title='bbox 1103 2748 1262 2778; x_wconf 82' lang='lat' dir='ltr'>iudicare</span> <span class='ocrx_word' id='word_1_451' title='bbox 1280 2748 1382 2778; x_wconf 83' lang='lat' dir='ltr'>aLB:</span> <span class='ocrx_word' id='word_1_452' title='bbox 1407 2749 1634 2780; x_wconf 74' lang='lat' dir='ltr'>correximus.</span> <span class='ocrx_word' id='word_1_453' title='bbox 1704 2750 1802 2787; x_wconf 84' lang='lat'>67-9.</span> 
     </span>
     <span class='ocr_line' id='line_1_49' title="bbox 236 2790 1803 2832; baseline 0 -11"><span class='ocrx_word' id='word_1_454' title='bbox 236 2791 290 2821; x_wconf 87' lang='lat' dir='ltr'>De</span> <span class='ocrx_word' id='word_1_455' title='bbox 317 2816 322 2821; x_wconf 94' lang='lat'>.</span> <span class='ocrx_word' id='word_1_456' title='bbox 351 2815 358 2822; x_wconf 92' lang='lat'><strong>.</strong></span> <span class='ocrx_word' id='word_1_457' title='bbox 387 2816 393 2821; x_wconf 93' lang='lat'>.</span> <span class='ocrx_word' id='word_1_458' title='bbox 420 2791 540 2821; x_wconf 87' lang='lat' dir='ltr'>Fabro</span> <span class='ocrx_word' id='word_1_459' title='bbox 557 2790 661 2821; x_wconf 82' lang='lat' dir='ltr'>aLB:</span> <span class='ocrx_word' id='word_1_460' title='bbox 694 2800 754 2821; x_wconf 88' lang='lat' dir='ltr'>om</span> <span class='ocrx_word' id='word_1_461' title='bbox 769 2790 800 2830; x_wconf 89' lang='grc' dir='ltr'>β.</span> <span class='ocrx_word' id='word_1_462' title='bbox 905 2802 956 2832; x_wconf 77' lang='lat'>74.</span> <span class='ocrx_word' id='word_1_463' title='bbox 983 2792 1085 2822; x_wconf 80' lang='lat' dir='ltr'>aLB:</span> <span class='ocrx_word' id='word_1_464' title='bbox 1111 2791 1296 2832; x_wconf 88' lang='lat' dir='ltr'>quomodo</span> <span class='ocrx_word' id='word_1_465' title='bbox 1313 2792 1411 2822; x_wconf 88' lang='lat' dir='ltr'>enim</span> <span class='ocrx_word' id='word_1_466' title='bbox 1427 2791 1457 2831; x_wconf 88' lang='grc' dir='ltr'>β.</span> <span class='ocrx_word' id='word_1_467' title='bbox 1559 2792 1612 2822; x_wconf 83' lang='lat'>82.</span> <span class='ocrx_word' id='word_1_468' title='bbox 1639 2791 1739 2828; x_wconf 82' lang='lat' dir='ltr'>aLB;</span> <span class='ocrx_word' id='word_1_469' title='bbox 1766 2792 1803 2821; x_wconf 88' lang='lat' dir='ltr'>in</span> 
     </span>
     <span class='ocr_line' id='line_1_50' title="bbox 232 2833 492 2874; baseline 0 -9"><span class='ocrx_word' id='word_1_470' title='bbox 232 2839 309 2874; x_wconf 77' lang='lat' dir='ltr'>post</span> <span class='ocrx_word' id='word_1_471' title='bbox 325 2845 366 2865; x_wconf 81' lang='lat' dir='ltr'>ac</span> <span class='ocrx_word' id='word_1_472' title='bbox 383 2845 446 2865; x_wconf 88' lang='lat' dir='ltr'>om.</span> <span class='ocrx_word' id='word_1_473' title='bbox 459 2833 492 2873; x_wconf 89' lang='grc' dir='ltr'>β.</span> 
     </span>
    </p>
   </div>
   <div class='ocr_carea' id='block_1_4' title="bbox 278 2895 378 2899">
    <p class='ocr_par' dir='ltr' id='par_1_4' title="bbox 278 2895 378 2899">
     <span class='ocr_line' id='line_1_51' title="bbox 278 2895 378 2899; baseline 0 0"><span class='ocrx_word' id='word_1_474' title='bbox 278 2895 378 2899; x_wconf 95' lang='lat' dir='ltr'> </span> 
     </span>
    </p>
   </div>
   <div class='ocr_carea' id='block_1_5' title="bbox 384 2896 496 2898">
    <p class='ocr_par' dir='ltr' id='par_1_5' title="bbox 384 2896 496 2898">
     <span class='ocr_line' id='line_1_52' title="bbox 384 2896 496 2898; baseline 0 0"><span class='ocrx_word' id='word_1_475' title='bbox 384 2896 496 2898; x_wconf 95' lang='lat' dir='ltr'> </span> 
     </span>
    </p>
   </div>
   <div class='ocr_carea' id='block_1_6' title="bbox 236 2931 1802 3017">
    <p class='ocr_par' dir='ltr' id='par_1_6' title="bbox 236 2931 1802 3017">
     <span class='ocr_line' id='line_1_53' title="bbox 281 2931 1802 2974; baseline 0.001 -13"><span class='ocrx_word' id='word_1_476' title='bbox 281 2939 332 2968; x_wconf 84' lang='grc'>55.</span> <span class='ocrx_word' id='word_1_477' title='bbox 359 2931 404 2961; x_wconf 86' lang='lat' dir='ltr'>de</span> <span class='ocrx_word' id='word_1_478' title='bbox 426 2931 637 2969; x_wconf 84' lang='lat' dir='ltr'>Senectute]</span> <span class='ocrx_word' id='word_1_479' title='bbox 661 2932 717 2962; x_wconf 80' lang='lat' dir='ltr'>An</span> <span class='ocrx_word' id='word_1_480' title='bbox 741 2942 840 2963; x_wconf 86' lang='lat' dir='ltr'>error</span> <span class='ocrx_word' id='word_1_481' title='bbox 863 2933 900 2963; x_wconf 81' lang='lat' dir='ltr'>of</span> <span class='ocrx_word' id='word_1_482' title='bbox 925 2932 983 2963; x_wconf 89' lang='lat' dir='ltr'>Se·</span> <span class='ocrx_word' id='word_1_483' title='bbox 1054 2934 1178 2974; x_wconf 90' lang='lat' dir='ltr'>points</span> <span class='ocrx_word' id='word_1_484' title='bbox 1195 2937 1261 2964; x_wconf 86' lang='lat' dir='ltr'>out</span> <span class='ocrx_word' id='word_1_485' title='bbox 1282 2933 1366 2964; x_wconf 83' lang='lat' dir='ltr'>that</span> <span class='ocrx_word' id='word_1_486' title='bbox 1387 2933 1432 2963; x_wconf 87' lang='lat' dir='ltr'>he</span> <span class='ocrx_word' id='word_1_487' title='bbox 1450 2932 1521 2963; x_wconf 82' lang='lat' dir='ltr'>had</span> <span class='ocrx_word' id='word_1_488' title='bbox 1539 2943 1650 2963; x_wconf 86' lang='lat' dir='ltr'>never</span> <span class='ocrx_word' id='word_1_489' title='bbox 1667 2932 1802 2969; x_wconf 84' lang='lat' dir='ltr'>editcd,</span> 
     </span>
     <span class='ocr_line' id='line_1_54' title="bbox 236 2975 1777 3017; baseline 0.001 -12"><span class='ocrx_word' id='word_1_490' title='bbox 236 2975 449 3014; x_wconf 85' lang='lat' dir='ltr'>pulveda’s;</span> <span class='ocrx_word' id='word_1_491' title='bbox 490 2975 677 3009; x_wconf 81' lang='lat' dir='ltr'>Erasmus,</span> <span class='ocrx_word' id='word_1_492' title='bbox 712 2976 747 3006; x_wconf 90' lang='lat' dir='ltr'>in</span> <span class='ocrx_word' id='word_1_493' title='bbox 780 2977 835 3006; x_wconf 84' lang='lat' dir='ltr'>his</span> <span class='ocrx_word' id='word_1_494' title='bbox 869 2977 983 3017; x_wconf 86' lang='lat' dir='ltr'>reply,</span> <span class='ocrx_word' id='word_1_495' title='bbox 1053 2988 1093 3008; x_wconf 94' lang='lat' dir='ltr'>or</span> <span class='ocrx_word' id='word_1_496' title='bbox 1110 2976 1355 3013; x_wconf 79' lang='lat' dir='ltr'>coxnxnented,</span> <span class='ocrx_word' id='word_1_497' title='bbox 1374 2987 1421 3007; x_wconf 89' lang='lat' dir='ltr'>on</span> <span class='ocrx_word' id='word_1_498' title='bbox 1439 2977 1502 3007; x_wconf 87' lang='lat' dir='ltr'>the</span> <span class='ocrx_word' id='word_1_499' title='bbox 1520 2976 1572 3007; x_wconf 76' lang='lat' dir='ltr'>De</span> <span class='ocrx_word' id='word_1_500' title='bbox 1588 2976 1777 3007; x_wconf 78' lang='lat' dir='ltr'>Senectute.</span> 
     </span>
    </p>
   </div>
  </div>
 </body>
</html>
