1966 3379
139 85 260 135 2931]
509 81 669 121 FROM
699 79 984 120 BONIFACE
1014 77 1334 117 AMERBACH
1625 77 1703 115 383

142 188 432 226 admonitione
471 187 655 225 offensus
693 186 844 223 fuisset
884 183 1177 228 subdubitare‚
1211 183 1290 220 nisi
1322 186 1443 219 tuam
1483 193 1704 219 censuram

141 255 226 280 non
247 242 383 279 solum
406 245 495 279 tam
517 242 643 279 anxie
664 241 708 278 in
729 240 815 277 suis
836 238 892 277 ad
916 243 970 283 te,
993 237 1067 275 sed
1094 237 1149 275 ad
1176 249 1243 274 me
1271 237 1350 274 hoc
1378 240 1502 273 tanto
1530 235 1704 273 adfectu

142 296 413 346 postulasset.
472 295 560 333 Nec
588 295 690 345 quid
718 294 834 332 aliud
862 293 1068 342 suspicari
1098 303 1272 341 possum
1294 303 1424 340 quam
1451 290 1704 327 nunciorum
1725 303 1743 332 5

141 351 319 389 subinde
360 350 569 388 bonorum
608 350 795 387 virorum
835 348 1002 385 litteras
1036 346 1146 383 male
1180 345 1464 383 tractantium
1499 348 1543 381 et
1577 343 1704 393 negli-

140 406 328 455 gentiam
359 409 403 442 et
432 404 676 454 perfidiam;
708 416 760 440 ne
785 402 888 452 quid
920 401 972 439 de
999 400 1175 449 collegio
1202 399 1393 449 trilingui
1418 398 1568 442 dicam,
1592 397 1706 447 quod

141 459 313 508 quidem
338 472 435 496 eum
460 458 784 508 Carpentoracti
812 457 1036 494 instituere
1065 455 1227 492 dicunt.
1289 454 1520 497 Resarciet‚
1544 453 1705 502 opinor,

141 514 183 551 in
212 513 330 551 breui
357 513 574 551 silentium
605 513 682 550 hoe
710 512 938 556 diutinum,
967 514 1010 547 et
1042 522 1209 547 omnem
1238 509 1534 557 suspicionem,
1563 507 1597 543 si
1626 519 1707 555 que

145 568 322 605 suborta
339 569 406 613 sit,
422 567 804 614 cumulatiss<ime>
821 565 907 602 suis
924 564 978 602 ad
993 569 1034 602 te
1050 564 1203 601 litteris
1219 563 1367 601 diluet.
1414 561 1708 611 Sigismundus
1731 573 1769 594 10

143 626 185 659 te
213 622 321 660 belle
348 622 488 660 valere
517 622 690 666 indicat,
714 620 756 658 id
781 620 895 669 quod
926 619 1028 656 mihi
1056 618 1409 655 iucundissimum
1434 616 1518 653 fuit
1548 615 1706 652 audire.

142 676 270 714 Faxit
290 676 482 714 Christus
504 678 633 726 quam
659 675 944 725 prosperrima
965 671 1213 711 valetudine
1236 685 1364 721 quam
1387 671 1624 708 diutissime
1645 670 1709 707 vti

140 743 286 781 possis,

198 786 279 823 Pro
316 786 477 823 iuribus
513 785 686 835 hospitii
721 784 824 821 mihi
858 795 992 833 nuper
1024 781 1227 820 exhibitis
1261 784 1305 818 et
1337 780 1601 829 benignitate
1634 783 1710 816 tua

141 841 301 889 gratias
326 853 404 890 ago
427 845 470 877 et
492 840 662 889 quidem
688 839 909 876 maximas.
969 837 1144 875 Vtinam
1166 837 1199 873 is
1221 837 1299 873 sim
1323 835 1395 884 qui
1415 835 1452 872 ei
1473 847 1558 884 quo
1580 835 1622 870 in
1644 846 1710 870 me
1732 845 1770 874 15

142 894 272 932 fueris
293 896 422 932 animi
446 895 625 944 impetui
646 907 696 931 ex
718 894 810 943 pari
832 892 1084 942 respondere
1112 891 1293 941 possim:
1327 889 1369 927 id
1391 889 1505 938 q'uod
1527 893 1575 925 vt
1596 893 1710 925 certe

143 949 185 986 in
207 951 320 987 votis
340 953 418 995 est,
441 950 502 986 ita
523 948 695 986 sedulus
717 960 887 997 operam
910 947 1023 984 dabo
1045 950 1093 983 vt
1116 958 1158 983 re
1180 946 1271 995 ipsa
1297 948 1517 995 praestare
1538 943 1708 993 possim.

143 1002 265 1049 Quod
301 1004 335 1041 si
367 1017 453 1041 non
485 1008 677 1053 potuero,
714 1006 915 1040 conatum
952 1001 1104 1038 saltem
1141 999 1350 1045 laudabis,
1384 998 1558 1048 quando
1593 1002 1637 1035 et
1669 997 1711 1033 in

142 1059 305 1107 magnis
327 1058 510 1096 voluisse
532 1062 597 1095 sat
619 1062 696 1095 est.

198 1112 250 1149 In
272 1113 383 1150 hunc
405 1126 583 1163 puerum
606 1112 731 1150 incidi
748 1112 857 1149 forte
874 1111 1049 1148 fortuna
1067 1110 1241 1148 domum
1261 1108 1512 1158 Hieronymi
1529 1105 1709 1156 <egredi-
1732 1118 1773 1139 20

142 1170 320 1215 entem),
344 1180 429 1204 vna
450 1169 530 1205 iter
551 1166 869 1216 ingredientem.

491 1342 619 1380 2932.
683 1339 821 1379 FROM
853 1338 985 1379 JOHN
1018 1337 1164 1378 Loms
1199 1336 1360 1377 VIVES.

192 1421 306 1455 Viuis
325 1421 469 1466 Opera,
494 1431 598 1463 1555,
617 1421 657 1454 ii.
677 1423 761 1463 976.
1436 1417 1601 1461 Bruges.

192 1471 254 1504 Vi.
276 1471 337 1510 E„
358 1472 384 1505 f.
409 1480 498 1504 100:
528 1471 654 1504 Lond.
676 1470 767 1504 Viv.
790 1480 856 1504 22:
886 1470 969 1503 LB.
994 1477 1099 1512 1270.
1377 1476 1421 1500 10
1438 1467 1536 1511 May
1558 1476 1664 1509 1534.

187 1549 274 1587 [For
293 1550 354 1579 the
377 1550 660 1580 circumstances
684 1549 722 1579 of
746 1549 820 1580 this
844 1548 955 1579 letter
978 1547 1052 1579 and
1076 1547 1133 1578 for
1157 1547 1220 1578 the
1240 1546 1352 1577 letter
1371 1545 1409 1576 of
1433 1545 1610 1575 Erasmus
1633 1545 1714 1582 (not

141 1594 288 1630 extant)
307 1594 424 1623 which
442 1593 470 1624 it
487 1603 658 1629 answers,
676 1603 735 1624 see
752 1589 822 1633 Ep.
842 1593 937 1630 2892.
957 1591 1075 1631 215n.]

759 1673 890 1701 VIVES
911 1673 1099 1700 ERASMO.

199 1729 415 1767 EPISTOLA
450 1733 526 1767 tua
558 1729 661 1767 data
700 1729 755 1767 ad
795 1741 861 1766 me
901 1729 1054 1778 quinto
1089 1727 1155 1765 die
1191 1726 1381 1764 Ianuarii
1415 1725 1578 1775 gratior
1612 1724 1716 1762 mihi

144 1783 307 1823 fuisset.
335 1786 368 1821 si
396 1788 438 1822 te
468 1785 624 1822 rectius
654 1784 796 1821 valere
826 1784 1085 1821 nunciasset.
1145 1781 1227 1820 Sed
1257 1785 1348 1819 tam
1379 1780 1534 1818 affecta
1564 1783 1642 1817 tua
1674 1779 1716 1816 in

145 1843 288 1876 aetate
320 1840 402 1876 ista
432 1839 637 1876 valetudo
667 1851 752 1876 non
782 1839 927 1888 potuit
957 1838 1061 1875 mihi
1090 1849 1177 1874 non
1206 1836 1512 1874 molestissima
1541 1846 1631 1872 esse
1661 1833 1715 1871 ad

145 1894 418 1931 audiendum.
479 1894 631 1931 Precor
659 1893 738 1930 tibi
766 1894 1022 1937 sanitatem;
1055 1896 1144 1937 aut,
1171 1892 1206 1928 si
1234 1891 1312 1928 hoc
1340 1902 1426 1927 non
1453 1893 1518 1927 est
1546 1887 1716 1926 Christo

145 1948 296 1993 visum,
327 1952 439 1985 certe
471 1948 599 1986 robur
629 1952 672 1986 et
703 1949 832 1985 animi
862 1952 906 1985 et
936 1947 1135 1997 corporiS‚
1158 1958 1242 1995 quo
1271 1944 1579 1982 tolerabiliores
1610 1943 1717 1980 fiant
1737 1958 1755 1987 5

146 2002 225 2039 tibi
246 2004 472 2040 cruciatus
532 2002 708 2040 Aestate
731 2003 944 2052 superiore
966 2002 1156 2051 grauiter
1177 2000 1220 2038 et
1241 1999 1475 2050 periculose
1497 1998 1717 2048 aegrotaui

146 2069 167 2094 e
189 2057 331 2094 colica.
382 2057 572 2106 Podagra
596 2057 712 2095 facta
737 2062 802 2095 est
829 2057 932 2094 mihi
953 2057 1060 2094 adeo
1081 2055 1302 2093 familiaris
1324 2059 1373 2092 vt
1393 2055 1477 2092 iam
1500 2054 1640 2091 minus
1662 2053 1718 2089 sit

145 2124 197 2148 ex
234 2111 544 2149 assuefactione
578 2113 731 2161 grauis.
798 2112 904 2149 Eam
945 2116 1052 2161 puto
1092 2123 1158 2148 me
1200 2109 1464 2147 contraxisse
1503 2121 1524 2145 e
1564 2107 1717 2156 frigore

147 2167 290 2215 potius
319 2179 448 2215 quam
477 2166 564 2204 vlla
595 2167 678 2204 alia
709 2167 761 2204 de
792 2179 954 2204 caussa.
1016 2165 1108 2203 Ista
1138 2169 1239 2202 sunt
1270 2165 1421 2201 suauia
1451 2161 1716 2205 munuscula,

146 2221 302 2268 quibus
323 2233 398 2257 nos
421 2234 571 2270 corpus
594 2221 670 2258 hoc
692 2226 888 2259 nostrum
918 2233 993 2270 pro
1022 2219 1194 2257 assiduo
1221 2223 1265 2256 et
1295 2218 1476 2256 sollicito
1505 2217 1572 2254 sui
1597 2217 1716 2254 mini·
1742 2232 1779 2252 10

145 2276 274 2312 sterio
296 2280 604 2313 remuneratur.

202 2329 322 2374 Quod
365 2334 764 2379 temperamentum,
801 2334 879 2368 aut
919 2342 1028 2379 quae
1068 2329 1376 2378 circunspectio
1418 2326 1644 2370 suffecerit,
1685 2325 1719 2361 si

147 2383 294 2421 literae
325 2384 375 2421 de
407 2384 550 2433 aliquo
579 2386 761 2435 scriptae
793 2385 847 2422 ad
878 2398 975 2422 eum
1007 2386 1146 2434 ipsum
1178 2384 1441 2421 mittantur?
1501 2380 1623 2426 Quod
1654 2384 1719 2417 est

147 2438 282 2487 plane,
308 2443 355 2476 vt
377 2439 438 2475 ait
458 2438 613 2484 Cicero,
638 2439 786 2477 tollere
803 2453 824 2477 e
844 2441 933 2477 vita
956 2440 1071 2476 vitae
1093 2438 1445 2476 communionem.
1508 2436 1597 2485 Ego
1618 2446 1719 2471 vero

149 2496 191 2529 te
213 2506 295 2530 non
318 2493 504 2530 arbitror
529 2494 570 2530 in
595 2495 784 2532 amicitia
813 2494 1037 2538 refrixisse,
1060 2506 1135 2530 nec
1164 2493 1300 2530 rarius
1331 2496 1373 2528 ‘te
1404 2491 1507 2528 mihi
1539 2489 1718 2527 scribere
1742 2504 1779 2533 15

147 2559 393 2596 conqueror.
454 2548 570 2593 Quae
597 2549 727 2585 etiam
757 2548 930 2598 querela
959 2549 999 2585 in
1028 2561 1095 2585 me
1123 2547 1340 2591 recideret,
1367 2547 1439 2594 qui
1468 2557 1550 2581 non
1581 2545 1720 2581 minus

148 2614 265 2639 raras
288 2602 341 2639 ad
364 2606 405 2639 tc
428 2602 522 2639 dem
546 2602 704 2640 literas
765 2603 822 2640 Et
850 2604 953 2640 meis
982 2602 1207 2652 permultis
1234 2601 1425 2651 epistolis
1454 2605 1545 2637 tuin
1578 2598 1631 2635 ad
1663 2602 1718 2641 te,

149 2660 241 2693 tum
264 2656 318 2694 ad
341 2657 499 2694 amicos
520 2656 638 2703 alios,
661 2661 847 2695 testatus
869 2670 975 2703 sum,
998 2670 1082 2694 non
1103 2657 1330 2694 aestimare
1352 2668 1417 2692 nie
1438 2653 1647 2692 amicitias
1668 2664 1718 2688 cx

190 2751 286 2781 2931.
314 2759 343 2789 7.
371 2751 534 2790 collegio]
560 2750 723 2791 Perhaps
746 2751 829 2782 Sad.
856 2751 896 2781 E.
968 2751 1079 2781 face's
1117 2750 1217 2781 draft
1261 2749 1382 2779 shows
1427 2759 1448 2778 a
1492 2747 1719 2787 suprascript

148 2805 211 2835 pp.
231 2797 338 2833 392—6
361 2794 540 2825 indicates
560 2794 623 2825 tho
642 2795 841 2835 beginning
861 2795 899 2825 of
968 2795 1131 2825 variant:
1151 2791 1529 2833 τὴνάπροσηγορίαι·,οὲ.
1543 2791 1609 2830 Ep.
1624 2791 1719 2827 2892.

147 2839 221 2869 this
250 2838 401 2878 project,
424 2838 461 2868 of
490 2838 607 2868 which
629 2848 682 2869 we
711 2839 804 2869 have
833 2843 900 2869 not
968 2848 1068 2878 204¹]-

150 2881 266 2912 found
283 2892 356 2921 any
374 2882 482 2912 other
501 2886 611 2912 traco.
1019 2883 1134 2917 18-19.
1162 2881 1197 2911 in
1222 2880 1363 2919 mugnis
1384 2904 1389 2909 .
1411 2903 1416 2908 .
1439 2904 1444 2908 .
1464 2878 1534 2915 est]
1560 2877 1668 2917 Prop.
1690 2886 1718 2907 2.

190 2935 221 2962 9.
248 2926 435 2956 silentium
464 2926 531 2956 hoc
560 2925 763 2965 diutinum]
792 2926 901 2956 Boni·
975 2935 1024 2956 10.
1043 2928 1084 2961 6;
1110 2924 1156 2955 cf.
1176 2923 1246 2964 Ep.
1266 2925 1361 2954 2582.
1381 2932 1498 2962 39—40.
