1966 3379
220 441 260 468 50

217 983 259 1005 (Μ)

217 1256 258 1288 05

218 1532 258 1561 70

218 1805 256 1836 75

216 2069 257 2098 80

214 2627 257 2655 90

283 107 357 143 186
708 107 965 145 LETTERS
996 107 1066 145 or
1097 107 1361 146 ERASMUS
1721 111 1842 158 [1533

280 210 451 257 negocia
473 210 533 246 ita
554 210 775 259 prouidere
797 216 839 247 et
861 224 1007 248 curare
1029 216 1071 248 et
1095 211 1301 261 perficere,
1320 224 1371 249 ne
1394 218 1540 261 postea
1560 218 1699 261 posset
1723 214 1763 249 in
1785 214 1843 249 eis

279 264 437 312 aliquid
465 269 540 301 aut
570 265 854 302 insecuri'aut
881 266 1025 302 damni
1053 267 1307 314 contingere.
1368 266 1505 311 Quare
1535 267 1721 315 Reginae
1750 280 1841 316 pro-

280 319 398 367 posui
420 331 470 355 ex
495 320 653 368 meipso
676 324 794 356 tuam
817 321 1128 357 reuocationem
1151 324 1195 357 et
1217 320 1499 357 honestiorem
1522 325 1564 357 et
1587 322 1840 358 commodio-

282 386 365 409 rem
400 373 500 417 fore,
533 374 565 409 si
597 387 707 411 esses
739 378 880 411 certus
911 374 962 411 de
999 376 1238 419 securitate,
1270 375 1321 412 de
1355 377 1584 424 praeterita
1616 380 1660 412 et
1694 375 1842 413 futura

280 428 467 464 Caesaris
490 428 687 476 pensione
708 428 957 466 exoluenda.
1018 428 1127 466 Nam
1152 442 1235 466 non
1261 434 1385 478 putes
1413 429 1478 466 hic
1505 443 1672 479 quoque
1701 431 1842 467 onmia

279 481 460 518 affluere.

336 536 396 573 De
421 536 598 574 honesta
621 538 856 582 vocatione,
879 538 930 575 de
954 537 1131 575 vitanda
1158 538 1280 575 aulae
1311 542 1355 575 et
1382 539 1604 576 curialium
1633 539 1840 583 molestia,

279 594 322 627 et
343 590 393 627 de
415 590 519 635 aliis,
542 603 650 639 quae
672 592 774 629 mihi
796 592 1054 629 videbantur
1077 594 1116 629 in
1141 605 1226 629 rem
1251 597 1370 630 tuam
1393 594 1616 642 pertinere,
1636 593 1841 642 vtiliaque

282 645 459 682 honesta
480 649 524 682 et
545 646 623 683 tibi
644 647 790 694 quieta
810 659 912 692 esse,
937 647 1037 684 haec
1061 648 1202 684 omnia
1224 648 1315 684 visa
1340 651 1438 685 sunt
1459 653 1501 685 et
1530 649 1708 697 reginae,
1731 661 1839 684 sum-

245 713 256 724 »-
282 712 534 748 rnopereque
552 700 816 749 placuerunt.
861 701 975 746 Quae
997 702 1115 750 cupit
1133 706 1174 738 te
1196 714 1283 738 esse
1304 706 1348 739 et
1365 715 1556 739 securum
1574 707 1617 739 et
1634 703 1838 751 quietum.

281 753 433 791 Verum
459 759 505 791 vt
527 755 614 791 dixi
637 768 713 804 pro
735 759 811 792 tuo
832 761 875 793 et
897 756 1137 793 honestiore
1158 761 1201 793 et
1223 757 1430 793 securiore
1458 757 1596 794 reditu
1625 757 1762 793 voluit
1790 769 1840 793 ex

279 821 406 845 causa
437 810 667 858 praemissa
698 823 747 847 ne
780 812 1000 859 ignorante
1030 811 1207 847 Cacsarc
1241 812 1508 848 reuocareris.
1569 812 1660 848 Hoc
1696 816 1839 848 autem

279 864 415 899 oneris
446 863 725 901 demandauit
757 865 805 902 D.
841 865 1156 909 Panormitano,
1186 866 1256 914 qui
1288 866 1398 913 [tibi]
1430 867 1508 902 nisi
1536 867 1591 903 sit
1619 870 1666 903 vt
1695 866 1841 902 scribis

278 918 564 966 χρηστολόγος,
605 919 878 956 vehementer
917 920 994 957 tibi
1040 919 1169 957 fauet.
1241 920 1320 964 Qui
1360 920 1530 968 quidem
1576 921 1744 970 scripsit
1788 921 1840 957 ad

279 972 611 1009 Granuellanum
635 986 745 1010 nunc
768 975 911 1011 munia
932 974 1169 1011 cancellarii
1192 975 1304 1024 apud
1329 974 1563 1019 Caesarem,
1586 988 1680 1011 cuin
1710 974 1839 1011 alium

281 1039 361 1063 non
394 1026 562 1071 habeat,
590 1028 830 1074 obeuntem,
860 1042 943 1066 non
975 1033 1023 1065 vt
1054 1028 1298 1077 significarit
1330 1034 1372 1066 te
1404 1029 1444 1066 id
1475 1029 1593 1073 velle,
1624 1030 1694 1066 sed
1727 1029 1838 1077 quod

280 1081 467 1130 pertrahi
500 1082 618 1119 bonis
649 1082 828 1120 fortasse
858 1096 1001 1132 posses
1030 1083 1348 1120 condicionibus
1378 1083 1432 1121 ad
1463 1084 1776 1129 reuertendum,
1809 1085 1842 1120 si

278 1148 327 1172 ea
347 1134 536 1173 Caesaris
560 1141 670 1174 esset
693 1138 906 1183 voluntas,
928 1142 971 1174 et
1000 1142 1225 1187 propterea
1252 1151 1301 1175 ea
1329 1138 1379 1175 de
1408 1151 1450 1175 re
1478 1139 1591 1187 apud
1621 1138 1839 1175 Caesarem

278 1195 443 1239 ageret;
477 1190 541 1227 hie
562 1192 672 1228 enim
695 1196 918 1241 pretextus
941 1192 1150 1229 scribendi
1172 1197 1470 1241 argumentum
1496 1194 1631 1229 visum
1653 1198 1717 1230 est
1740 1193 1840 1229 mihi

280 1244 356 1281 tibi
378 1258 465 1282 esse
489 1245 847 1283 honorificencius.
910 1247 992 1283 Eas
1014 1247 1180 1284 litteras
1202 1247 1324 1284 hodie
1347 1260 1419 1296 per
1440 1247 1705 1284 veredarium
1729 1248 1839 1284 misi-

279 1311 384 1337 mus.
435 1299 541 1345 Quia
562 1305 706 1338 autem
730 1302 809 1338 scis
830 1301 937 1338 adeo
959 1301 1095 1338 multa
1116 1303 1292 1339 tractari
1314 1302 1485 1351 negocia
1509 1303 1549 1338 in
1566 1302 1673 1339 aulis
1691 1302 1839 1351 princi-

279 1366 379 1402 pum
407 1358 455 1391 vt
483 1354 714 1403 aliquando
743 1357 915 1404 negocia
944 1356 1225 1405 negligantur,
1254 1360 1297 1393 et
1325 1369 1418 1393 cum
1450 1356 1684 1399 Nicolaum,
1708 1356 1839 1393 filium

278 1408 480 1457 praefecti
509 1409 756 1454 Meclinien,
786 1423 1068 1447 successorem
1096 1410 1293 1455 Valdesii,
1323 1412 1591 1460 cognouerim
1621 1411 1722 1447 mihi
1751 1424 1840 1447 esse

276 1463 591 1508 amicissimum,
615 1469 657 1501 et
680 1466 743 1501 tui
764 1466 894 1501 eciam
920 1465 1089 1502 honoris
1115 1470 1158 1502 et
1186 1466 1366 1502 nominis
1392 1466 1839 1503 obseruantissimum:

278 1517 355 1553 feci
385 1522 432 1554 vt
462 1518 510 1555 D.
539 1518 869 1556 Panormitanus
898 1520 1022 1556 huius
1050 1520 1109 1556 rei
1136 1519 1251 1569 apud
1278 1519 1611 1557 Granuellanum
1641 1520 1837 1557 sollicita-

277 1572 439 1608 cionem
473 1572 533 1609 illi
568 1575 868 1611 committeret.
929 1574 994 1611 Ad
1030 1586 1156 1623 quem
1195 1587 1271 1623 ego
1310 1587 1479 1623 quoque
1518 1575 1676 1624 scripsi,
1712 1579 1759 1611 vt
1800 1574 1840 1611 id

276 1627 435 1675 negocii
460 1631 503 1664 et
531 1627 755 1676 diligenter
782 1633 825 1665 et
851 1628 1043 1666 celeriter
1074 1633 1118 1666 et
1145 1633 1303 1666 secrete
1330 1634 1486 1678 ageret,
1509 1642 1841 1678 responsumque

278 1682 527 1719 remitteret.
587 1681 721 1720 Credo
756 1696 851 1720 eum
888 1683 929 1720 id
969 1696 1057 1720 esse
1096 1683 1324 1720 facturum.
1384 1683 1500 1733 Opus
1535 1684 1662 1732 igitur
1700 1688 1765 1721 est
1800 1689 1842 1720 te

278 1735 432 1772 habere
461 1749 688 1786 parumper
716 1738 988 1786 pacienciam,
1011 1743 1054 1775 et
1081 1739 1223 1775 animo
1250 1750 1339 1775 esse
1367 1739 1523 1787 quieto,
1548 1743 1593 1775 vt
1625 1738 1841 1775 honestius

277 1794 320 1826 et
356 1791 494 1827 tucius
536 1791 624 1828 Deo
664 1791 834 1829 volente
876 1792 1032 1829 redeas.
1093 1791 1133 1829 Si
1170 1805 1255 1829 rem
1296 1792 1450 1829 videbo
1490 1793 1654 1841 longius
1696 1798 1841 1829 nostra

277 1844 472 1893 opinione
504 1845 692 1895 produci,
724 1847 883 1884 curabo
914 1852 963 1884 vt
994 1851 1037 1884 et
1066 1846 1376 1884 Granuellanus
1407 1852 1449 1884 et
1480 1847 1680 1884 Nicolaus
1710 1847 1761 1884 de
1792 1860 1840 1884 ca

278 1911 421 1935 rursus
443 1899 768 1938 admoneantur.

333 1953 540 2002 Intelligis
561 1967 729 1992 omnem
752 1960 924 1993 tuarum
946 1968 1085 1993 rerum
1107 1960 1269 1993 statum
1288 1970 1294 1997 2
1327 1969 1450 2005 quem
1474 1958 1506 1992 si
1529 1961 1745 2005 putassem
1774 1957 1840 2005 agi

277 2020 396 2056 posse
419 2008 568 2045 melius
589 2014 632 2046 et
654 2014 730 2047 tuo
752 2010 899 2047 honori
921 2012 1054 2047 statui
1076 2015 1115 2048 et
1140 2011 1359 2048 securitati
1381 2012 1717 2053 conueniencius,
1736 2010 1837 2047 nihil

277 2061 464 2099 fecissem
505 2063 720 2101 libencius.
781 2064 885 2102 Cum
926 2066 1109 2114 primum
1150 2065 1310 2114 aliquid
1353 2065 1602 2102 habebimus
1638 2066 1838 2114 responsi,

277 2129 375 2153 mox
409 2121 450 2154 te
485 2117 637 2155 faciam
670 2120 905 2157 cerciorem.
965 2118 1154 2156 Goclenii
1189 2121 1322 2156 nostri
1359 2120 1537 2164 litteras,
1570 2121 1641 2168 qui
1674 2119 1840 2157 (luobus

277 2171 359 2207 iam
381 2171 529 2208 diebus
551 2185 742 2210 caussam
765 2175 1041 2211 canonicatus
1063 2175 1127 2210 sui
1154 2173 1458 2223 Anthuerpien.
1484 2174 1549 2211 hic
1578 2174 1838 2217 sollicitauit,

277 2225 485 2274 hodieque
514 2226 751 2265 Louanium
780 2229 1033 2269 reuertitur:
1068 2229 1170 2265 item
1199 2228 1418 2265 cuiusdam
1448 2228 1641 2278 Hispani,
1670 2229 1742 2277 qui
1774 2241 1838 2265 me

277 2280 549 2318 vehementer
579 2283 758 2331 rogauit,
790 2287 837 2320 vt
868 2283 998 2332 ipsius
1028 2283 1082 2320 ad
1114 2288 1155 2320 te
1186 2283 1414 2327 mitterem,
1443 2295 1538 2320 cum
1570 2283 1839 2332 presentibus

244 2349 254 2353 ·
276 2335 465 2383 accipies.
525 2335 620 2373 Non
661 2337 875 2386 ingratum
912 2337 1013 2374 mihi
1049 2337 1130 2374 erit
1162 2338 1195 2373 si
1231 2337 1434 2386 Hispano,
1468 2338 1658 2386 quisquis
1694 2338 1726 2374 is
1761 2342 1838 2382 est,

277 2388 523 2433 significaris
545 2394 586 2427 te
609 2391 738 2439 ipsius
760 2392 980 2440 accepisse.
1028 2392 1121 2428 Misi
1142 2391 1195 2428 ad
1218 2395 1258 2428 te
1280 2396 1323 2428 et
1345 2392 1637 2429 Panormitani
1660 2391 1837 2429 litteras.

278 2442 528 2480 Financiarii
558 2444 766 2482 laborant.
827 2445 1036 2491 Quaestor
1063 2447 1213 2483 aerarii
1242 2446 1463 2483 Flandriae
1493 2459 1576 2483 non
1604 2451 1679 2491 est,
1703 2459 1839 2494 neque

276 2496 370 2541 fuit,
401 2498 441 2534 in
471 2499 586 2535 curia
617 2500 731 2548 apud
759 2513 885 2548 quem
916 2513 1037 2550 agere
1069 2501 1313 2549 potuissem.
1373 2499 1620 2537 Consulcius
1650 2506 1715 2538 est
1746 2512 1839 2537 meo

276 2551 430 2588 iudicio
466 2565 541 2589 nos
580 2558 805 2602 expectare
847 2567 1107 2604 responsum.
1169 2554 1367 2603 Intelligo
1408 2567 1492 2592 non
1533 2554 1698 2592 solutae
1739 2559 1838 2591 tuae

276 2606 487 2654 pensionis
505 2607 591 2645 siue
610 2608 798 2645 fucatam
816 2610 904 2646 siue
922 2610 1077 2646 iustam
1096 2621 1287 2645 caussam
1305 2608 1432 2645 fuisse
1451 2613 1569 2646 tuam
1587 2609 1836 2646 absentiam.

670 2694 721 2723 55.
748 2686 916 2725 quietum
933 2686 1168 2725 scripsimus:
1194 2686 1355 2725 quietem
1372 2684 1454 2715 MS.

318 2817 370 2854 67.
398 2815 603 2853 Nicolaum]
618 2816 1020 2856 Grudius‚†1572‚well
1135 2819 1187 2848 82.
1214 2818 1466 2856 canonicatus]
1499 2817 1563 2848 See
1596 2817 1692 2857 Epp.
1726 2821 1837 2857 19948.

277 2858 409 2888 known
442 2869 481 2889 as
509 2869 531 2889 a
560 2864 658 2898 poet«.
688 2871 753 2890 son
782 2861 819 2891 of
851 2861 1022 2891 Nicholas
1091 2863 1171 2900 (2711,
1193 2870 1285 2899 2573.
1306 2863 1424 2899 57-65.

275 2901 438 2932 Everard
484 2902 567 2942 (Ep.
618 2913 697 2939 1002
746 2905 917 2939 introd.);
964 2915 1022 2935 see
1135 2906 1186 2943 83.
1215 2905 1386 2944 Hispani}
1420 2905 1582 2944 Perhaps
1610 2915 1678 2934 one
1706 2905 1743 2934 of
1775 2905 1838 2935 the

275 2945 432 2975 NNBW.
452 2956 487 2976 x.
506 2949 580 2985 306.
1091 2948 1290 2988 Spaniards
1309 2949 1341 2977 in
1363 2949 1430 2988 Ep.
1453 2952 1545 2978 2802.
1569 2958 1682 2981 1041,
