1966 3379
248 114 327 150 218
678 110 936 149 LETTERS
967 110 1037 149 OF
1068 110 1334 150 ERASMUS
1695 115 1817 163 [1533

248 218 360 255 enim
383 230 513 266 quum
537 216 713 253 aduenit
734 216 804 253 diu
827 219 927 253 ante
949 217 1166 265 prouisum
1190 216 1324 253 leuius
1344 229 1434 253 esse
1463 216 1581 254 solet.
1643 217 1820 255 Accedit

248 272 395 309 eodem
418 271 628 321 singulare
651 271 867 319 quoddam
890 271 1012 308 officii
1036 271 1265 308 vinculum.
1316 271 1426 308 Nam
1448 285 1579 320 quum
1603 272 1819 321 publicum

250 328 291 364 in
314 326 487 364 ccclesia
513 339 668 363 munus
696 327 942 370 sustineam,
963 327 1042 362 etsi
1070 326 1122 362 ad
1148 339 1240 363 cam
1267 327 1610 363 constituendam
1638 327 1822 364 facultas

193 397 230 417 10
250 382 352 419 mihi
385 394 468 418 non
500 382 705 430 suppetit,
735 380 960 417 voluntate
992 385 1135 417 tamen
1166 380 1269 417 mihi
1299 393 1348 417 eo
1378 385 1443 418 est
1475 381 1820 419 incumbendum.

251 437 404 485 ltaque
422 449 553 485 quum
576 435 703 472 aliam
726 436 848 473 officii
870 435 1085 472 tribuendi
1108 436 1316 473 rationem
1340 436 1441 472 inire
1460 448 1679 485 nequeam,
1698 436 1820 473 facile

250 491 451 535 adducor,
482 495 529 528 vt
558 494 677 528 tuam
707 491 856 539 tuique
885 490 1098 533 similium,
1125 491 1197 538 qui
1224 495 1268 527 et
1295 490 1492 528 doctrina
1518 496 1561 528 et
1589 492 1823 528 autoritate

252 546 406 583 florent
437 546 634 590 maxime,
668 545 792 582 fidem
824 545 1058 594 implorem.
1122 545 1236 582 Haec
1267 558 1315 582 eo
1346 545 1399 582 ad
1432 550 1474 583 te
1510 546 1655 595 scripsi
1687 550 1735 583 vt
1770 546 1824 583 ad

251 614 435 646 causam,
465 613 572 650 quac
604 600 707 637 mihi
738 613 833 637 cum
865 600 1062 637 omnibus
1094 599 1213 637 bonis
1244 601 1480 637 communis
1506 605 1584 645 est,
1614 600 1826 650 intelligas

195 670 231 699 15
252 657 468 705 priuatum
490 656 619 692 etiam
642 655 824 692 officium
845 654 1055 699 accedere,
1075 659 1134 699 vt,
1158 656 1190 691 si
1213 656 1367 692 nimius
1389 655 1540 692 fuerim
1564 657 1605 692 in
1624 655 1825 703 vrgend0‚

252 711 324 748 des
347 711 513 748 veniam
538 710 651 754 mihi,
674 722 805 759 quum
828 722 894 747 me
916 709 988 747 illo
1009 709 1180 747 affectio
1203 709 1315 747 haud
1338 710 1496 747 iniusta
1518 712 1718 760 rapuerit.

308 766 369 803 De
391 770 509 802 statu
534 769 679 802 autem
708 765 918 813 religionis
945 769 1010 802 est
1038 766 1211 801 omnino
1239 769 1287 802 vt
1315 766 1542 814 scripsisti:
1575 765 1616 802 id
1644 766 1756 802 enim
1785 777 1827 802 re

254 822 344 870 ipsa
364 821 570 870 experior.
614 819 700 857 Nec
722 819 825 856 mihi
847 819 924 857 hoc
947 824 1136 869 tempore
1158 819 1280 857 facile
1302 820 1486 857 occurrit
1503 820 1617 869 quod
1638 821 1827 858 animum

255 876 367 913 leuet
385 875 667 925 aegritudine:
696 887 791 912 cum
811 875 1059 924 praesertim
1082 874 1284 912 scelerum
1307 887 1465 919 eorum,
1484 875 1538 911 ob
1556 888 1663 924 quae
1683 875 1828 924 plagas

194 945 235 965 20
256 930 348 967 illas
379 932 438 977 (et
467 943 537 967 eas
568 930 738 979 quidem
771 930 919 977 iustas)
948 929 1051 966 deus
1083 929 1203 966 nobis
1235 929 1396 979 infligit,
1428 930 1591 967 nullum
1623 930 1830 967 faciamus

255 986 393 1023 finem.
445 984 566 1031 Quod
588 989 732 1022 autem
754 986 915 1033 cogitas
936 984 1083 1021 rudem
1106 997 1282 1030 sumere,
1306 984 1420 1022 istud
1445 985 1522 1022 tibi
1544 985 1736 1035 profecto
1758 997 1831 1035 per

254 1053 350 1078 eum
384 1041 457 1089 qui
490 1040 643 1077 tribuit
675 1043 724 1076 vt
757 1052 900 1088 posses
934 1039 1153 1076 hominum
1188 1040 1328 1088 generi
1362 1040 1624 1089 praeclaram
1658 1053 1829 1089 operam

255 1108 413 1133 nauare
443 1107 662 1144 nunquam
692 1094 859 1131 licebit:
894 1098 938 1131 et
965 1106 1013 1131 eo
1042 1094 1212 1143 quidem
1242 1095 1392 1140 minus,
1422 1095 1535 1144 quod
1565 1099 1613 1132 vt
1639 1100 1832 1132 extrema

257 1163 490 1200 cygnorum
525 1163 608 1187 vox
645 1150 866 1187 consueuit
901 1162 988 1186 esse
1024 1150 1287 1194 suauissima,
1322 1150 1383 1187 ita
1418 1151 1709 1187 sanctissimae
1744 1162 1832 1187 esse

197 1219 237 1249 25
257 1205 397 1243 solent
428 1217 551 1242 voces
581 1209 796 1242 extremae
828 1204 979 1254 optimi
1007 1205 1210 1253 cuiusque
1238 1205 1310 1253 qui
1341 1217 1411 1241 eas
1442 1205 1557 1242 aedit
1587 1218 1672 1242 vna
1703 1217 1833 1254 prope

257 1273 353 1298 cum
377 1261 529 1310 spiritu
551 1264 754 1297 extremo.
802 1259 894 1296 Etsi
916 1259 1044 1308 igitur
1065 1259 1208 1304 habes,
1227 1272 1311 1308 quo
1334 1260 1528 1309 repudies
1545 1264 1591 1298 tx
1598 1260 1832 1321 pographo-

259 1328 352 1353 rum
393 1314 626 1365 postulata,
661 1327 744 1351 non
781 1318 924 1351 tamen
960 1315 1140 1363 reperies
1174 1314 1536 1363 quemadmodum
1570 1316 1606 1352 ei
1639 1315 1711 1364 qui
1746 1316 1834 1352 iure

259 1370 445 1420 quodam
467 1382 543 1407 suo
565 1370 772 1419 impeiare
794 1369 952 1419 poterit
973 1370 1076 1406 satis
1098 1369 1242 1411 facias
1265 1370 1342 1406 nisi
1364 1382 1526 1419 pareas

315 1424 396 1463 Sed
418 1425 519 1473 quid
542 1428 651 1474 ago?
710 1424 779 1461 Ita
801 1428 941 1461 tecum
964 1423 1281 1473 quodammodo
1306 1424 1468 1473 loquor,
1492 1425 1612 1474 quasi
1639 1429 1835 1462 senectus

198 1493 240 1523 30
260 1485 336 1518 tua
358 1493 442 1517 non
464 1484 507 1517 et
529 1491 706 1529 operosa
727 1480 794 1523 sit,
817 1483 861 1516 et
882 1478 1006 1528 plane
1028 1479 1127 1516 talis
1148 1483 1197 1516 vt
1217 1492 1311 1516 eam
1334 1479 1455 1516 nobis
1476 1480 1725 1517 diuturnam
1748 1479 1836 1517 fore

260 1547 435 1585 sperem.
497 1534 607 1580 Quin
629 1534 819 1572 animum
841 1534 894 1572 ad
917 1547 978 1579 ea,
1001 1546 1108 1583 quae
1131 1538 1179 1571 tu
1202 1534 1323 1571 nobis
1344 1534 1561 1584 praeclara
1585 1547 1730 1584 parere
1752 1547 1836 1572 non

260 1590 428 1635 desinis
455 1589 688 1635 conferens,
718 1589 908 1638 intelligo
936 1588 1051 1626 haud
1083 1589 1260 1626 obscure
1292 1590 1351 1634 iis,
1382 1602 1490 1638 quae
1522 1603 1546 1627 a
1577 1595 1618 1627 te
1649 1590 1837 1639 optimus

261 1646 440 1695 quisque
471 1644 698 1690 desiderat,
729 1656 813 1681 non
849 1644 975 1682 modo
1007 1657 1091 1681 non
1125 1644 1265 1681 orbari
1300 1648 1563 1682 senectutem
1597 1648 1730 1689 tuam,
1764 1643 1837 1681 sed

262 1701 391 1738 etiam
414 1700 569 1749 augeri.
631 1699 785 1749 Vigent
806 1700 919 1736 enim
942 1700 983 1736 in
1007 1703 1048 1736 te
1070 1700 1212 1736 omnia
1232 1712 1293 1744 ea,
1317 1699 1471 1748 quibus
1494 1701 1551 1737 rei
1572 1699 1837 1737 Christianae

203 1766 242 1796 35
263 1755 461 1805 prodesse
479 1754 612 1804 possis
629 1758 672 1792 et
689 1754 803 1791 haud
818 1755 904 1791 scio
918 1767 971 1791 an
990 1755 1122 1803 magis
1138 1754 1267 1791 etiam
1286 1767 1414 1803 quam
1430 1755 1471 1791 in
1489 1758 1631 1792 aetate
1648 1754 1836 1792 florente.

264 1809 380 1856 Quae
401 1809 573 1859 quidem
598 1822 662 1847 res
690 1821 806 1859 spem
833 1809 1022 1847 ostendit
1050 1809 1138 1846 fore
1164 1813 1211 1846 vt
1236 1810 1278 1846 in
1300 1822 1429 1858 quam
1457 1809 1676 1847 ecclesiam
1702 1808 1840 1846 multa

265 1870 341 1903 tua
362 1865 498 1903 officia
518 1868 684 1910 extant,
707 1864 758 1902 de
781 1869 830 1901 ea
851 1864 922 1901 diu
947 1864 1052 1902 bene
1074 1865 1222 1901 mereri
1250 1865 1396 1913 possis.
1457 1864 1599 1914 Atque
1625 1864 1726 1902 haec
1749 1865 1838 1913 qui-

265 1920 360 1958 dem
384 1920 688 1958 amantissimis
710 1919 842 1956 literis
865 1920 950 1956 tuis
972 1924 1232 1969 prouocatus
1254 1919 1478 1956 scribenda
1500 1921 1664 1969 putaui,
1684 1932 1767 1956 non
1790 1922 1839 1955 vt

266 1980 308 2012 te
343 1976 426 2012 ista
455 1978 598 2012 aetate
634 1978 766 2023 atque
796 1975 1032 2011 autoritate
1063 1975 1202 2011 virum
1234 1974 1321 2023 ipse
1354 1974 1480 2012 homo
1512 1975 1677 2012 iuuenis
1709 1978 1840 2023 atque

205 2041 247 2071 40
267 2029 383 2067 rudis
410 2042 639 2074 monerem,
666 2029 739 2066 sed
768 2034 816 2066 vt
844 2030 885 2066 in
914 2041 1039 2078 quem
1069 2041 1134 2066 me
1162 2028 1336 2066 duceres
1365 2042 1601 2066 sermonem
1631 2041 1837 2078 sequerer.

267 2085 317 2122 In
335 2096 420 2134 quo
442 2085 532 2134 ipso
554 2084 656 2122 dum
680 2084 937 2121 breuitatem
961 2084 1064 2129 vito,
1084 2083 1301 2121 verbosior
1321 2088 1364 2121 et
1387 2085 1571 2134 ineptior
1593 2084 1732 2121 nescio
1755 2096 1839 2132 quo

267 2144 395 2190 pacto
416 2139 477 2178 fui
499 2152 627 2188 quam
649 2139 828 2176 deceret.

324 2194 456 2232 Venio
485 2206 597 2231 nunc
625 2194 680 2231 ad
712 2193 868 2231 Iulium
897 2192 1123 2231 Camillum
1153 2198 1197 2231 et
1224 2194 1510 2243 Augustinum
1541 2193 1838 2243 Eugubinum:

269 2262 449 2298 quorum
478 2249 663 2286 alterum
692 2261 786 2286 cum
817 2248 1004 2286 Venetiis
1031 2262 1163 2286 essem
1193 2248 1243 2286 de
1271 2249 1377 2286 facie
1407 2250 1506 2286 noui
1535 2253 1718 2293 tantum,
1747 2260 1842 2285 cum

208 2320 249 2352 45
269 2304 405 2342 altero
428 2316 527 2341 vero
549 2316 796 2353 congressus
816 2307 861 2341 et
882 2303 1051 2341 locutus
1073 2316 1166 2341 sum
1193 2316 1329 2353 saepe,
1353 2304 1426 2353 qui
1457 2316 1521 2340 me
1550 2316 1599 2341 ea
1628 2316 1670 2341 re
1699 2303 1842 2340 deuin-

270 2359 410 2396 ciebat
440 2359 532 2404 sibi,
561 2358 676 2408 quod
707 2358 810 2396 mihi
841 2359 1180 2408 quotiescunque
1211 2358 1362 2396 vellem
1394 2358 1553 2396 faceret
1583 2361 1844 2408 potestatem

270 2413 512 2451 introeundi
540 2413 844 2451 bibliothecam
873 2413 1148 2451 Antoninam.
1209 2413 1588 2463 Amphitheatrum
1617 2412 1784 2451 Camilli
1813 2412 1846 2448 si

270 2481 363 2506 eam
392 2468 513 2505 nobis
535 2468 769 2506 vtilitatem
798 2467 946 2505 afferre
974 2472 1118 2517 posset
1147 2481 1275 2517 quam
1304 2467 1540 2518 pollicetur,
1570 2467 1749 2505 libenter
1777 2479 1843 2504 me

271 2523 452 2561 facerem
475 2535 607 2560 vnum
629 2536 651 2561 e
672 2522 986 2573 spectatoribus
1008 2523 1049 2560 in
1070 2535 1132 2560 eo.
1193 2523 1253 2560 Ac
1276 2524 1309 2560 si
1330 2522 1446 2572 apud
1467 2526 1510 2560 te
1535 2522 1845 2571 disceptantem

212 2594 253 2623 50
272 2590 443 2615 causam
466 2577 581 2622 dicit,
604 2577 862 2627 Eloquentia
884 2578 967 2615 iam
990 2578 1104 2615 vicit.
1163 2577 1275 2615 Nam
1299 2578 1347 2625 (si
1370 2581 1412 2615 te
1434 2577 1538 2615 bene
1560 2578 1676 2624 noui)
1700 2580 1848 2613 contra

272 2645 365 2670 eam
393 2645 613 2681 nunquam
642 2636 690 2669 tu
721 2636 900 2677 statues,
929 2633 1048 2669 cuius
1080 2632 1280 2670 beneficio
1312 2636 1460 2670 tantus
1487 2645 1542 2677 es,
1572 2636 1621 2669 vt
1652 2632 1774 2670 viuas
1805 2631 1847 2667 in

273 2687 405 2725 oculis
426 2687 614 2724 omnium
636 2687 722 2725 fere
743 2687 944 2737 gentium.
1005 2686 1160 2736 Itaque
1181 2686 1285 2724 nihil
1307 2687 1486 2724 attinuit
1507 2685 1731 2724 Camillum
1754 2697 1847 2722 eam

273 2742 328 2779 ad
367 2741 495 2792 pedes
534 2746 632 2779 tuos
673 2742 863 2779 abiicere.
924 2740 1004 2779 Sed
1042 2741 1101 2778 illi
1137 2742 1281 2791 potius
1315 2741 1513 2792 placandi
1547 2741 1735 2785 fuerunt,
1775 2740 1847 2788 qui

273 2800 432 2846 negant
459 2809 554 2834 cum
581 2796 826 2846 eloquentia
853 2797 1135 2846 cognitionem
1167 2808 1306 2834 rerum
1337 2797 1533 2846 coniungi
1563 2808 1698 2846 posse,
1728 2794 1848 2844 quasi

216 2865 255 2896 55
275 2864 375 2889 vero
396 2852 617 2901 inquinate
638 2851 755 2901 loqui
776 2852 832 2889 sit
853 2864 1010 2901 sapere.

568 2981 621 3012 43.
649 2973 857 3011 Camillum]
875 2973 941 3004 See
958 2973 1054 3014 Epp.
1074 2975 1170 3013 2632.
1193 2982 1305 3013 177n.‚
1326 2973 1420 3003 2682.
1442 2982 1564 3003 21-211.
