1966 3379
289 102 365 138 128
716 101 974 141 LETTERS
1005 101 1075 141 OF
1106 101 1372 140 ERASMUS
1735 104 1856 152 [1532

341 204 380 242 S.
401 205 444 242 P.
506 205 715 243 Preterito
737 206 885 256 Aprili,
904 207 1077 244 Erasme
1100 206 1340 252 clarissime,
1359 206 1559 244 schedam
1584 206 1664 244 huc
1681 208 1856 245 miseras

286 273 337 296 ex
359 261 478 297 euius
500 262 733 310 prescripto
752 262 968 310 puluerem
988 262 1230 311 Ephorinus
1248 262 1326 299 tibi
1344 261 1457 311 apud
1475 261 1852 311 pharmacopolam

289 314 375 351 fieri
397 319 637 352 curauerat.
698 316 952 366 Interpellor
980 316 1214 354 identidem
1242 317 1295 354 ab
1323 318 1413 354 eius
1442 316 1621 365 hospite,
1651 329 1747 353 sene
1776 317 1854 354 tibi

286 381 370 406 non
394 370 550 417 ignoto,
574 374 622 407 vt
644 383 736 407 meo
758 372 995 420 patrocinio
1016 371 1092 408 abs
1118 375 1160 408 te
1188 371 1375 409 eiusdem
1404 371 1582 408 schedae
1610 370 1853 420 exemplum

249 437 266 466 5
287 425 515 473 impetrare
538 425 675 463 liceat.
719 425 830 463 Nam
852 438 901 463 eo
922 426 1097 475 puluere
1119 438 1161 463 se
1183 430 1272 463 tam
1297 426 1401 464 bene
1419 426 1621 463 affectum
1639 430 1855 463 asseuerat

288 479 367 526 (vti
397 480 509 516 enim
535 479 683 517 eodem
714 480 834 518 licuit
862 493 913 518 ex
940 480 1146 531 Ephorini
1175 480 1480 527 munificentia)
1511 484 1560 517 vt
1588 480 1667 517 sibi
1695 480 1855 518 multos

285 546 418 570 annos
439 546 491 570 ex
512 535 601 571 eius
623 548 700 572 vsu
723 535 987 584 polliceatur.
1038 535 1102 573 Tu
1124 535 1184 572 illi
1206 537 1247 572 in
1269 535 1623 573 communicando
1644 535 1853 584 exemplo,

285 589 319 625 si
340 588 566 626 molestum
588 602 673 626 non
694 595 771 634 est,
796 603 953 627 morem
975 603 1117 639 gerere
1138 603 1190 628 ne
1211 591 1397 639 graueris
1418 602 1530 639 rogo.

340 642 463 688 Quod
485 649 677 693 preterea
698 644 880 682 scribam
902 645 1006 682 nihil
1029 658 1139 682 nunc
1162 646 1364 695 temporis
1386 645 1582 689 occurrit,
1605 645 1684 682 nisi
1706 648 1748 682 te
1774 645 1855 682 mei

228 711 266 731 10
285 697 512 735 aduersum
535 701 626 747 <te>
648 699 778 736 studii
804 704 848 736 et
873 700 1170 737 obseruantiae
1198 700 1419 737 admoneri
1448 700 1636 749 patiaris
1697 699 1854 737 Verum

286 753 368 789 iam
391 752 491 790 olim
514 754 603 798 tibi,
627 759 675 791 vt
696 754 894 800 arbitror,
910 767 1112 804 persuasa
1134 755 1364 804 repetenda
1386 767 1471 791 non
1492 758 1606 792 sunt.
1652 754 1707 791 Vt
1725 754 1855 792 verbo

285 807 436 853 dicam,
459 809 538 845 scis
559 821 625 846 me
647 813 769 846 tuum
791 822 841 846 ex
864 810 1006 847 animo
1026 814 1070 847 et
1091 810 1195 847 nihil
1219 822 1301 847 non
1323 814 1399 847 tua
1420 822 1546 847 causa
1568 809 1704 846 facere
1733 821 1854 858 para-

286 866 391 900 tum.
451 862 576 908 Cura,
605 877 774 912 quaese,
806 864 1109 909 valetudinem,
1139 866 1172 902 si
1200 877 1275 902 nos
1304 864 1444 902 saluos
1473 864 1589 909 velis,
1616 863 1770 912 quibus
1798 867 1854 909 te,

286 921 335 954 vt
356 917 424 954 ille
446 918 598 966 inquit,
622 920 712 956 vita
734 918 781 956 fit
803 920 1034 968 superstite
1058 920 1254 964 iucunda,
1278 920 1310 956 si
1332 923 1493 964 contra,
1516 920 1669 968 grauis.

230 984 266 1013 15
343 972 458 1009 onr
494 986 570 1022 pro
605 975 854 1023 tragematis
889 975 1049 1023 gratias
1088 976 1177 1024 agit
1216 974 1493 1019 immortales,
1535 986 1630 1010 cum
1671 973 1855 1022 primum

286 1026 460 1064 domum
478 1028 650 1065 redierit
671 1041 760 1066 sese
781 1034 1028 1066 curaturam
1045 1029 1225 1066 offerens
1247 1042 1297 1066 ne
1315 1031 1482 1078 ingrata
1498 1028 1626 1066 fuisse
1644 1028 1855 1065 videatur.

286 1081 475 1119 Aduexit
498 1082 577 1120 huc
596 1096 729 1133 nuper
752 1096 859 1120 vnus
880 1097 932 1121 ex
950 1084 1290 1134 pharmacopolis
1308 1083 1683 1134 myrobalanorum
1702 1082 1854 1120 chehu-

286 1136 423 1174 lorum
456 1138 690 1175 vasculum.
752 1137 793 1175 Si
825 1139 888 1175 his
919 1140 1156 1177 etiamnum
1187 1139 1543 1177 delecteris—nisi
1574 1139 1686 1175 enim
1717 1137 1854 1182 fallor,

286 1191 436 1229 horum
453 1205 580 1230 causa
593 1192 791 1231 Carolum
811 1195 1025 1243 preteritis
1041 1195 1162 1231 annis
1178 1194 1375 1232 Venetias
1394 1195 1634 1238 miseras—,
1650 1191 1856 1241 significes

225 1257 267 1278 20
286 1259 398 1296 rogo.
461 1247 596 1295 [Idem
619 1252 662 1285 et
683 1249 933 1286 citrinorum
955 1249 1224 1287 conditorum
1247 1250 1324 1297 (ita
1345 1250 1457 1286 enim
1479 1247 1684 1298 apellant)
1709 1259 1855 1284 vascu-

285 1301 373 1338 lum
396 1303 544 1351 vexit.]
604 1302 718 1340 Bene
741 1303 846 1341 vale.

340 1356 406 1393 Ab
427 1357 597 1395 Alciato
619 1358 708 1395 heri
730 1358 896 1396 litteras
916 1360 1071 1409 accepi,
1094 1360 1135 1396 in
1157 1358 1311 1408 quibus
1333 1371 1374 1396 se
1397 1358 1624 1396 reualuisse
1647 1357 1856 1407 significat

286 1414 330 1448 et
352 1411 431 1448 tibi
453 1425 582 1461 quam
605 1414 898 1463 operosissime
920 1414 1207 1452 commendari
1228 1415 1359 1464 cupit.

343 1466 555 1505 Postridie
579 1467 628 1506 D.
653 1467 921 1507 Catharinae.

685 1633 814 1671 2741.

335 1720 561 1766 Esterhazy
580 1721 662 1755 MS.
683 1733 721 1766 p.
744 1723 827 1755 288.
1532 1721 1661 1755 Mons.

335 1770 417 1804 OE.
439 1773 522 1812 265.
1384 1774 1430 1805 20
1449 1771 1680 1805 November
1702 1779 1806 1812 1532.

330 1837 422 1875 [The
438 1838 525 1869 date
543 1838 580 1869 of
598 1839 672 1869 this
689 1839 799 1870 letter
813 1839 841 1869 is
855 1839 1115 1870 corroborated
1131 1840 1178 1880 by
1191 1840 1297 1871 other
1311 1839 1438 1871 letters
1456 1839 1492 1869 in
1507 1838 1583 1869 OE.
1598 1839 1746 1869 written
1765 1837 1858 1868 from

286 1881 390 1913 Mons
408 1883 443 1913 in
462 1883 670 1914 November
686 1882 761 1913 and
778 1884 979 1914 December
999 1885 1107 1923 1532]

741 1954 798 1980 AD
821 1954 1032 1981 ERASMVM
1054 1954 1389 1981 ROTERODAMVM
1396 1975 1403 1981 .

879 1630 1018 1672 FROM
1043 1630 1286 1672 NICHOLAS
1309 1629 1457 1672 OLAH.

342 2013 468 2052 ADEO
491 2014 669 2052 turbato
690 2015 832 2052 animo
853 2015 1039 2052 ferebam
1061 2016 1323 2053 mansionem
1340 2019 1529 2052 nostram
1547 2014 1746 2059 Binsien.,
1765 2017 1857 2051 tum

287 2073 462 2118 propter
483 2069 641 2107 multas
669 2082 831 2115 causas,
854 2074 947 2107 tum
976 2071 1160 2108 maxime
1185 2074 1359 2120 propter
1387 2070 1563 2131 hospicii
1592 2070 1672 2106 mei
1700 2070 1856 2106 incom-

287 2124 540 2161 moditatem
568 2137 616 2162 ac
643 2125 822 2174 hospitis
848 2125 1160 2169 temulenciam
1188 2125 1253 2162 vel
1283 2126 1428 2175 pocius
1457 2125 1679 2169 insaniam,
1708 2128 1756 2161 vt
1784 2124 1856 2160 vix

287 2179 604 2229 expectauerim
627 2192 703 2217 nos
725 2179 779 2216 ab
802 2179 873 2216 illa
890 2179 1087 2217 molestia
1109 2179 1278 2217 liberari
1299 2193 1347 2217 ac
1365 2180 1446 2217 huc
1464 2179 1633 2228 BergaS‚
1652 2178 1856 2228 oppidum

249 2237 331 2272 5et
365 2234 683 2271 amenissimum
719 2238 762 2271 et
799 2234 1042 2272 hominibus
1078 2234 1276 2272 humanis
1312 2234 1530 2279 refertum,
1566 2234 1855 2283 commigrare.

290 2287 489 2326 Venimus
520 2289 601 2326 huc
630 2289 944 2327 nudiustereius
972 2302 1067 2327 cum
1096 2295 1259 2339 quanta
1289 2266 1562 2340 popularium
1590 2288 1743 2333 leticia,
1773 2300 1858 2337 qua

332 2371 428 2402 2740.
453 2382 484 2411 4.
512 2372 707 2412 patricinio
724 2371 806 2403 MS.

288 2415 360 2446 lam
380 2415 508 2446 deleuit
525 2416 753 2456 Bom'facius.

892 2381 944 2402 21.
971 2373 1073 2403 vexit
1091 2373 1326 2412 scripsimus:
1353 2373 1456 2403 venit
1473 2371 1564 2402 MS:
1591 2376 1698 2402 totam
1715 2371 1857 2402 clausu-

889 2417 1084 2449 2741.¹,T1T.
1113 2425 1405 2447 ROTERODANVM
1421 2414 1504 2446 MS.

332 2525 427 2555 2740.
455 2535 485 2564 3.
511 2525 672 2566 hospite]
687 2526 762 2556 Not
776 2525 884 2556 Peter
895 2526 987 2556 Rich
999 2536 1039 2556 as

288 2569 413 2599 stated
445 2569 482 2599 in
515 2569 583 2609 Ep.
618 2571 715 2599 2606.
761 2578 841 2607 5111,
874 2569 943 2600 but
975 2570 1039 2600 the

290 2612 465 2653 ‘hospes'
491 2612 529 2643 of
554 2613 623 2654 Ep.
650 2623 747 2652 2539-
773 2623 834 2653 47;
868 2613 913 2644 of.
940 2613 1036 2654 Epp.

287 2666 384 2697 2744·
404 2666 434 2695 3,
454 2666 548 2696 2749-
568 2665 599 2695 5,
618 2666 714 2696 2755-
737 2667 786 2687 11·

335 2710 385 2740 14.
412 2699 470 2730 ille
496 2701 630 2741 inquit]
657 2701 722 2732 See
748 2702 838 2732 Hor.
866 2701 980 2741 Epod.
1010 2711 1036 2731 1.

288 2748 363 2784 5—6.

334 2797 383 2827 17.
408 2788 733 2828 myrobalanorum
785 2789 1039 2827 ehebulorum]

287 2833 474 2873 Cognatus
508 2833 585 2863 also
623 2834 808 2864 mentions
849 2833 1038 2872 ‘myroba-

289 2877 456 2907 lanorum
495 2877 751 2907 ohebulorum'
793 2878 829 2907 in
869 2877 953 2917 Cog.
996 2877 1036 2906 E.

290 2931 324 2961 p.
339 2930 412 2960 300.
462 2922 470 2933 ⁴
484 2920 713 2960 Myrobahan,
732 2931 753 2951 a
770 2931 877 2951 name
890 2920 1038 2960 applied

288 2970 328 2995 to
344 2964 484 2995 certain
501 2964 604 2994 dried
625 2964 734 2995 fruits
751 2965 823 2995 and
842 2964 985 2995 kernels
1002 2965 1039 2995 of

1107 2527 1313 2567 astringent
1347 2526 1501 2562 flavour,
1538 2525 1606 2556 but
1641 2525 1679 2556 of
1718 2525 1858 2555 several

1107 2571 1246 2609 species
1266 2594 1272 2600 .
1294 2595 1299 2600 .
1322 2594 1327 2600 .
1348 2570 1465 2600 which
1483 2569 1555 2600 had
1570 2579 1591 2600 a
1604 2570 1691 2610 high
1709 2572 1857 2609 reputa-

1107 2615 1187 2645 tion
1200 2615 1236 2644 in
1249 2615 1312 2644 the
1323 2613 1504 2644 medieval
1517 2613 1825 2654 pharmacopoeia
1837 2613 1857 2648 ’‚

1107 2668 1166 2688 see
1185 2658 1290 2691 Yule,
1306 2658 1447 2688 Hobson
1465 2657 1621 2693 Jobson;
1648 2657 1693 2687 he
1710 2667 1856 2687 enume-

1107 2706 1205 2732 rates
1227 2711 1244 2740 5
1263 2702 1434 2732 different
1459 2702 1587 2732 kinds:
1621 2701 1684 2731 the
1703 2700 1857 2736 Embhe,

1108 2746 1171 2776 the
1197 2746 1360 2779 Belleric,
1379 2746 1442 2776 the
1460 2745 1644 2781 Chebulic‚
1657 2745 1720 2775 the
1738 2744 1857 2780 black,

1107 2790 1181 2820 and
1199 2790 1261 2820 the
1278 2789 1417 2830 yellow.

1154 2843 1203 2870 11).
1223 2833 1406 2871 Carolum]
1423 2833 1465 2863 In
1480 2833 1543 2864 the
1555 2836 1712 2863 autumn
1726 2832 1763 2862 of
1777 2840 1858 2870 1525

1107 2877 1255 2908 Charles
1274 2877 1389 2908 Harst
1407 2876 1582 2907 returned
1600 2876 1694 2906 from
1711 2876 1855 2911 Venice,

1108 2921 1277 2961 bringing
1323 2921 1510 2951 Erasmus'
1560 2923 1567 2934 ⁶
1581 2919 1808 2960 myrobalani
1825 2919 1832 2929 '
1849 2930 1857 2953 ;

1107 2975 1166 2995 see
1184 2965 1252 3004 Ep.
1276 2967 1369 3005 1674.
1392 2974 1468 2995 1111.
