1966 3379
239 158 261 193 8
667 156 924 195 LETTERS
955 156 1025 195 OF
1055 157 1320 196 ERASMUS
1681 161 1802 207 [1532

238 261 395 298 amicos
424 274 549 306 meos,
573 261 624 298 ad
649 275 822 311 superos
844 262 937 298 hinc
961 262 1198 304 decessisse,
1221 276 1321 311 qum
1351 263 1401 299 de
1430 275 1478 299 co
1508 262 1609 300 nihil
1633 276 1804 312 prorsus

238 315 540 353 intellexissem
564 317 644 353 iam
673 320 741 353 tot
768 329 911 353 annos.
974 316 1110 353 'Huius
1134 317 1314 366 epistola
1341 330 1469 366 quam
1495 317 1548 354 ad
1581 330 1646 354 me
1674 318 1727 354 ab
1755 331 1804 355 eo

237 375 365 407 antea
395 371 539 408 datam
573 371 733 415 scribis,
766 372 799 407 si
831 371 932 408 mihi
962 371 1129 408 reddita
1155 372 1316 415 fuisset,
1346 376 1389 409 ct
1417 373 1718 421 rescripsissem
1750 373 1801 410 ad

176 443 218 471 90
237 437 333 462 eum
357 425 646 466 libentissime,
668 430 711 463 ct
734 425 835 462 hacc
856 425 1036 462 felicitas
1058 439 1184 474 qnam
1207 439 1257 463 cx
1280 427 1367 463 cius
1390 427 1683 464 incolumitate
1712 431 1804 464 toto

200 1361 217 1390 5

181 1634 219 1655 10

183 1906 220 1936 15

182 2178 224 2201 20

237 481 379 516 animo
401 481 551 523 sentio,
570 486 734 529 quanto
757 481 1052 529 tempestiuior
1074 485 1198 518 tanto
1221 481 1322 518 mihi
1346 483 1477 519 maior
1498 486 1539 519 et
1563 482 1805 519 diuturnior

236 534 385 572 fuisset
407 536 508 572 visa.

293 589 395 627 Vale
417 602 468 627 ex
493 589 732 627 Ratisbona
754 589 823 628 Kl.
847 589 1015 639 Aprilis,
1039 601 1276 628 M.D.xxxli.

583 780 711 818 2639.
778 777 914 817 Fizon
948 777 1143 817 JEROME
1178 779 1457 818 ALEANDER.

287 855 460 889 Vatican
481 855 563 889 MS.
585 856 675 889 Lat.
698 857 805 899 8075,
828 856 854 889 f.
878 865 935 899 71.
1516 857 1730 891 Ratisbon.

1480 917 1492 939 1
1517 907 1629 951 April
1652 917 1756 949 1532.

280 988 367 1026 [For
384 989 447 1019 the
466 997 526 1019 MS.
545 989 617 1019 and
637 989 699 1019 the
717 989 1003 1019 circumstances
1021 989 1057 1019 ol'
1076 989 1150 1020 this
1168 989 1278 1020 letter
1297 1000 1354 1019 sce
1372 989 1440 1029 Ep.
1464 992 1546 1029 2038
1565 990 1718 1027 introd.]

850 1063 989 1088 EIDEM
1014 1063 1187 1089 ERASMO

291 1121 387 1160 CVM
409 1121 614 1172 Glapione
638 1136 721 1160 non
739 1123 842 1160 nihil
862 1123 963 1160 mihi
982 1123 1183 1172 rubiginis
1202 1124 1439 1160 intercessit
1455 1128 1556 1161 ante
1577 1124 1805 1161 discessum

238 1182 431 1215 nostrum
464 1191 488 1215 a
516 1177 765 1222 Wormatia,
792 1191 922 1227 quum
950 1178 1270 1215 dissentiremus
1294 1178 1346 1215 de
1372 1179 1601 1228 republica,
1625 1180 1734 1216 sicut
1756 1179 1807 1216 de

237 1246 279 1270 rc
301 1233 471 1282 priuata
489 1247 495 1275 ;
528 1245 623 1269 011111
642 1237 796 1282 nepote
814 1236 884 1269 τοῦ
902 1232 1196 1282 Ἀργεντινείου
1214 1232 1446 1278 ἐπισκόπου,
1466 1234 1547 1270 iam
1567 1238 1659 1270 tum
1676 1234 1805 1271 etiam

237 1300 369 1336 quum
392 1287 563 1325 Parisiis
584 1300 826 1337 ageremus;
855 1288 949 1325 vide
972 1289 1101 1338 igitur
1122 1301 1250 1337 quam
1273 1289 1327 1325 sit
1349 1288 1605 1325 credendum
1628 1289 1676 1325 iis
1698 1302 1807 1337 quac

238 1344 279 1380 in
301 1355 367 1379 me
384 1342 571 1380 dixerint
588 1356 595 1387 3
621 1346 664 1380 et
686 1347 734 1380 tu
751 1343 911 1392 optime
930 1344 1043 1380 nosti
1060 1356 1188 1392 quam
1210 1343 1339 1380 fuerit
1355 1342 1575 1393 Glapionis
1593 1344 1807 1391 ingenium

238 1396 524 1447 ἀκατάληπτον
551 1395 618 1434 καὶ
646 1397 982 1446 δυσεπίγνωστον·
1016 1398 1129 1447 quod
1158 1402 1201 1436 et
1229 1402 1276 1435 tu
1303 1398 1489 1446 quodam
1521 1399 1562 1435 in
1592 1398 1682 1435 loco
1710 1399 1806 1435 scri-

238 1453 373 1502 psisti.
432 1452 544 1490 Nam
571 1453 604 1489 si
635 1453 773 1490 verbis
805 1452 1061 1503 bibliopolae
1093 1453 1206 1490 illius
1230 1452 1355 1497 Galli,
1385 1454 1457 1502 qui
1490 1453 1676 1490 Venetiis
1706 1454 1806 1502 agit,

238 1507 419 1544 hominis
450 1511 543 1544 tum
576 1511 726 1556 suopte
758 1508 938 1557 ingenio,
970 1512 1063 1545 tum
1095 1511 1301 1557 perpetua
1326 1509 1546 1557 potatione
1577 1508 1738 1557 stupidi
1765 1511 1808 1545 et

239 1575 335 1600 vere
366 1562 499 1607 bardi,
523 1562 589 1599 vel
612 1563 831 1600 minimam
858 1563 1089 1600 scintillam
1118 1562 1215 1600 fidei
1243 1562 1398 1600 habere
1427 1567 1469 1600 te
1492 1566 1701 1612 putarem,
1724 1563 1807 1600 iam

239 1617 342 1654 mihi
364 1617 567 1654 Erasmus
588 1630 675 1654 esse
704 1617 908 1655 Erasmus
929 1618 1165 1664 desineret3
1196 1622 1240 1655 et
1262 1622 1418 1662 tamen,
1443 1623 1491 1655 vt
1513 1617 1662 1667 colligo
1683 1630 1704 1655 e
1725 1630 1808 1655 non

239 1671 365 1709 nullis
401 1672 486 1709 tuis
521 1673 700 1721 scriptis,
734 1685 818 1710 non
854 1685 1004 1722 parum
1041 1673 1119 1710 tibi
1155 1674 1377 1722 persuasit,
1412 1673 1453 1710 id
1485 1672 1598 1721 quod
1630 1673 1809 1710 fortasse

239 1727 413 1776 putauit
430 1731 471 1763 te
490 1726 670 1764 libenter
686 1727 845 1772 audire,
864 1739 929 1764 me
947 1727 1019 1765 diu
1036 1732 1250 1777 noctuque
1267 1728 1308 1764 in
1327 1729 1412 1764 tuis
1430 1727 1545 1764 libris
1561 1727 1810 1764 euoluendis

240 1783 453 1819 intentum
475 1794 576 1827 esse,
604 1786 651 1818 vt
676 1782 835 1819 scilicet
868 1782 1031 1831 aliquid
1063 1783 1159 1820 inde
1190 1783 1381 1820 elicerem
1410 1782 1525 1831 quod
1553 1782 1619 1819 vel
1641 1783 1809 1831 scriptis

239 1837 342 1873 meis
382 1840 530 1886 postea
571 1837 866 1886 improbarem,
901 1837 967 1874 vel
1007 1837 1061 1874 ad
1096 1837 1321 1875 Albertum
1363 1838 1714 1874 transmitterem.
1775 1836 1808 1873 O

241 1904 399 1928 meram
422 1892 655 1940 miramque
680 1892 902 1936 insaniam,
930 1892 995 1929 vel
1024 1905 1176 1938 meam,
1209 1894 1243 1930 si
1272 1893 1312 1930 id
1342 1892 1545 1937 fecissem,
1576 1891 1643 1929 vel
1672 1891 1809 1928 multo

240 1947 373 1995 magis
413 1945 547 1991 tuam,
588 1947 621 1983 si
661 1946 703 1983 id
743 1946 982 1984 credidistil
1043 1947 1312 1985 Laborabam
1350 1952 1441 1984 tum
1474 1959 1551 1995 ego
1588 1946 1808 1995 (quamdiu

242 2001 428 2038 Venetiis
450 2000 526 2048 fui)
549 2000 708 2050 duplici
730 2006 954 2050 quartana,
971 2005 1014 2038 et
1036 2003 1069 2038 si
1091 2002 1205 2051 quod
1224 2003 1325 2039 mihi
1343 2001 1658 2051 tempusculum
1680 2002 1807 2038 inter-

241 2055 392 2092 calaris
414 2056 568 2104 quietis
598 2055 795 2101 dabatur,
823 2056 864 2093 id
892 2060 1034 2094 totum
1067 2057 1342 2106 Reipublicae
1368 2056 1698 2106 impendendum
1727 2055 1810 2093 fuit

242 2111 420 2160 pacique
442 2111 552 2147 inter
573 2109 807 2155 Caesarem,
825 2115 868 2148 et
890 2111 1073 2148 Venetos
1096 2111 1399 2161 procurandae,
1418 2112 1536 2148 cuius
1558 2111 1660 2148 mihi
1686 2123 1807 2160 nego-

243 2165 353 2202 cium
370 2164 568 2202 Pontifex
582 2177 656 2214 per
670 2165 814 2202 literas
829 2165 1016 2203 dederat.
1055 2166 1111 2203 Et
1126 2168 1358 2215 potuissem
1375 2167 1678 2203 semimortuus
1691 2170 1734 2202 et
1750 2167 1810 2202 ita

243 2224 477 2270 occupatus
498 2220 590 2257 istis
612 2221 782 2270 ineptiis
803 2220 904 2258 dare
926 2233 1110 2270 operam,
1129 2234 1153 2259 a
1168 2221 1323 2270 quibus
1343 2225 1386 2258 et
1408 2233 1581 2270 corpore
1602 2225 1646 2258 et
1667 2225 1809 2258 mente

288 2341 384 2371 2639.
413 2351 441 2372 1.
467 2341 660 2381 Glapione]
708 2341 751 2372 111
797 2342 860 2372 the
906 2342 993 2382 only

243 2386 353 2416 letter
376 2385 494 2415 which
523 2385 567 2415 he
599 2389 712 2416 wrote
740 2389 779 2416 to
812 2385 994 2417 Aleander

244 2429 362 2460 which
383 2429 411 2459 is
436 2433 568 2459 extant
591 2429 676 2469 (Ep.
700 2431 797 2469 1482)
818 2430 994 2460 Erasmus

244 2474 334 2504 cites
372 2473 529 2512 Glapion
567 2472 641 2503 and
677 2474 740 2503 the
779 2474 918 2514 Bishop
957 2474 994 2504 of

246 2517 476 2557 Strasbourg,
496 2527 536 2546 as
556 2518 745 2557 reporting
762 2521 800 2548 to
818 2518 892 2548 him
910 2518 994 2548 that

246 2560 428 2591 Aleander
455 2560 632 2591 traduced
658 2561 732 2591 him
757 2566 797 2592 to
821 2562 885 2592 the
910 2562 993 2591 Em-

246 2614 364 2645 peror.
419 2604 484 2634 We
518 2608 619 2634 must
650 2614 811 2645 suppose
842 2606 926 2636 that.
958 2606 995 2635 in

246 2648 393 2687 writing
423 2648 487 2678 the
522 2648 631 2678 letter
661 2649 778 2679 which
814 2649 997 2679 Aleander

246 2702 327 2722 now
341 2702 500 2722 answers
517 2692 561 2722 he
575 2691 647 2722 had
660 2693 767 2732 again
781 2693 939 2723 referred
956 2697 996 2723 to

247 2736 351 2766 these
374 2740 447 2765 two
469 2745 633 2774 persons,
654 2746 695 2766 or
719 2736 790 2766 else
815 2737 900 2767 that
925 2737 994 2776 Ep.

251 2779 330 2818 1482
370 2789 444 2809 was
483 2789 617 2819 among
656 2780 719 2810 the
759 2781 924 2820 writings
959 2781 996 2810 of

248 2823 424 2853 Erasmus
443 2826 482 2853 to
502 2823 619 2853 which
644 2823 707 2853 the
734 2825 893 2854 ‘amicus
916 2825 994 2864 qui-

248 2866 332 2896 dam
359 2867 562 2896 communis
585 2867 730 2897 noster’
754 2868 792 2897 of
815 2868 837 2898 l.
862 2877 898 2906 51
924 2867 995 2898 had

248 2909 362 2940 called
379 2909 591 2940 Aleander's
607 2911 806 2941 attention.

293 2963 323 2984 2.
350 2951 566 2991 wormatia]
600 2954 757 2994 Glapion
795 2955 867 2985 had
904 2956 996 2985 been

250 2997 461 3028 Aleander's
488 2998 661 3037 adjutant
688 3003 727 3028 at
755 2999 818 3029 the
846 2999 933 3029 Diet
959 2999 997 3029 of

1061 2342 1216 2373 XVorms.

1107 2396 1136 2425 3.
1163 2387 1312 2426 nepote]
1345 2386 1421 2416 The
1453 2386 1592 2426 Bishop
1623 2386 1661 2416 of
1693 2386 1809 2417 Stras-

1062 2431 1178 2470 bourg
1190 2441 1264 2460 was
1276 2430 1433 2460 william
1445 2430 1482 2460 of
1494 2430 1724 2460 Hohenstein
1738 2432 1811 2467 (see

1063 2475 1132 2514 Ep.
1149 2483 1242 2514 1454.
1258 2475 1350 2511 1011).
1394 2474 1577 2504 Aleander
1589 2474 1811 2514 apparently

1063 2528 1189 2548 means
1217 2519 1300 2548 that
1325 2518 1388 2548 the
1412 2517 1659 2557 disagreeable
1688 2518 1811 2557 things

1063 2562 1140 2592 said
1166 2562 1215 2602 by
1239 2563 1302 2591 the
1327 2562 1465 2601 Bishop
1490 2572 1582 2591 were
1607 2566 1646 2592 to
1671 2562 1715 2592 be
1740 2561 1810 2591 dis-

1063 2605 1222 2636 counted
1236 2606 1283 2645 by
1293 2606 1356 2635 the
1366 2606 1441 2636 fact
1452 2606 1535 2636 that
1546 2605 1589 2635 he
1600 2605 1810 2641 (Aleander)

1063 2649 1136 2679 and
1149 2650 1211 2679 the
1224 2649 1395 2689 Bishop's
1409 2650 1563 2689 nephew
1574 2649 1646 2679 had
1660 2649 1751 2679 been
1763 2659 1810 2679 on

1065 2693 1136 2723 bad
1164 2697 1278 2723 terms
1305 2694 1410 2723 when
1439 2694 1528 2732 they
1556 2703 1649 2723 were
1676 2697 1716 2723 at
1746 2693 1811 2723 the

1064 2737 1268 2776 university
1285 2737 1322 2767 of
1340 2737 1441 2766 Paris
1458 2737 1638 2776 together.

1108 2783 1140 2811 6.
1165 2781 1326 2820 quodam
1345 2781 1380 2810 in
1399 2780 1490 2818 loco]
1509 2780 1553 2810 In
1571 2781 1634 2810 the
1650 2780 1811 2820 Sponyia

1064 2823 1136 2854 LB.
1175 2834 1209 2854 x.
1254 2826 1406 2863 1647B—F
1445 2825 1621 2854 Erasmus
1659 2824 1811 2854 defends

1064 2868 1209 2898 himself
1236 2868 1329 2898 from
1358 2868 1422 2897 the
1450 2868 1579 2908 charge
1607 2867 1645 2898 of
1676 2868 1812 2907 having

1063 2911 1281 2951 disparaged
1297 2911 1466 2951 Glapion.

1109 2965 1139 2994 7.
1166 2955 1387 2995 bibliopolae
1420 2979 1427 2986 .
1463 2979 1470 2986 .
1505 2979 1512 2986 .

1065 3009 1180 3029 seems
1198 2998 1394 3029 indicated.

1555 2954 1663 2993 Galli]
1703 2955 1811 2986 Dolet
