1966 3379
270 113 348 150 378
727 112 986 150 LETTERS
1016 112 1087 151 or
1116 113 1384 152 ERASMUS
1717 119 1840 166 [1534

326 218 539 267 Rescripsi
563 218 648 255 filio
670 223 757 263 tuo,
780 217 966 255 arbitror
988 218 1176 255 redditas
1197 231 1286 255 esse
1308 218 1486 256 litteras.

323 272 478 309 Scribis
510 274 843 310 instrumentum
877 285 1144 322 comparere:
1182 273 1254 310 sed
1286 274 1449 310 vtinam
1482 274 1535 311 ad
1568 288 1633 311 me
1665 276 1837 313 missum

268 328 401 364 esset!
446 327 596 364 Pensio
617 327 887 364 Cantuarien.
915 327 1056 364 soluta
1083 332 1147 364 est
1176 340 1308 376 Vsque
1333 328 1384 365 ad
1413 328 1568 366 festum
1594 330 1840 367 Michahelis

208 402 248 422 20
268 383 369 418 anni
392 382 621 431 praeteriti.
674 382 787 419 Nihil
811 382 996 425 dabitur,
1021 383 1099 418 nisi
1123 383 1273 419 misero
1296 383 1336 419 in
1360 382 1569 431 Angliam.
1622 384 1839 422 Robertus

268 436 476 473 Aldrisius
507 437 697 486 promisit
731 450 773 473 se
803 437 1078 473 inuenturum
1110 437 1295 485 aliquem
1327 438 1368 474 in
1398 438 1497 475 aula
1526 438 1839 489 Archiepiscopi

268 491 340 540 qui
372 495 492 528 curet
525 491 602 529 hoc
636 492 864 540 negotium.
925 490 967 528 Si
1001 504 1194 540 recepero
1231 493 1564 529 instrumentum
1598 494 1713 542 quod
1747 499 1840 532 erat

267 545 383 595 apud
408 546 579 583 Petrum
604 546 838 594 Aegidium,
862 545 1021 583 curabo
1044 550 1092 583 vt
1113 559 1161 583 ea
1183 559 1351 595 quoque
1376 548 1519 596 pensio
1541 547 1825 586 confirmetur.

324 600 518 638 Remitto
545 601 599 638 ad
628 605 669 637 te
693 600 918 649 epistolam
948 604 1067 637 tuam
1096 600 1150 638 ad
1179 600 1364 638 Comites
1389 614 1413 637 a
1440 602 1702 652 Renneberg,
1726 604 1839 652 quod

207 673 248 703 25
267 656 452 692 nesciam
476 655 546 692 vbi
568 668 679 692 nunc
702 656 799 692 sint.
849 655 1141 693 Discesserant
1164 660 1261 693 octo
1283 656 1432 693 dicbus
1455 658 1703 706 priusquam
1727 659 1837 695 veni-

267 714 362 747 rent
384 713 485 747 tuae
507 710 658 747 littere.

323 764 451 802 Nulla
482 777 524 801 re
555 765 687 814 magis
716 777 816 814 egeo
847 777 975 813 quam
1007 764 1147 802 linteis
1178 765 1287 802 lecti.
1348 764 1488 810 Quare
1514 770 1556 803 te
1581 768 1761 815 rogarim
1792 772 1840 804 vt

268 819 371 856 mihi
391 824 591 857 emantur
607 820 826 868 octoginta
843 823 919 856 aut
936 820 1170 866 nonaginta
1188 819 1312 857 vlnae
1330 821 1438 857 texti
1457 820 1700 858 Hollandici
1717 822 1839 859 solidi

266 887 315 911 ac
345 873 466 911 firmi.
527 873 700 911 Sarcina
731 875 933 911 mittatur
963 874 1016 911 ad
1053 874 1360 924 Hieronymum
1394 875 1661 921 flamonium,
1691 877 1723 913 si
1755 890 1839 914 non

207 947 249 978 30
267 928 397 966 datur
431 929 503 977 qui
536 929 617 966 huc
652 928 850 978 perferat.
911 928 1142 966 Annotabo
1173 929 1274 978 quid
1308 930 1562 979 impenderis
1593 930 1643 967 de
1674 944 1840 968 summa

268 983 537 1021 Hollandica.
598 983 728 1021 Miror
749 983 821 1020 vbi
842 983 1023 1033 epistola
1044 982 1244 1021 Sasbouti
1266 987 1355 1021 tam
1379 985 1449 1021 (liu
1474 984 1641 1023 heserit.

322 1037 476 1088 Scripsi
495 1038 717 1075 Vincentio
737 1042 782 1075 et
803 1037 1016 1075 Sasbouto
1033 1052 1039 1075 ε
1067 1038 1241 1088 placans
1262 1051 1332 1076 eos
1349 1039 1400 1075 de
1417 1040 1662 1089 suspitione.
1705 1040 1839 1090 Cupio

268 1094 371 1130 scire
393 1105 447 1130 an
469 1093 575 1130 duos
598 1093 763 1130 libellos
785 1093 836 1130 de
859 1094 1185 1143 praepa-ratione
1210 1093 1264 1131 ad
1290 1098 1472 1131 mortem
1499 1096 1720 1145 acceperis
1743 1108 1838 1133 cum

268 1147 435 1192 litteris,
457 1152 501 1185 et
523 1148 563 1184 in
585 1147 780 1197 Angliam
804 1149 1100 1185 transmiseris.

207 1221 247 1251 35
322 1201 456 1252 Cupio
493 1206 535 1240 te
569 1215 664 1239 cum
698 1203 894 1240 omnibus
926 1203 1005 1240 tibi
1040 1203 1178 1240 charis
1211 1216 1340 1252 quam
1372 1205 1652 1253 prosperrime
1684 1205 1838 1251 valere,

267 1258 499 1294 amicorum
521 1258 824 1306 syncerissime.

323 1312 484 1349 Datum
507 1312 702 1362 Friburgi
725 1323 774 1360 23
797 1312 863 1349 die
885 1312 1218 1362 Aprilis—1534.

1322 1368 1525 1406 Erasmus
1548 1368 1647 1406 Rot.
1671 1372 1783 1407 tuus,

322 1421 421 1471 Agit
443 1421 557 1471 apud
580 1434 645 1459 me
668 1423 709 1459 in
730 1422 879 1459 edibus
900 1422 1003 1459 meis
1024 1423 1214 1472 egregius
1237 1423 1400 1460 iuuenis
1422 1423 1657 1461 Damianus
1674 1437 1698 1461 a
1715 1424 1837 1469 Goes,

207 1493 248 1524 40
267 1476 339 1514 sed
357 1476 410 1514 ob
428 1477 639 1514 infirmam
656 1476 947 1514 valetudinem
962 1489 1100 1514 meam
1115 1477 1346 1515 diuidimur
1362 1490 1519 1515 mensa,
1562 1478 1653 1524 Quo
1671 1480 1839 1516 nomine

267 1532 490 1582 praecipue
512 1532 668 1569 irascor
689 1531 839 1569 morbo
860 1544 965 1569 meo.

680 1707 871 1759 29252975
933 1703 1000 1744 To
1033 1703 1214 1744 PIETRo
1248 1704 1434 1745 BEMBO.

317 1793 493 1828 Vatican
512 1793 594 1828 MS.
617 1793 829 1828 Barberini
850 1795 940 1828 Lat.
964 1795 1070 1836 2158,
1090 1794 1116 1828 f.
1144 1805 1223 1828 111.
1533 1794 1738 1839 Freiburg.

316 1843 365 1877 de
384 1843 538 1895 Nolhae
558 1855 596 1888 p.
623 1854 702 1885 129.
1482 1854 1525 1885 25
1546 1844 1659 1888 April
1683 1855 1787 1889 1534.

312 1922 385 1960 [An
408 1921 561 1962 original
589 1921 710 1957 letter,
736 1922 944 1962 autograph
974 1922 1214 1963 throughout.
1262 1922 1339 1952 The
1364 1922 1485 1957 letter,
1511 1923 1681 1961 together
1704 1924 1794 1954 with
1818 1934 1840 1954 a

266 1966 401 1996 second
415 1966 524 1996 letter
538 1965 632 1996 from
646 1965 834 2002 Erasmus,
848 1965 917 2006 Ep.
938 1968 1034 2004 2958,
1050 1966 1164 1997 dated
1180 1968 1219 1997 16
1237 1967 1330 2006 Aug.
1352 1975 1433 2006 1534
1452 1966 1511 2003 (de
1530 1965 1679 2002 Nolhac‚
1696 1977 1731 2007 p.
1750 1969 1837 2006 131),

266 2020 342 2040 was
359 2009 547 2040 answered
565 2009 614 2049 by
630 2009 771 2040 Bembo
792 2019 827 2039 11
849 2010 943 2040 Nov.
963 2010 1121 2049 <1534>.]

323 2080 505 2118 VIGLIVS
528 2079 788 2125 Suichemus‚
811 2084 984 2118 tuarum
1011 2080 1230 2118 Musarum
1256 2080 1468 2126 alumnus,
1491 2080 1625 2118 edidit
1647 2081 1837 2119 Basileae

267 2135 494 2172 Iustiniani
529 2135 828 2172 Institutiones
864 2134 1022 2172 Graece
1059 2147 1226 2180 versas;
1271 2136 1315 2172 in
1350 2148 1532 2184 quarum
1573 2136 1836 2184 praefatione

266 2189 415 2239 plenis,
440 2193 488 2226 vt
508 2190 643 2234 aiunt,
667 2189 782 2227 tibiis
804 2193 902 2227 tuas
924 2189 1071 2227 laudes
1093 2189 1380 2239 depraedicat,
1398 2203 1645 2239 quanquam
1668 2190 1746 2228 hoc
1768 2191 1837 2228 ille

266 2257 477 2294 nusquam
512 2257 597 2281 non
633 2243 748 2290 facit,
782 2244 910 2293 idque
944 2248 1020 2282 tuo
1053 2245 1217 2290 merito,
1255 2245 1319 2282 vir
1351 2245 1539 2282 omnium
1576 2246 1648 2294 qui
1682 2246 1835 2283 viuunt

227 2306 247 2337 5
266 2299 390 2336 hodie
412 2298 715 2336 humanissime
736 2303 780 2336 et
801 2299 999 2336 omnibus
1020 2299 1217 2337 iuuandis
1237 2300 1440 2348 exposite.

320 2353 460 2391 Audio
477 2357 520 2391 et
541 2353 663 2391 doleo
685 2353 919 2391 Asulanam
942 2354 1151 2391 officinam
1181 2353 1404 2391 refrixisse.
1465 2353 1546 2391 Sed
1569 2354 1835 2392 Frobeniana

265 2408 398 2445 indies
418 2408 551 2457 magis
572 2420 619 2445 ac
647 2409 780 2456 magis
804 2408 1043 2446 efferuescit
1071 2409 1125 2446 ad
1152 2408 1414 2458 euulgandos
1439 2413 1609 2446 autores
1637 2410 1833 2458 optimos,

265 2475 340 2500 nec
362 2462 497 2500 labori
518 2475 593 2500 nec
614 2462 827 2512 impendio
843 2475 1031 2513 parcens
1054 2464 1211 2501 maiore
1228 2463 1419 2513 profecto
1436 2476 1531 2501 cum
1552 2463 1685 2513 gloria
1707 2476 1833 2513 quam

519 2545 614 2575 2925.
642 2554 672 2583 5.
698 2546 738 2576 de
756 2545 914 2576 Nolhac:
941 2545 1207 2577 humanissimo
1227 2570 1233 2576 .
1255 2570 1261 2576 .
1283 2571 1288 2576 .
1308 2547 1477 2586 exposito
1495 2546 1576 2577 MS.

309 2615 406 2645 2924.
436 2624 484 2654 17.
512 2615 712 2656 Rescripsi]
730 2616 800 2656 Ep.
819 2617 916 2655 2897.
1128 2626 1180 2656 31.
1207 2617 1394 2654 Sasbouti]
1414 2618 1478 2648 See
1497 2617 1566 2658 Ep.
1586 2626 1682 2657 2923.
1702 2627 1759 2656 7n.

312 2659 361 2689 18.
388 2659 693 2697 instrumentum]
737 2660 814 2691 The
854 2660 1016 2700 diploma
1129 2670 1181 2699 32.
1207 2660 1355 2701 Scripsi]
1381 2661 1458 2691 The
1483 2661 1592 2692 letter
1614 2665 1653 2691 to
1677 2661 1834 2692 Vincent

266 2702 459 2742 Anqlicum
475 2703 513 2733 of
530 2703 599 2743 Ep.
619 2705 716 2740 2896.
736 2713 815 2743 2411.
1083 2704 1112 2734 is
1130 2704 1199 2745 Ep.
1219 2713 1316 2743 2923.

309 2755 362 2776 21.
389 2745 584 2784 Aldrisius]
603 2747 668 2777 See
686 2747 756 2787 Ep.
775 2756 871 2787 2913.
891 2748 987 2788 24—8.
1128 2757 1180 2787 33.
1207 2748 1363 2785 libellos]
1382 2747 1435 2778 Cf.
1456 2748 1525 2788 Ep.
1546 2757 1642 2787 2913.
1665 2758 1760 2788 23-4.

310 2799 361 2829 24.
387 2789 561 2827 Comites]
580 2790 645 2821 See
663 2791 732 2830 Ep.
752 2792 849 2822 2810.
871 2801 947 2822 12n.
1129 2792 1224 2822 2925.
1253 2801 1281 2822 1.
1307 2791 1438 2829 edidit]
1452 2792 1528 2822 The
1542 2792 1638 2822 book
1652 2802 1726 2822 was
1740 2792 1831 2832 pub-

309 2842 361 2872 27.
387 2833 525 2871 linteis]
539 2834 626 2864 This
638 2834 744 2865 order
757 2835 830 2865 had
844 2838 910 2865 not
923 2835 1015 2865 been
1083 2835 1199 2865 lished
1222 2836 1271 2875 by
1293 2835 1437 2866 Froben
1460 2836 1496 2865 in
1520 2835 1644 2866 March
1664 2845 1745 2875 1534
1770 2836 1831 2874 (cf.

264 2877 456 2913 executed,
468 2877 541 2907 and
557 2878 585 2908 is
599 2878 773 2918 repeated
785 2888 832 2908 on
847 2888 859 2908 1
871 2888 881 2908 1
897 2879 1013 2914 June;
1083 2879 1181 2919 Epp.
1203 2888 1296 2916 1991.
1315 2881 1374 2913 611,
1394 2888 1488 2918 2791.
1509 2881 1603 2917 5911).

263 2931 310 2951 011
329 2930 369 2959 30
381 2921 470 2961 July
487 2921 663 2952 Erasmus
681 2921 710 2952 is
727 2922 802 2953 still
819 2923 1015 2962 expecting
1126 2925 1157 2953 6.
1184 2923 1319 2960 Audio]
1338 2923 1402 2953 See
1418 2933 1440 2953 a
1457 2923 1567 2953 letter
1583 2923 1620 2953 of
1637 2923 1776 2963 Viglius
1794 2927 1833 2953 to

263 2964 319 2995 his
336 2965 458 2995 lintea.
1082 2966 1257 2997 Boniface
1274 2967 1492 3003 Amerbach,
1510 2966 1614 2997 VZE.
1634 2977 1670 3007 p.
1686 2976 1757 3004 119.
