1966 3379
80 122 202 171 2881]
586 118 657 158 TO
688 117 865 157 SIMON
896 115 1154 156 LAGNIER
1575 117 1654 154 325

79 227 117 257 in
145 235 238 265 1531.
286 225 331 256 In
352 227 435 264 1536
459 225 504 255 he
529 225 558 255 is
583 224 757 265 reported
781 234 821 254 as
846 223 1024 263 seriously
1041 223 1077 253 ill
1095 223 1185 253 with
1210 222 1266 253 his
1284 222 1366 252 wife
1392 221 1657 260 (EE2.-152).—

426 322 625 348 ERASMVS
647 322 742 349 ROT.
768 321 923 348 SIMONI
946 319 1191 347 LEIGNIERO
1214 319 1246 346 S.
1266 320 1307 345 D.

136 383 358 420 AMANTER
380 387 427 420 tu
450 382 634 431 quidem,
653 382 718 418 vir
740 382 913 431 optime,
932 381 1003 429 qui
1026 381 1173 417 vinum
1196 379 1311 417 vltro
1328 378 1535 416 obtuleris
1553 393 1559 417 2
1584 379 1657 416 sed

81 437 298 475 Gilbertus
329 436 545 486 Cognatus
576 449 727 486 parum
758 435 860 472 fecit
893 435 1127 484 prudenter
1162 435 1234 483 qui
1269 434 1493 482 acceperit.
1554 433 1658 470 Mihi

82 504 183 529 vero
205 496 281 528 tua
304 491 544 540 benignitas
567 491 645 527 hoc
666 491 836 527 nomine
856 489 991 526 multo
1007 489 1167 538 gratior
1184 493 1262 533 est,
1281 488 1397 537 quod
1420 491 1658 538 spontanea

82 550 213 595 atque
236 547 522 596 inexpectata.
582 544 704 590 Quod
733 544 784 581 de
813 544 908 581 filiis
934 556 1092 588 mones,
1116 543 1271 580 faciam
1298 542 1537 591 diligenter,
1560 545 1603 579 et
1625 542 1659 578 si

83 613 168 650 qua
189 600 272 637 alia
294 601 335 637 in
357 613 400 637 re
422 600 578 649 possim
603 599 684 636 illis
705 598 989 643 commodare,
1007 597 1238 647 praestabo
1259 598 1370 646 grati
1391 610 1439 634 ac
1461 597 1659 634 memoris
1680 606 1697 635 5

83 655 267 692 hominis
307 655 502 692 officium.
570 653 668 691 Non
703 653 863 690 excidit
898 652 1001 689 mihi
1037 656 1249 701 quantum
1285 651 1463 688 debeam
1496 650 1659 699 inclyto

84 710 250 760 senatui
273 709 518 753 Besontino,
536 712 579 746 et
602 708 679 745 hoc
701 707 865 745 coelum
888 710 1096 756 perpetuo
1116 706 1370 744 nebulosum
1393 718 1441 743 ac
1462 705 1658 742 nubilum

84 763 188 800 dure
209 776 275 800 me
298 767 471 800 tractat.
532 762 686 800 Caesar
714 765 889 799 reuocat
917 774 982 798 me
1012 762 1055 798 in
1083 760 1380 803 Brabantiam,
1410 773 1494 809 quo
1523 761 1556 796 si
1587 772 1661 809 per

84 818 352 855 debilitatem
379 817 618 867 corpusculi
646 816 852 866 proficisci
877 828 961 853 non
989 815 1146 860 licebit,
1169 815 1356 853 conabor
1381 815 1662 862 isthucusque

84 884 320 922 prorepere.
381 872 465 909 Det
501 872 709 909 Dominus
744 876 793 908 vt
829 883 974 908 omnes
1007 871 1166 907 amicos
1199 882 1316 907 meos
1353 869 1568 907 offendam
1602 870 1661 906 in·
1686 884 1724 905 10

84 927 282 964 columes

141 981 244 1019 Vale
294 994 390 1019 cum
440 981 519 1018 tibi
569 981 837 1018 charissimis.
913 979 1108 1029 Friburgi
1155 990 1247 1016 XIX.
1295 979 1361 1016 die
1407 978 1664 1016 Nouembris

85 1047 342 1073 M.D.XXX111.

418 1237 548 1275 2882.
614 1234 752 1274 FROM
785 1234 918 1275 ιΪΟΗΝ
952 1234 1329 1274 PAUNGARTNER.

136 1324 297 1370 Leipzig
315 1323 398 1357 MS.
1290 1323 1518 1366 Augsburg.

136 1375 221 1411 EE.
245 1385 324 1417 195.
1192 1373 1237 1406 28
1256 1372 1489 1406 November
1511 1381 1618 1414 1533.

132 1459 206 1498 [An
223 1460 376 1500 original
395 1460 516 1496 letter,
534 1459 683 1490 written
701 1458 751 1498 by
768 1467 789 1488 a
806 1461 992 1498 secretary
1008 1457 1081 1487 and
1100 1456 1227 1497 signed
1246 1457 1295 1497 by
1313 1455 1598 1496 Paungartner]

143 1535 182 1574 S.
203 1535 366 1573 Literas
388 1540 486 1574 tuas
508 1548 614 1585 quas
635 1534 690 1572 ad
711 1547 777 1571 me
800 1533 863 1571 26.
887 1534 953 1571 die
971 1532 1169 1571 Octobris
1195 1532 1364 1577 dedisti,
1388 1532 1666 1582 praestantis-

89 1591 192 1628 sime
214 1603 262 1628 ac
284 1591 585 1628 iucundissime
608 1589 776 1627 domine
799 1589 986 1633 Erasme,
1006 1587 1243 1625 incredibili
1261 1587 1490 1637 voluptate
1511 1587 1667 1636 accepi,

89 1645 252 1695 haeque
270 1646 397 1683 michi
420 1646 486 1683 vel
509 1658 558 1682 eo
579 1645 748 1682 nomine
766 1643 888 1692 longe
906 1643 1172 1693 gratissimae
1195 1642 1312 1680 fuere
1334 1642 1449 1691 quod
1471 1641 1667 1679 eruditis-

89 1701 242 1737 simum
272 1713 320 1737 ac
352 1700 655 1750 politissimum
685 1703 810 1736 tuum
842 1699 1057 1747 ingenium
1088 1697 1220 1747 (quod
1251 1710 1326 1735 nec
1357 1696 1669 1734 tumultuarius

89 1755 262 1803 quidem
291 1759 392 1792 tuus
417 1755 606 1792 calamus
632 1752 898 1791 dissimulare
928 1755 1086 1802 potest)
1116 1752 1324 1797 redolent,
1352 1756 1483 1800 atque
1512 1763 1588 1800 ego
1617 1763 1669 1788 ex
1690 1768 1708 1797 5

89 1809 155 1846 his
182 1810 410 1859 pristinum
432 1814 556 1847 tuum
578 1821 678 1858 erga
702 1821 768 1845 me
797 1820 986 1845 amorem
1014 1820 1063 1844 ac
1090 1806 1346 1856 singularem
1375 1807 1417 1843 in
1446 1818 1513 1843 me
1545 1805 1669 1842 bene-

91 1864 325 1901 uolentiam
356 1864 487 1913 probe
518 1875 757 1913 agnoscam.
819 1861 941 1908 Quod
974 1866 1121 1899 autem
1152 1861 1280 1898 michi
1311 1862 1353 1898 in
1385 1861 1507 1898 initio
1538 1864 1670 1909 atque

91 1919 281 1968 ingressu
313 1919 521 1968 epistolae
552 1918 717 1968 accepti
748 1917 977 1967 gratularis
1008 1917 1139 1954 castri
1170 1916 1384 1961 Ernbach,
1407 1919 1450 1952 et
1480 1919 1529 1952 vt
1558 1914 1671 1952 illius

91 1985 325 2022 cognomen
365 1973 558 2010 faustum
599 1972 813 2021 foelixque
849 1973 931 2008 siet
964 1971 1092 2008 michi
1128 1971 1352 2020 augurium
1395 1970 1581 2020 precaris
1622 1982 1669 2007 ac

92 2032 229 2077 optaS,
245 2028 406 2077 gratias
423 2028 502 2065 tibi
520 2040 648 2076 quam
671 2039 844 2077 possum
863 2039 941 2075 ago
959 2027 1182 2071 maximas,
1201 2025 1435 2074 aliquando
1457 2024 1671 2062 relaturus
1695 2042 1733 2062 10

93 2083 127 2119 si
154 2082 197 2119 id
229 2095 303 2131 per
333 2083 597 2119 occasionem
630 2082 816 2119 dabitur.
878 2080 1204 2130 Qualescunque
1236 2084 1382 2118 autem
1415 2079 1513 2117 inde
1544 2078 1671 2115 michi

92 2136 274 2174 honores
314 2136 573 2182 affluxerint,
610 2137 722 2174 inter
761 2148 838 2174 nos
878 2148 1126 2173 communes
1166 2139 1305 2179 erunt,
1343 2139 1478 2184 tuque
1519 2134 1670 2171 horum

92 2192 308 2241 particeps
341 2204 506 2228 mecum
538 2192 618 2229 eris
650 2192 824 2229 omnino
855 2190 1058 2239 aequalis.
1118 2190 1187 2227 Dii
1222 2189 1356 2227 velint
1387 2202 1438 2226 ex
1470 2202 1519 2226 eo
1550 2188 1672 2226 nobis

92 2245 324 2295 plurimum
346 2250 544 2283 accurrat
564 2251 608 2283 et
629 2245 800 2283 honoris
822 2250 866 2283 et
888 2245 1104 2282 vtilitatis.

151 2301 283 2338 Porro
313 2300 427 2349 quod
460 2301 587 2338 11110111
618 2301 670 2338 de
700 2313 795 2350 rege
828 2299 1005 2349 Angliae.
1038 2300 1276 2349 signifficas,
1309 2311 1435 2348 quem
1467 2297 1672 2336 Cholerus
1695 2314 1732 2343 15

95 2359 285 2392 veterem
319 2356 525 2404 recepisse
559 2367 735 2392 vxorein
773 2355 852 2392 tibi
888 2355 1070 2404 scripsit,
1103 2354 1287 2391 libenter
1317 2354 1399 2403 legi
1430 2366 1518 2402 ego,
1551 2357 1671 2390 tuam

94 2414 239 2447 autem
263 2411 305 2446 in
328 2409 406 2446 hoc
429 2422 582 2458 sequor
599 2411 841 2459 opinionem
860 2414 990 2458 atque
1007 2410 1280 2453 sententiam,
1299 2409 1497 2457 quamuis
1519 2407 1597 2445 hac
1621 2407 1672 2444 de

95 2477 138 2502 re
160 2464 286 2501 nichil
310 2464 363 2501 ad
387 2477 452 2501 1110
475 2464 667 2501 delatum
691 2465 758 2501 sit.
807 2464 899 2501 Hoc
918 2468 1063 2501 tamen
1082 2468 1199 2501 certo
1217 2464 1430 2507 scribitur,
1448 2462 1671 2500 Caesarem

95 2519 147 2556 de
183 2519 294 2555 bello
329 2523 481 2556 contra
517 2519 694 2568 Angliae
730 2531 868 2568 regem
905 2518 1176 2568 suscipiendo
1209 2522 1411 2562 tractare,
1448 2529 1673 2566 regemque

95 2572 258 2610 Galliae
284 2573 415 2610 filiam
440 2574 546 2622 regis
568 2573 760 2622 Angliae,
783 2586 911 2622 quam
940 2586 991 2610 ex
1022 2574 1157 2619 prima
1186 2585 1317 2610 vxore
1346 2572 1569 2616 habuerat,
1596 2583 1673 2620 pro
1695 2588 1734 2608 20

96 2627 183 2665 filio
205 2632 310 2665 natu
335 2629 492 2665 maiore
515 2630 656 2676 (quem
675 2628 936 2677 Delphinum
959 2627 1198 2677 appellant)
1221 2627 1476 2677 postulasse,
1495 2625 1672 2663 obtulis-

97 2695 224 2731 seque
247 2696 289 2720 se
310 2682 495 2731 Anglum
519 2682 798 2731 expulsurum
821 2695 963 2731 regno,
987 2683 1020 2719 si
1042 2682 1083 2719 id
1107 2695 1180 2732 per
1202 2682 1511 2731 Imperatorem
1535 2680 1671 2717 liceat.

97 2736 250 2774 Nescio
278 2741 424 2775 tamen
466 2738 717 2786 permissum
752 2737 812 2774 illi
848 2737 978 2774 fucrit
1007 2749 1150 2774 necne.
1212 2737 1280 2773 Dii
1309 2748 1474 2785 semper
1501 2734 1675 2771 meliora

95 2791 249 2830 faxint.

143 2924 239 2954 2882.
270 2934 296 2954 1.
324 2923 480 2960 Literasl
506 2923 579 2953 Not
603 2927 747 2957 extant,
772 2933 850 2963 pre·
922 2923 1098 2953 Erasmus
1118 2924 1152 2953 in
1172 2923 1240 2962 Ep.
1264 2924 1358 2955 30013.
1382 2922 1451 2951 108.

99 2967 269 3008 sumably
306 2968 369 2998 tho
407 2968 516 2998 letter
552 2967 766 2997 mentioned
803 2967 851 3007 by
970 2976 1019 3005 15.
1045 2966 1277 3006 dereg01Cf.
1298 2966 1366 3005 Ep.
1389 2966 1482 3003 3877.
1506 2974 1581 3003 171¹·
