1966 3379
234 110 285 147 88
666 110 922 149 LETTERS
953 110 1023 148 OF
1054 109 1318 149 ERASMUS
1678 114 1798 161 [1532

668 235 797 273 2707.
863 232 928 272 To
952 232 1196 272 Nicuoms
1219 231 1366 274 OLAH.

281 321 504 365 Esterhazy
524 321 605 355 MS.
627 333 664 365 p.
687 332 769 364 331.
1471 323 1675 365 Freiburg.

280 370 362 403 OE.
386 381 466 413 235.
1400 382 1445 412 20
1465 373 1623 415 August
1645 383 1749 416 1532.

275 437 466 473 [Erasinus
489 447 605 467 seems
628 442 691 468 not
715 442 753 468 to
776 438 867 468 have.
889 438 1053 468 received
1077 438 1202 468 Olah's
1224 438 1334 469 letter
1356 438 1393 468 of
1416 442 1456 469 20
1478 439 1567 479 July
1590 440 1674 479 (Ep.
1700 442 1798 478 2693)

230 480 408 521 although
427 491 524 511 news
541 481 578 511 of
597 481 759 511 Livinus¹
780 483 957 521 marriage
976 484 1036 518 (on
1056 483 1198 521 August
1219 485 1252 518 6)
1272 482 1343 512 had
1362 483 1514 513 reached
1534 483 1636 521 hinr]

390 551 587 577 ERASMVS
610 551 935 578 ROTERODAMVS
958 553 998 578 N.
1024 553 1135 579 (iLAO
1157 552 1465 579 THESAVRARIO
1489 553 1645 581 ALBEN.

625 606 898 632 SECRETARM)
924 607 975 632 ET
997 607 1276 633 (JONSILIARIO
1300 608 1331 634 S.
1359 608 1399 633 R.

285 665 587 703 ORNATISSIMF.
611 667 686 710 vir,
710 668 857 716 scripsi
880 667 1042 716 pridem
1069 667 1122 704 ad
1152 672 1193 704 te
1222 672 1263 704 et
1291 667 1343 704 ad
1368 667 1565 705 Liuinum
1588 674 1796 714 nostrum,

230 732 354 769 quem
391 721 469 757 tibi
506 721 681 757 charum
718 726 759 758 et
792 734 915 759 curae
946 736 1034 759 esse
1066 722 1241 769 gaudeo.
1303 722 1442 759 Audio
1475 724 1676 760 maritum
1708 737 1797 760 esse

229 775 405 820 factum,
430 776 594 812 vtinam
618 775 836 813 foeliciter.
899 776 1018 825 Rogo
1041 782 1085 813 vt
1109 782 1146 813 et
1175 777 1232 813 illi
1257 778 1340 813 tuis
1370 777 1538 814 auxiliis
1568 779 1726 827 pariter
1753 783 1795 815 et

229 829 413 866 consiliis
435 830 581 867 adesse
604 842 766 880 pergas
827 830 953 868 Hunc
971 830 1194 876 Quirinum
1213 844 1351 868 mcum
1372 833 1498 869 mitto
1517 833 1555 868 in
1574 832 1768 882 Angliam
1788 847 1794 876 ;

190 896 208 926 5
229 896 302 932 per
332 897 428 921 eum
456 897 672 921 reuersum
699 887 858 934 poteris
884 891 981 923 tuto
1012 886 1203 930 seribere,
1237 887 1270 922 si
1301 886 1401 935 quid
1436 899 1500 923 ine
1531 888 1635 923 scire
1666 887 1793 925 voles.

228 938 490 987 Significabis
516 940 549 976 si
578 952 662 988 qua
688 941 730 976 in
760 952 802 976 re
831 952 983 989 queam
1014 941 1078 977 vel
1109 942 1400 978 serenissimae
1427 942 1592 990 reginae
1622 941 1687 979 vel
1716 942 1795 979 tibi

227 998 397 1042 gratum
420 993 568 1031 facere.
630 994 789 1031 Leuino
811 994 991 1032 salutern
1015 1008 1107 1032 ineo
1130 997 1311 1033 nomine.
1373 995 1487 1033 Vale.

283 1047 476 1097 Friburgi
499 1061 523 1098 4
544 1048 716 1086 Calend:
741 1048 955 1099 Septemb:
983 1060 1097 1097 1532.

282 1102 559 1151 Tragoediam
597 1103 855 1141 Basilensem
892 1106 998 1148 misi,
1043 1105 1151 1142 bona
1193 1105 1273 1142 fide
1313 1105 1571 1155 descriptam
1609 1107 1641 1143 si
1678 1106 1794 1142 voles

168 1173 207 1195 10
227 1169 486 1206 cognoscere.
548 1158 729 1195 Facinus
751 1163 813 1196 est
838 1158 1094 1197 horrendum
1117 1164 1161 1197 et
1182 1161 1378 1206 immane,
1406 1160 1478 1198 sed
1505 1161 1791 1199 memorabile.

598 1345 803 1386 26812708.
870 1345 1006 1386 FROM
1030 1345 1209 1387 anzo
1233 1346 1417 1387 BEMBO.

274 1434 441 1475 Bembo,
462 1435 591 1480 Epist.
613 1436 862 1475 Familiares,
887 1446 991 1478 1552.
1011 1436 1037 1470 f.
1060 1447 1142 1479 321.
1503 1437 1655 1471 Padua.

274 1484 356 1518 LB.
381 1495 485 1528 1232.
1405 1497 1448 1527 29
1468 1487 1627 1530 August
1650 1496 1740 1529 1532

477 1562 641 1589 PETRVS
663 1562 837 1589 BEMBVS
861 1562 1034 1589 ERASMO
1057 1563 1356 1590 ROTERODAMO
1380 1564 1411 1590 S.
1436 1564 1470 1590 P.
1496 1564 1535 1590 D.

277 1621 474 1659 AMABAM
496 1630 623 1660 antea
645 1622 854 1672 Viglium:
884 1628 974 1660 erat
996 1624 1107 1660 enim
1130 1623 1232 1660 mihi
1253 1628 1293 1660 et
1318 1628 1446 1661 notus
1475 1625 1562 1673 ipse
1588 1637 1661 1673 per
1689 1637 1789 1669 sese,

223 1689 320 1714 cum
341 1677 395 1714 ad
418 1690 484 1714 me
512 1677 736 1726 aliquoties
758 1679 958 1723 venisset,
980 1679 1153 1727 eiusque
1180 1678 1399 1715 mirificam
1428 1678 1614 1716 indolem
1637 1684 1678 1716 et
1708 1692 1788 1716 ser-

224 1733 362 1768 monis
398 1733 658 1769 suauitatem
691 1732 1031 1782 elegantiamque
1065 1734 1384 1782 perspexissem,
1416 1738 1459 1770 et
1489 1732 1656 1783 Georgii
1688 1733 1790 1783 Logi

223 1787 480 1832 testimonio,
512 1788 585 1836 qui
615 1799 779 1824 mecum
810 1792 875 1824 est
910 1787 1119 1836 frequens²
1150 1792 1297 1837 gratus
1329 1800 1393 1824 me
1424 1787 1592 1825 hercule
1622 1793 1664 1825 et
1695 1801 1787 1838 pro-

183 1855 202 1885 5
223 1840 362 1879 batus.
417 1841 542 1879 Nunc
565 1854 666 1879 vero
687 1846 762 1879 tua
785 1841 1153 1880 commendatione
1170 1843 1339 1891 tuisque
1358 1842 1512 1879 litteris
1530 1842 1668 1880 multo
1686 1843 1789 1880 mihi

222 1895 389 1933 charior
409 1901 472 1933 est
496 1894 649 1942 factus,
669 1909 933 1946 magnusque
950 1897 1106 1934 amoris
1123 1897 1318 1934 cumulus
1335 1897 1389 1934 ad
1408 1898 1633 1946 pristinam
1651 1910 1788 1935 meam

222 1951 263 1987 in
294 1950 412 1988 illum
445 1951 788 1989 beneuolentiam
819 1952 1008 1989 accessit.
1068 1950 1189 1996 Quod
1219 1964 1316 1989 eum
1345 1952 1449 1988 scire
1478 1952 1606 1997 volui,
1639 1965 1788 2001 meque

221 2008 363 2042 totum
393 2006 430 2043 ei
456 2005 606 2048 obtuli,
635 2011 685 2043 vt·
713 2007 747 2043 si
777 2006 922 2055 aliqua
952 2007 993 2043 in
1024 2019 1067 2044 re
1098 2007 1244 2043 iuuare
1275 2019 1371 2043 eum
1403 2019 1582 2055 possem,
1615 2019 1691 2044 suo
1722 2020 1788 2044 me

221 2060 310 2097 iure
332 2064 537 2098 vteretur.
589 2060 683 2098 Tibi
705 2073 807 2099 vero
827 2062 956 2107 etiam
978 2061 1137 2110 gratias
1158 2060 1306 2106 habeo,
1329 2061 1442 2110 quod
1464 2061 1637 2109 quando
1655 2066 1703 2098 tu
1721 2074 1787 2099 me

162 2134 202 2156 10
221 2113 372 2164 diligis,
395 2120 437 2152 et
457 2128 533 2164 ego
554 2120 595 2152 te
618 2128 884 2165 summopere
906 2128 1015 2161 amo,
1042 2128 1174 2159 cures,
1201 2115 1356 2164 desque
1383 2128 1568 2164 operam,
1598 2120 1644 2153 vt
1676 2129 1786 2153 com-

220 2181 368 2206 munes
390 2171 519 2207 etiam
543 2171 652 2207 inter
673 2183 749 2207 nos
771 2171 928 2208 amicos
950 2171 1291 2219 necessariosque
1313 2176 1482 2207 nostros
1504 2170 1748 2208 habeamus.

274 2223 337 2261 De
360 2223 588 2274 Rodolpho
610 2225 805 2273 Agricola
826 2225 939 2274 quod
963 2225 1123 2269 scribis,
1152 2230 1301 2262 notum
1328 2224 1447 2261 illum
1477 2225 1599 2262 nobis
1626 2238 1715 2262 esse
1745 2231 1787 2263 te

220 2278 465 2316 existimare
483 2292 489 2315 :
518 2279 630 2316 illius
651 2281 782 2328 [vero]
803 2281 962 2330 scripta
979 2280 1163 2317 maxime
1181 2280 1370 2316 omnium
1389 2280 1461 2328 qui
1478 2284 1621 2317 aetate
1638 2285 1787 2318 nostra

220 2333 419 2378 vixerint,
436 2333 538 2370 mihi
554 2334 723 2382 quidem
740 2334 991 2384 probantur.
1038 2333 1081 2372 Si
1096 2333 1256 2383 Viglius
1271 2334 1477 2371 eiusmodi
1493 2335 1571 2371 erit
1589 2336 1784 2384 scriptor,

162 2403 199 2433 15
220 2399 343 2425 omne
364 2392 571 2437 punctum
598 2388 717 2426 feret.
778 2389 887 2426 Eum
917 2401 1004 2438 ego,
1035 2389 1208 2426 tametsi
1233 2389 1275 2425 in
1300 2401 1426 2426 cursu
1452 2393 1529 2434 est,
1557 2393 1703 2427 tamen
1731 2390 1787 2427 ad

219 2453 429 2480 summam
452 2442 635 2488 laudem,
657 2448 705 2480 vt
728 2444 816 2492 ipse
839 2456 996 2489 mones,
1019 2444 1196 2481 incitare
1217 2455 1302 2480 non
1323 2443 1526 2481 desinam.

274 2496 376 2534 Vale
401 2508 492 2535 .1111.
517 2497 652 2535 kalen.
677 2496 950 2547 Septembris.
973 2509 1183 2536 MDxxxu.
1208 2497 1401 2535 Patauio.

610 2569 706 2599 2707.
732 2581 764 2609 4.
792 2569 901 2600 Hunc
919 2570 1153 2609 scripsimus:
1179 2569 1285 2600 Nunc
1302 2568 1385 2599 MS.

261 2656 356 2686 2707.
387 2667 414 2687 1.
441 2657 583 2696 scripsi]
598 2657 674 2687 The
688 2657 798 2688 letter
808 2661 847 2688 to
861 2657 965 2694 Olah,
1078 2667 1109 2694 9.
1136 2657 1391 2697 Tragoediam]
1410 2658 1478 2698 Ep.
1498 2659 1594 2695 2698,

217 2700 286 2748 Ep.
308 2702 406 2740 2646,
429 2701 458 2730 is
477 2705 630 2737 extant;
656 2701 741 2732 that
758 2706 797 2732 to
815 2701 967 2732 Livinus
1079 2701 1174 2731 2708.
1205 2711 1234 2731 2.
1260 2701 1468 2741 aliquoties]
1498 2701 1562 2732 See
1588 2701 1657 2742 Ep.
1685 2704 1781 2742 2657.

216 2744 524 2827 1Ξζ.ὴὲιρυἰιάηωη]
544 2788 608 2819 See
626 2788 696 2829 Ep.
716 2797 811 2828 2704.
1035 2745 1238 2829 713.Sz]i⁴ogi]
1257 2788 1321 2820 See
1339 2788 1408 2829 Ep.
1428 2790 1525 2828 2568.
1547 2798 1584 2827 15
1595 2800 1630 2820 n.
