<?xml version="1.0" encoding="UTF-8"?>
<!DOCTYPE html PUBLIC "-//W3C//DTD XHTML 1.0 Transitional//EN"
    "http://www.w3.org/TR/xhtml1/DTD/xhtml1-transitional.dtd">
<html xmlns="http://www.w3.org/1999/xhtml" xml:lang="en" lang="en">
 <head>
  <title>
</title>
<meta http-equiv="Content-Type" content="text/html;charset=utf-8" />
  <meta name='ocr-system' content='tesseract 3.04.00' />
  <meta name='ocr-capabilities' content='ocr_page ocr_carea ocr_par ocr_line ocrx_word'/>
</head>
<body>
  <div class='ocr_page' id='page_1' title='image "./opusepistolarum10eras_0460.png"; bbox 0 0 1966 3379; ppageno 0'>
   <div class='ocr_carea' id='block_1_1' title="bbox 232 116 1259 156">
    <p class='ocr_par' dir='ltr' id='par_1_1' title="bbox 232 116 1259 156">
     <span class='ocr_line' id='line_1_1' title="bbox 232 116 1259 156; baseline -0.001 -1"><span class='ocrx_word' id='word_1_1' title='bbox 232 118 312 156; x_wconf 82' lang='lat'>424</span> <span class='ocrx_word' id='word_1_2' title='bbox 771 116 1068 154; x_wconf 82' lang='lat' dir='ltr'>APPENDIX</span> <span class='ocrx_word' id='word_1_3' title='bbox 1102 116 1259 154; x_wconf 88' lang='lat' dir='ltr'>XXIII</span> 
     </span>
    </p>
   </div>
   <div class='ocr_carea' id='block_1_2' title="bbox 172 220 1800 640">
    <p class='ocr_par' dir='ltr' id='par_1_2' title="bbox 172 220 1800 640">
     <span class='ocr_line' id='line_1_2' title="bbox 232 220 1800 270; baseline 0.001 -12"><span class='ocrx_word' id='word_1_4' title='bbox 232 222 536 269; x_wconf 76' lang='lat' dir='ltr'>cogitationem</span> <span class='ocrx_word' id='word_1_5' title='bbox 559 221 658 258; x_wconf 89' lang='lat' dir='ltr'>boni</span> <span class='ocrx_word' id='word_1_6' title='bbox 680 221 883 258; x_wconf 84' lang='lat' dir='ltr'>consules.</span> <span class='ocrx_word' id='word_1_7' title='bbox 946 221 1008 258; x_wconf 87' lang='lat' dir='ltr'>Re</span> <span class='ocrx_word' id='word_1_8' title='bbox 1031 220 1276 269; x_wconf 78' lang='lat' dir='ltr'>diligentius</span> <span class='ocrx_word' id='word_1_9' title='bbox 1299 233 1502 270; x_wconf 85' lang='lat' dir='ltr'>perpensa</span> <span class='ocrx_word' id='word_1_10' title='bbox 1524 222 1581 258; x_wconf 83' lang='lat' dir='ltr'>sic</span> <span class='ocrx_word' id='word_1_11' title='bbox 1603 222 1800 259; x_wconf 82' lang='lat' dir='ltr'>existimo</span> 
     </span>
     <span class='ocr_line' id='line_1_3' title="bbox 178 275 1800 325; baseline 0.002 -15"><span class='ocrx_word' id='word_1_12' title='bbox 178 291 213 319; x_wconf 87' lang='lat'>15</span> <span class='ocrx_word' id='word_1_13' title='bbox 234 277 274 312; x_wconf 94' lang='lat' dir='ltr'>in</span> <span class='ocrx_word' id='word_1_14' title='bbox 296 276 457 313; x_wconf 84' lang='lat' dir='ltr'>vltimis</span> <span class='ocrx_word' id='word_1_15' title='bbox 478 275 776 312; x_wconf 89' lang='lat' dir='ltr'>voluntatibus</span> <span class='ocrx_word' id='word_1_16' title='bbox 799 276 877 312; x_wconf 86' lang='lat' dir='ltr'>nisi</span> <span class='ocrx_word' id='word_1_17' title='bbox 898 275 981 312; x_wconf 85' lang='lat' dir='ltr'>alia</span> <span class='ocrx_word' id='word_1_18' title='bbox 1003 276 1222 312; x_wconf 80' lang='lat' dir='ltr'>testatoris</span> <span class='ocrx_word' id='word_1_19' title='bbox 1244 288 1361 312; x_wconf 88' lang='lat' dir='ltr'>mens</span> <span class='ocrx_word' id='word_1_20' title='bbox 1378 280 1583 324; x_wconf 77' lang='lat' dir='ltr'>appareat</span> <span class='ocrx_word' id='word_1_21' title='bbox 1600 288 1623 312; x_wconf 82' lang='lat' dir='ltr'>a</span> <span class='ocrx_word' id='word_1_22' title='bbox 1641 277 1800 325; x_wconf 72' lang='lat' dir='ltr'>scripto</span> 
     </span>
     <span class='ocr_line' id='line_1_4' title="bbox 235 329 1796 378; baseline 0 -11"><span class='ocrx_word' id='word_1_23' title='bbox 235 343 318 367; x_wconf 90' lang='lat' dir='ltr'>non</span> <span class='ocrx_word' id='word_1_24' title='bbox 349 334 505 367; x_wconf 78' lang='lat' dir='ltr'>temere</span> <span class='ocrx_word' id='word_1_25' title='bbox 531 330 809 368; x_wconf 81' lang='lat' dir='ltr'>recedendum</span> <span class='ocrx_word' id='word_1_26' title='bbox 839 342 939 367; x_wconf 79' lang='lat' dir='ltr'>esse.</span> <span class='ocrx_word' id='word_1_27' title='bbox 1002 329 1105 366; x_wconf 83' lang='lat' dir='ltr'>Eam</span> <span class='ocrx_word' id='word_1_28' title='bbox 1137 329 1190 367; x_wconf 88' lang='lat' dir='ltr'>ob</span> <span class='ocrx_word' id='word_1_29' title='bbox 1222 342 1392 367; x_wconf 81' lang='lat' dir='ltr'>causam</span> <span class='ocrx_word' id='word_1_30' title='bbox 1422 343 1505 378; x_wconf 87' lang='lat' dir='ltr'>quo</span> <span class='ocrx_word' id='word_1_31' title='bbox 1537 330 1707 367; x_wconf 86' lang='lat' dir='ltr'>liberius</span> <span class='ocrx_word' id='word_1_32' title='bbox 1739 332 1796 367; x_wconf 90' lang='lat' dir='ltr'>in-</span> 
     </span>
     <span class='ocr_line' id='line_1_5' title="bbox 234 384 1798 434; baseline 0 -13"><span class='ocrx_word' id='word_1_33' title='bbox 234 385 389 422; x_wconf 81' lang='lat' dir='ltr'>stituto</span> <span class='ocrx_word' id='word_1_34' title='bbox 421 389 496 422; x_wconf 89' lang='lat' dir='ltr'>tuo</span> <span class='ocrx_word' id='word_1_35' title='bbox 526 397 577 421; x_wconf 83' lang='lat' dir='ltr'>ex</span> <span class='ocrx_word' id='word_1_36' title='bbox 614 385 874 434; x_wconf 81' lang='lat' dir='ltr'>praescripto</span> <span class='ocrx_word' id='word_1_37' title='bbox 905 384 1008 421; x_wconf 87' lang='lat' dir='ltr'>satis</span> <span class='ocrx_word' id='word_1_38' title='bbox 1044 384 1180 421; x_wconf 81' lang='lat' dir='ltr'>facere</span> <span class='ocrx_word' id='word_1_39' title='bbox 1217 385 1362 433; x_wconf 78' lang='lat' dir='ltr'>possis,</span> <span class='ocrx_word' id='word_1_40' title='bbox 1397 384 1675 434; x_wconf 76' lang='lat' dir='ltr'>chirographa</span> <span class='ocrx_word' id='word_1_41' title='bbox 1711 386 1798 422; x_wconf 86' lang='lat' dir='ltr'>siue</span> 
     </span>
     <span class='ocr_line' id='line_1_6' title="bbox 232 439 1797 488; baseline 0 -12"><span class='ocrx_word' id='word_1_42' title='bbox 232 439 529 484; x_wconf 84' lang='lat' dir='ltr'>confessiones,</span> <span class='ocrx_word' id='word_1_43' title='bbox 548 444 596 476; x_wconf 93' lang='lat' dir='ltr'>vt</span> <span class='ocrx_word' id='word_1_44' title='bbox 617 439 847 488; x_wconf 84' lang='lat' dir='ltr'>appellant,</span> <span class='ocrx_word' id='word_1_45' title='bbox 871 443 967 476; x_wconf 82' lang='lat' dir='ltr'>tuas</span> <span class='ocrx_word' id='word_1_46' title='bbox 990 442 1206 487; x_wconf 75' lang='lat' dir='ltr'>quotquot</span> <span class='ocrx_word' id='word_1_47' title='bbox 1230 439 1467 476; x_wconf 84' lang='lat' dir='ltr'>inuenimus</span> <span class='ocrx_word' id='word_1_48' title='bbox 1490 440 1529 475; x_wconf 91' lang='lat' dir='ltr'>in</span> <span class='ocrx_word' id='word_1_49' title='bbox 1552 439 1797 476; x_wconf 82' lang='lat' dir='ltr'>fasciculum</span> 
     </span>
     <span class='ocr_line' id='line_1_7' title="bbox 233 493 977 531; baseline 0 -1"><span class='ocrx_word' id='word_1_50' title='bbox 233 493 432 531; x_wconf 84' lang='lat' dir='ltr'>collectas</span> <span class='ocrx_word' id='word_1_51' title='bbox 455 494 650 531; x_wconf 87' lang='lat' dir='ltr'>Frobenii</span> <span class='ocrx_word' id='word_1_52' title='bbox 672 494 805 530; x_wconf 85' lang='lat' dir='ltr'>ductu</span> <span class='ocrx_word' id='word_1_53' title='bbox 828 493 977 530; x_wconf 81' lang='lat' dir='ltr'>mitto’</span> 
     </span>
     <span class='ocr_line' id='line_1_8' title="bbox 172 547 1796 598; baseline 0.002 -16"><span class='ocrx_word' id='word_1_54' title='bbox 172 562 214 582; x_wconf 79' lang='lat'>20</span> <span class='ocrx_word' id='word_1_55' title='bbox 288 548 545 598; x_wconf 76' lang='lat' dir='ltr'><strong>Subscripsit</strong></span> <span class='ocrx_word' id='word_1_56' title='bbox 562 547 809 586; x_wconf 77' lang='lat' dir='ltr'>Saltzmann</span> <span class='ocrx_word' id='word_1_57' title='bbox 829 552 875 585; x_wconf 81' lang='lat' dir='ltr'>vt</span> <span class='ocrx_word' id='word_1_58' title='bbox 894 549 934 585; x_wconf 91' lang='lat' dir='ltr'>in</span> <span class='ocrx_word' id='word_1_59' title='bbox 953 560 1029 584; x_wconf 86' lang='lat' dir='ltr'>suo</span> <span class='ocrx_word' id='word_1_60' title='bbox 1051 548 1287 597; x_wconf 84' lang='lat' dir='ltr'>protocollo</span> <span class='ocrx_word' id='word_1_61' title='bbox 1307 548 1363 595; x_wconf 84' lang='grc' dir='ltr'>(ιή</span> <span class='ocrx_word' id='word_1_62' title='bbox 1386 549 1417 584; x_wconf 78' lang='grc' dir='ltr'><strong><em>Α</em></strong></span> <span class='ocrx_word' id='word_1_63' title='bbox 1427 547 1642 584; x_wconf 47' lang='lat' dir='ltr'>morbac-lezs-</span> <span class='ocrx_word' id='word_1_64' title='bbox 1659 548 1796 596; x_wconf 73' lang='lat' dir='ltr'>hand).</span> 
     </span>
     <span class='ocr_line' id='line_1_9' title="bbox 292 602 684 640; baseline 0 0"><span class='ocrx_word' id='word_1_65' title='bbox 292 602 402 640; x_wconf 82' lang='lat' dir='ltr'>Haec</span> <span class='ocrx_word' id='word_1_66' title='bbox 426 604 551 640; x_wconf 79' lang='lat' dir='ltr'>missa</span> <span class='ocrx_word' id='word_1_67' title='bbox 573 607 684 640; x_wconf 82' lang='lat' dir='ltr'>sunt.</span> 
     </span>
    </p>
   </div>
   <div class='ocr_carea' id='block_1_3' title="bbox 357 702 1674 804">
    <p class='ocr_par' dir='ltr' id='par_1_3' title="bbox 357 702 1674 804">
     <span class='ocr_line' id='line_1_10' title="bbox 357 702 1674 744; baseline 0 -1"><span class='ocrx_word' id='word_1_68' title='bbox 357 703 483 744; x_wconf 83' lang='lat' dir='ltr'><strong>A14.</strong></span> <span class='ocrx_word' id='word_1_69' title='bbox 547 703 901 743; x_wconf 70' lang='lat' dir='ltr'><strong>MEMORANDUM</strong></span> <span class='ocrx_word' id='word_1_70' title='bbox 937 715 998 742; x_wconf 73' lang='grc' dir='ltr'>ΒΥ</span> <span class='ocrx_word' id='word_1_71' title='bbox 1033 702 1277 742; x_wconf 72' lang='lat' dir='ltr'><strong>BONIFACE</strong></span> <span class='ocrx_word' id='word_1_72' title='bbox 1311 703 1581 743; x_wconf 76' lang='lat' dir='ltr'>AMERBACH</span> <span class='ocrx_word' id='word_1_73' title='bbox 1617 715 1674 743; x_wconf 78' lang='lat' dir='ltr'>oF</span> 
     </span>
     <span class='ocr_line' id='line_1_11' title="bbox 580 762 1446 804; baseline -0.001 -1"><span class='ocrx_word' id='word_1_74' title='bbox 580 775 865 804; x_wconf 73' lang='lat' dir='ltr'>DOCUMENTS</span> <span class='ocrx_word' id='word_1_75' title='bbox 899 774 1017 803; x_wconf 82' lang='lat' dir='ltr'>SENT</span> <span class='ocrx_word' id='word_1_76' title='bbox 1050 774 1108 803; x_wconf 79' lang='lat' dir='ltr'>To</span> <span class='ocrx_word' id='word_1_77' title='bbox 1142 762 1446 803; x_wconf 70' lang='lat' dir='ltr'>ALTENAtws.</span> 
     </span>
    </p>
   </div>
   <div class='ocr_carea' id='block_1_4' title="bbox 283 843 1320 1017">
    <p class='ocr_par' dir='ltr' id='par_1_4' title="bbox 283 843 1320 1017">
     <span class='ocr_line' id='line_1_12' title="bbox 283 843 906 886; baseline -0.003 -8"><span class='ocrx_word' id='word_1_78' title='bbox 283 844 400 878; x_wconf 78' lang='lat' dir='ltr'>Basle</span> <span class='ocrx_word' id='word_1_79' title='bbox 418 844 500 878; x_wconf 89' lang='lat' dir='ltr'>MS.</span> <span class='ocrx_word' id='word_1_80' title='bbox 521 844 562 878; x_wconf 83' lang='lat' dir='ltr'>C.</span> <span class='ocrx_word' id='word_1_81' title='bbox 585 844 673 878; x_wconf 68' lang='lat' dir='ltr'>VIss.</span> <span class='ocrx_word' id='word_1_82' title='bbox 696 852 754 886; x_wconf 91' lang='lat'>71,</span> <span class='ocrx_word' id='word_1_83' title='bbox 775 843 802 877; x_wconf 84' lang='lat' dir='ltr'>f.</span> <span class='ocrx_word' id='word_1_84' title='bbox 828 846 906 876; x_wconf 73' lang='lat'>110.</span> 
     </span>
     <span class='ocr_line' id='line_1_13' title="bbox 707 915 1320 956; baseline 0 -10"><span class='ocrx_word' id='word_1_85' title='bbox 707 915 954 955; x_wconf 76' lang='lat' dir='ltr'>[Autograph‚</span> <span class='ocrx_word' id='word_1_86' title='bbox 973 915 1127 956; x_wconf 85' lang='lat' dir='ltr'>roughly</span> <span class='ocrx_word' id='word_1_87' title='bbox 1144 916 1320 953; x_wconf 86' lang='lat' dir='ltr'>written.]</span> 
     </span>
     <span class='ocr_line' id='line_1_14' title="bbox 787 979 1246 1017; baseline 0 0"><span class='ocrx_word' id='word_1_88' title='bbox 787 980 852 1017; x_wconf 88' lang='lat' dir='ltr'>Ad</span> <span class='ocrx_word' id='word_1_89' title='bbox 876 979 1096 1017; x_wconf 88' lang='lat' dir='ltr'>Altinaum</span> <span class='ocrx_word' id='word_1_90' title='bbox 1118 981 1246 1017; x_wconf 88' lang='lat' dir='ltr'>missa</span> 
     </span>
    </p>
   </div>
   <div class='ocr_carea' id='block_1_5' title="bbox 232 1045 1797 1149">
    <p class='ocr_par' dir='ltr' id='par_1_5' title="bbox 232 1045 1797 1149">
     <span class='ocr_line' id='line_1_15' title="bbox 287 1045 1797 1095; baseline -0.001 -11"><span class='ocrx_word' id='word_1_91' title='bbox 287 1046 405 1091; x_wconf 85' lang='lat' dir='ltr'>LOCI,</span> <span class='ocrx_word' id='word_1_92' title='bbox 434 1047 590 1095; x_wconf 88' lang='lat' dir='ltr'>quibus</span> <span class='ocrx_word' id='word_1_93' title='bbox 622 1047 801 1095; x_wconf 87' lang='lat' dir='ltr'>pecunia</span> <span class='ocrx_word' id='word_1_94' title='bbox 828 1045 877 1082; x_wconf 94' lang='lat' dir='ltr'>D.</span> <span class='ocrx_word' id='word_1_95' title='bbox 909 1045 1073 1082; x_wconf 84' lang='lat' dir='ltr'>Erasmi</span> <span class='ocrx_word' id='word_1_96' title='bbox 1103 1045 1381 1083; x_wconf 83' lang='lat' dir='ltr'>Roterodarni</span> <span class='ocrx_word' id='word_1_97' title='bbox 1409 1046 1522 1095; x_wconf 82' lang='lat' dir='ltr'>apud</span> <span class='ocrx_word' id='word_1_98' title='bbox 1551 1045 1797 1083; x_wconf 81' lang='lat' dir='ltr'>Goelenium</span> 
     </span>
     <span class='ocr_line' id='line_1_16' title="bbox 232 1100 1301 1149; baseline 0 -11"><span class='ocrx_word' id='word_1_99' title='bbox 232 1102 409 1139; x_wconf 88' lang='lat' dir='ltr'>inuenta</span> <span class='ocrx_word' id='word_1_100' title='bbox 431 1114 514 1138; x_wconf 89' lang='lat' dir='ltr'>non</span> <span class='ocrx_word' id='word_1_101' title='bbox 536 1101 697 1138; x_wconf 88' lang='lat' dir='ltr'>donata</span> <span class='ocrx_word' id='word_1_102' title='bbox 719 1100 792 1137; x_wconf 84' lang='lat' dir='ltr'>sed</span> <span class='ocrx_word' id='word_1_103' title='bbox 814 1100 1008 1149; x_wconf 86' lang='lat' dir='ltr'>deposita</span> <span class='ocrx_word' id='word_1_104' title='bbox 1029 1101 1301 1138; x_wconf 87' lang='lat' dir='ltr'>euincuntur.</span> 
     </span>
    </p>
   </div>
   <div class='ocr_carea' id='block_1_6' title="bbox 174 1164 1800 1707">
    <p class='ocr_par' dir='ltr' id='par_1_6' title="bbox 174 1164 1800 1707">
     <span class='ocr_line' id='line_1_17' title="bbox 285 1164 1797 1215; baseline -0.001 -11"><span class='ocrx_word' id='word_1_105' title='bbox 285 1167 398 1215; x_wconf 68' lang='lat' dir='ltr'>(Ex)</span> <span class='ocrx_word' id='word_1_106' title='bbox 428 1170 687 1204; x_wconf 83' lang='lat' dir='ltr'>testamento</span> <span class='ocrx_word' id='word_1_107' title='bbox 715 1165 881 1202; x_wconf 87' lang='lat' dir='ltr'>Erasmi</span> <span class='ocrx_word' id='word_1_108' title='bbox 911 1164 1189 1203; x_wconf 84' lang='lat' dir='ltr'>Roterodami</span> <span class='ocrx_word' id='word_1_109' title='bbox 1218 1179 1295 1203; x_wconf 87' lang='lat' dir='ltr'>sua</span> <span class='ocrx_word' id='word_1_110' title='bbox 1322 1178 1449 1203; x_wconf 90' lang='lat' dir='ltr'>manu</span> <span class='ocrx_word' id='word_1_111' title='bbox 1485 1166 1669 1204; x_wconf 81' lang='lat' dir='ltr'>Basileae</span> <span class='ocrx_word' id='word_1_112' title='bbox 1695 1166 1797 1203; x_wconf 86' lang='lat' dir='ltr'>‹luo-</span> 
     </span>
     <span class='ocr_line' id='line_1_18' title="bbox 193 1220 1797 1269; baseline 0 -11"><span class='ocrx_word' id='word_1_113' title='bbox 193 1221 394 1267; x_wconf 83' lang='lat' dir='ltr'>5decimo</span> <span class='ocrx_word' id='word_1_114' title='bbox 434 1221 500 1258; x_wconf 87' lang='lat' dir='ltr'>‹lie</span> <span class='ocrx_word' id='word_1_115' title='bbox 541 1221 757 1257; x_wconf 72' lang='lat' dir='ltr'>Februarii</span> <span class='ocrx_word' id='word_1_116' title='bbox 796 1232 909 1257; x_wconf 86' lang='lat' dir='ltr'>anno</span> <span class='ocrx_word' id='word_1_117' title='bbox 943 1233 968 1257; x_wconf 87' lang='lat' dir='ltr'>a</span> <span class='ocrx_word' id='word_1_118' title='bbox 1003 1220 1137 1257; x_wconf 87' lang='lat' dir='ltr'>natali</span> <span class='ocrx_word' id='word_1_119' title='bbox 1172 1221 1384 1257; x_wconf 88' lang='lat' dir='ltr'>dominico</span> <span class='ocrx_word' id='word_1_120' title='bbox 1420 1220 1643 1258; x_wconf 85' lang='lat' dir='ltr'>millesimo</span> <span class='ocrx_word' id='word_1_121' title='bbox 1678 1222 1797 1269; x_wconf 89' lang='lat' dir='ltr'>quin-</span> 
     </span>
     <span class='ocr_line' id='line_1_19' title="bbox 230 1275 1800 1325; baseline -0.001 -12"><span class='ocrx_word' id='word_1_122' title='bbox 230 1276 463 1325; x_wconf 82' lang='lat' dir='ltr'>gentesimo</span> <span class='ocrx_word' id='word_1_123' title='bbox 493 1276 704 1313; x_wconf 86' lang='lat' dir='ltr'>tricesimo</span> <span class='ocrx_word' id='word_1_124' title='bbox 734 1279 855 1312; x_wconf 87' lang='lat' dir='ltr'>sexto</span> <span class='ocrx_word' id='word_1_125' title='bbox 886 1276 1045 1324; x_wconf 87' lang='lat' dir='ltr'>scripto</span> <span class='ocrx_word' id='word_1_126' title='bbox 1076 1279 1119 1312; x_wconf 87' lang='lat' dir='ltr'>et</span> <span class='ocrx_word' id='word_1_127' title='bbox 1155 1275 1357 1325; x_wconf 81' lang='lat' dir='ltr'>peculiari</span> <span class='ocrx_word' id='word_1_128' title='bbox 1393 1275 1537 1312; x_wconf 83' lang='lat' dir='ltr'>annuli</span> <span class='ocrx_word' id='word_1_129' title='bbox 1570 1277 1632 1312; x_wconf 80' lang='lat' dir='ltr'>sui</span> <span class='ocrx_word' id='word_1_130' title='bbox 1663 1275 1800 1325; x_wconf 68' lang='lat' dir='ltr'>sigillo</span> 
     </span>
     <span class='ocr_line' id='line_1_20' title="bbox 231 1330 640 1379; baseline -0.002 -11"><span class='ocrx_word' id='word_1_131' title='bbox 231 1330 429 1368; x_wconf 81' lang='lat' dir='ltr'>Termino</span> <span class='ocrx_word' id='word_1_132' title='bbox 451 1331 640 1379; x_wconf 81' lang='lat' dir='ltr'>signato:</span> 
     </span>
     <span class='ocr_line' id='line_1_21' title="bbox 287 1383 1798 1434; baseline 0 -12"><span class='ocrx_word' id='word_1_133' title='bbox 287 1384 470 1422; x_wconf 86' lang='lat' dir='ltr'>‘Haeres</span> <span class='ocrx_word' id='word_1_134' title='bbox 491 1389 571 1422; x_wconf 88' lang='lat' dir='ltr'>etc.</span> <span class='ocrx_word' id='word_1_135' title='bbox 624 1385 850 1421; x_wconf 74' lang='lat' dir='ltr'>Pecuniam</span> <span class='ocrx_word' id='word_1_136' title='bbox 873 1383 989 1434; x_wconf 86' lang='lat' dir='ltr'>apud</span> <span class='ocrx_word' id='word_1_137' title='bbox 1010 1383 1252 1422; x_wconf 87' lang='lat' dir='ltr'>Conradum</span> <span class='ocrx_word' id='word_1_138' title='bbox 1282 1383 1529 1421; x_wconf 87' lang='lat' dir='ltr'>Goclenium</span> <span class='ocrx_word' id='word_1_139' title='bbox 1559 1384 1798 1434; x_wconf 74' lang='lat' dir='ltr'>depositam</span> 
     </span>
     <span class='ocr_line' id='line_1_22' title="bbox 231 1438 1797 1489; baseline 0 -13"><span class='ocrx_word' id='word_1_140' title='bbox 231 1439 291 1476; x_wconf 88' lang='lat' dir='ltr'>illi</span> <span class='ocrx_word' id='word_1_141' title='bbox 314 1440 354 1476; x_wconf 91' lang='lat' dir='ltr'>in</span> <span class='ocrx_word' id='word_1_142' title='bbox 377 1439 612 1476; x_wconf 81' lang='lat' dir='ltr'>Brabantia</span> <span class='ocrx_word' id='word_1_143' title='bbox 633 1438 963 1489; x_wconf 77' lang='lat' dir='ltr'>dispensandam</span> <span class='ocrx_word' id='word_1_144' title='bbox 992 1439 1215 1488; x_wconf 78' lang='lat' dir='ltr'>relinquet,</span> <span class='ocrx_word' id='word_1_145' title='bbox 1238 1439 1599 1488; x_wconf 75' lang='lat' dir='ltr'>quemadmodum</span> <span class='ocrx_word' id='word_1_146' title='bbox 1622 1440 1658 1476; x_wconf 90' lang='lat' dir='ltr'>ei</span> <span class='ocrx_word' id='word_1_147' title='bbox 1682 1452 1797 1476; x_wconf 84' lang='lat' dir='ltr'>man-</span> 
     </span>
     <span class='ocr_line' id='line_1_23' title="bbox 174 1494 356 1531; baseline -0.005 0"><span class='ocrx_word' id='word_1_148' title='bbox 174 1510 212 1531; x_wconf 92' lang='lat'>10</span> <span class='ocrx_word' id='word_1_149' title='bbox 231 1494 331 1531; x_wconf 87' lang='lat' dir='ltr'>daui</span> <span class='ocrx_word' id='word_1_150' title='bbox 349 1495 356 1508; x_wconf 94' lang='lat'>&#39;</span> 
     </span>
     <span class='ocr_line' id='line_1_24' title="bbox 286 1548 1799 1598; baseline 0.001 -13"><span class='ocrx_word' id='word_1_151' title='bbox 286 1548 350 1585; x_wconf 87' lang='lat' dir='ltr'>Ex</span> <span class='ocrx_word' id='word_1_152' title='bbox 377 1549 484 1586; x_wconf 89' lang='lat' dir='ltr'>libro</span> <span class='ocrx_word' id='word_1_153' title='bbox 511 1549 724 1586; x_wconf 89' lang='lat' dir='ltr'>rationum</span> <span class='ocrx_word' id='word_1_154' title='bbox 753 1548 913 1585; x_wconf 88' lang='lat' dir='ltr'>domini</span> <span class='ocrx_word' id='word_1_155' title='bbox 940 1548 1104 1586; x_wconf 87' lang='lat' dir='ltr'>Erasmi</span> <span class='ocrx_word' id='word_1_156' title='bbox 1129 1561 1259 1586; x_wconf 90' lang='lat' dir='ltr'>manu</span> <span class='ocrx_word' id='word_1_157' title='bbox 1284 1549 1444 1598; x_wconf 87' lang='lat' dir='ltr'>scripto</span> <span class='ocrx_word' id='word_1_158' title='bbox 1471 1552 1514 1586; x_wconf 87' lang='lat' dir='ltr'>et</span> <span class='ocrx_word' id='word_1_159' title='bbox 1541 1561 1565 1586; x_wconf 87' lang='lat' dir='ltr'>a</span> <span class='ocrx_word' id='word_1_160' title='bbox 1593 1552 1730 1586; x_wconf 89' lang='lat' dir='ltr'>morte</span> <span class='ocrx_word' id='word_1_161' title='bbox 1758 1549 1799 1585; x_wconf 89' lang='lat' dir='ltr'>in</span> 
     </span>
     <span class='ocr_line' id='line_1_25' title="bbox 231 1603 721 1641; baseline 0 -1"><span class='ocrx_word' id='word_1_162' title='bbox 231 1604 393 1640; x_wconf 86' lang='lat' dir='ltr'>scriniis</span> <span class='ocrx_word' id='word_1_163' title='bbox 416 1604 501 1640; x_wconf 91' lang='lat' dir='ltr'>suis</span> <span class='ocrx_word' id='word_1_164' title='bbox 523 1603 721 1641; x_wconf 89' lang='lat' dir='ltr'>inuento:</span> 
     </span>
     <span class='ocr_line' id='line_1_26' title="bbox 750 1656 1285 1707; baseline 0.002 -12"><span class='ocrx_word' id='word_1_165' title='bbox 750 1657 866 1704; x_wconf 84' lang='lat' dir='ltr'>Quae</span> <span class='ocrx_word' id='word_1_166' title='bbox 888 1657 1002 1707; x_wconf 89' lang='lat' dir='ltr'>apud</span> <span class='ocrx_word' id='word_1_167' title='bbox 1024 1656 1285 1696; x_wconf 87' lang='lat' dir='ltr'>Goclenium.</span> 
     </span>
    </p>
   </div>
   <div class='ocr_carea' id='block_1_7' title="bbox 171 1723 1798 2101">
    <p class='ocr_par' dir='ltr' id='par_1_7' title="bbox 171 1723 1798 2101">
     <span class='ocr_line' id='line_1_27' title="bbox 231 1723 1375 1773; baseline -0.001 -12"><span class='ocrx_word' id='word_1_168' title='bbox 231 1724 400 1761; x_wconf 90' lang='lat' dir='ltr'>Floreni</span> <span class='ocrx_word' id='word_1_169' title='bbox 420 1725 535 1761; x_wconf 91' lang='lat' dir='ltr'>aurei</span> <span class='ocrx_word' id='word_1_170' title='bbox 557 1736 685 1773; x_wconf 89' lang='lat' dir='ltr'>supra</span> <span class='ocrx_word' id='word_1_171' title='bbox 707 1723 1041 1773; x_wconf 81' lang='lat' dir='ltr'>quadringentos</span> <span class='ocrx_word' id='word_1_172' title='bbox 1062 1724 1375 1773; x_wconf 81' lang='lat' dir='ltr'>quinquaginta</span> 
     </span>
     <span class='ocr_line' id='line_1_28' title="bbox 175 1778 712 1828; baseline 0 -13"><span class='ocrx_word' id='word_1_173' title='bbox 175 1794 210 1823; x_wconf 86' lang='lat'>15</span> <span class='ocrx_word' id='word_1_174' title='bbox 231 1778 388 1816; x_wconf 85' lang='lat' dir='ltr'>Ducati</span> <span class='ocrx_word' id='word_1_175' title='bbox 409 1778 618 1828; x_wconf 78' lang='lat' dir='ltr'>simplices</span> <span class='ocrx_word' id='word_1_176' title='bbox 639 1791 712 1815; x_wconf 82' lang='lat' dir='ltr'>sex</span> 
     </span>
     <span class='ocr_line' id='line_1_29' title="bbox 231 1833 846 1883; baseline 0 -13"><span class='ocrx_word' id='word_1_177' title='bbox 231 1833 455 1883; x_wconf 86' lang='lat' dir='ltr'>Philippici</span> <span class='ocrx_word' id='word_1_178' title='bbox 476 1837 646 1870; x_wconf 85' lang='lat' dir='ltr'>centum</span> <span class='ocrx_word' id='word_1_179' title='bbox 668 1833 846 1882; x_wconf 84' lang='lat' dir='ltr'>triginta</span> 
     </span>
     <span class='ocr_line' id='line_1_30' title="bbox 231 1886 1798 1937; baseline 0 -13"><span class='ocrx_word' id='word_1_180' title='bbox 231 1887 397 1925; x_wconf 86' lang='lat' dir='ltr'>Floreni</span> <span class='ocrx_word' id='word_1_181' title='bbox 427 1887 643 1925; x_wconf 83' lang='lat' dir='ltr'>Renenses</span> <span class='ocrx_word' id='word_1_182' title='bbox 669 1891 867 1925; x_wconf 88' lang='lat' dir='ltr'>monetae</span> <span class='ocrx_word' id='word_1_183' title='bbox 896 1886 1181 1924; x_wconf 86' lang='lat' dir='ltr'>Brabanticae</span> <span class='ocrx_word' id='word_1_184' title='bbox 1211 1888 1391 1925; x_wconf 84' lang='lat' dir='ltr'>trecenti</span> <span class='ocrx_word' id='word_1_185' title='bbox 1416 1886 1701 1937; x_wconf 83' lang='lat' dir='ltr'>quadraginta</span> <span class='ocrx_word' id='word_1_186' title='bbox 1727 1899 1798 1924; x_wconf 86' lang='lat' dir='ltr'>sex</span> 
     </span>
     <span class='ocr_line' id='line_1_31' title="bbox 339 1942 681 1979; baseline 0 0"><span class='ocrx_word' id='word_1_187' title='bbox 339 1955 436 1979; x_wconf 91' lang='lat' dir='ltr'>cum</span> <span class='ocrx_word' id='word_1_188' title='bbox 457 1942 681 1979; x_wconf 87' lang='lat' dir='ltr'>dimidiato</span> 
     </span>
     <span class='ocr_line' id='line_1_32' title="bbox 230 1995 992 2046; baseline -0.001 -12"><span class='ocrx_word' id='word_1_189' title='bbox 230 1995 431 2034; x_wconf 81' lang='lat' dir='ltr'>Coronati</span> <span class='ocrx_word' id='word_1_190' title='bbox 452 1996 578 2034; x_wconf 86' lang='lat' dir='ltr'>solati</span> <span class='ocrx_word' id='word_1_191' title='bbox 600 1996 886 2046; x_wconf 85' lang='lat' dir='ltr'>quadraginta</span> <span class='ocrx_word' id='word_1_192' title='bbox 907 1996 992 2034; x_wconf 88' lang='lat' dir='ltr'>duo</span> 
     </span>
     <span class='ocr_line' id='line_1_33' title="bbox 171 2050 1403 2101; baseline -0.001 -12"><span class='ocrx_word' id='word_1_193' title='bbox 171 2067 212 2089; x_wconf 86' lang='lat'>20</span> <span class='ocrx_word' id='word_1_194' title='bbox 232 2050 456 2101; x_wconf 90' lang='lat' dir='ltr'>Philippici</span> <span class='ocrx_word' id='word_1_195' title='bbox 477 2052 594 2088; x_wconf 87' lang='lat' dir='ltr'>aurei</span> <span class='ocrx_word' id='word_1_196' title='bbox 615 2052 819 2100; x_wconf 82' lang='lat' dir='ltr'>nongenti</span> <span class='ocrx_word' id='word_1_197' title='bbox 840 2063 993 2088; x_wconf 90' lang='lat' dir='ltr'>nouem</span> <span class='ocrx_word' id='word_1_198' title='bbox 1016 2063 1111 2088; x_wconf 86' lang='lat' dir='ltr'>cum</span> <span class='ocrx_word' id='word_1_199' title='bbox 1134 2063 1218 2088; x_wconf 88' lang='lat' dir='ltr'>vno</span> <span class='ocrx_word' id='word_1_200' title='bbox 1240 2051 1403 2089; x_wconf 81' lang='lat' dir='ltr'>stufero</span> 
     </span>
    </p>
   </div>
   <div class='ocr_carea' id='block_1_8' title="bbox 875 2138 1151 2176">
    <p class='ocr_par' dir='ltr' id='par_1_8' title="bbox 875 2138 1151 2176">
     <span class='ocr_line' id='line_1_34' title="bbox 875 2138 1151 2176; baseline 0.004 -1"><span class='ocrx_word' id='word_1_201' title='bbox 875 2138 1151 2176; x_wconf 86' lang='lat' dir='ltr'>Detrahenda</span> 
     </span>
    </p>
   </div>
   <div class='ocr_carea' id='block_1_9' title="bbox 232 2202 1261 2307">
    <p class='ocr_par' dir='ltr' id='par_1_9' title="bbox 232 2202 1261 2307">
     <span class='ocr_line' id='line_1_35' title="bbox 232 2202 1098 2253; baseline 0.001 -13"><span class='ocrx_word' id='word_1_202' title='bbox 232 2202 424 2249; x_wconf 79' lang='lat' dir='ltr'>Quatuor</span> <span class='ocrx_word' id='word_1_203' title='bbox 446 2204 650 2249; x_wconf 89' lang='lat' dir='ltr'>coronati,</span> <span class='ocrx_word' id='word_1_204' title='bbox 673 2216 779 2253; x_wconf 92' lang='lat' dir='ltr'>quos</span> <span class='ocrx_word' id='word_1_205' title='bbox 800 2204 919 2241; x_wconf 90' lang='lat' dir='ltr'>dedit</span> <span class='ocrx_word' id='word_1_206' title='bbox 941 2203 1098 2253; x_wconf 81' lang='lat' dir='ltr'>Lypsio</span> 
     </span>
     <span class='ocr_line' id='line_1_36' title="bbox 232 2257 1261 2307; baseline 0 -12"><span class='ocrx_word' id='word_1_207' title='bbox 232 2257 425 2307; x_wconf 85' lang='lat' dir='ltr'>Quinque</span> <span class='ocrx_word' id='word_1_208' title='bbox 446 2258 593 2296; x_wconf 78' lang='lat' dir='ltr'>floreni</span> <span class='ocrx_word' id='word_1_209' title='bbox 614 2259 743 2303; x_wconf 86' lang='lat' dir='ltr'>aurei,</span> <span class='ocrx_word' id='word_1_210' title='bbox 766 2271 872 2307; x_wconf 87' lang='lat' dir='ltr'>quos</span> <span class='ocrx_word' id='word_1_211' title='bbox 893 2258 1011 2295; x_wconf 90' lang='lat' dir='ltr'>dedit</span> <span class='ocrx_word' id='word_1_212' title='bbox 1032 2258 1261 2296; x_wconf 89' lang='lat' dir='ltr'>Lamberto</span> 
     </span>
    </p>
   </div>
   <div class='ocr_carea' id='block_1_10' title="bbox 173 2323 1797 2646">
    <p class='ocr_par' dir='ltr' id='par_1_10' title="bbox 173 2323 1797 2646">
     <span class='ocr_line' id='line_1_37' title="bbox 232 2323 1795 2373; baseline 0.001 -13"><span class='ocrx_word' id='word_1_213' title='bbox 232 2323 344 2371; x_wconf 83' lang='lat' dir='ltr'>&lt;Ex&gt;</span> <span class='ocrx_word' id='word_1_214' title='bbox 381 2325 620 2361; x_wconf 87' lang='lat' dir='ltr'>inuentario</span> <span class='ocrx_word' id='word_1_215' title='bbox 652 2325 841 2361; x_wconf 89' lang='lat' dir='ltr'>omnium</span> <span class='ocrx_word' id='word_1_216' title='bbox 878 2324 1087 2361; x_wconf 90' lang='lat' dir='ltr'>bonorum</span> <span class='ocrx_word' id='word_1_217' title='bbox 1120 2336 1145 2361; x_wconf 84' lang='lat' dir='ltr'>a</span> <span class='ocrx_word' id='word_1_218' title='bbox 1180 2328 1317 2361; x_wconf 86' lang='lat' dir='ltr'>morte</span> <span class='ocrx_word' id='word_1_219' title='bbox 1352 2324 1517 2361; x_wconf 83' lang='lat' dir='ltr'>Erasmi</span> <span class='ocrx_word' id='word_1_220' title='bbox 1558 2336 1630 2373; x_wconf 92' lang='lat' dir='ltr'>per</span> <span class='ocrx_word' id='word_1_221' title='bbox 1670 2323 1795 2361; x_wconf 89' lang='lat' dir='ltr'>infra-</span> 
     </span>
     <span class='ocr_line' id='line_1_38' title="bbox 173 2378 1796 2427; baseline 0.001 -13"><span class='ocrx_word' id='word_1_222' title='bbox 173 2393 212 2423; x_wconf 83' lang='lat'>25</span> <span class='ocrx_word' id='word_1_223' title='bbox 233 2379 437 2427; x_wconf 86' lang='lat' dir='ltr'>scriptum</span> <span class='ocrx_word' id='word_1_224' title='bbox 472 2380 686 2415; x_wconf 85' lang='lat' dir='ltr'>notarium</span> <span class='ocrx_word' id='word_1_225' title='bbox 724 2378 946 2416; x_wconf 87' lang='lat' dir='ltr'>vndecima</span> <span class='ocrx_word' id='word_1_226' title='bbox 981 2378 1047 2416; x_wconf 92' lang='lat' dir='ltr'>die</span> <span class='ocrx_word' id='word_1_227' title='bbox 1084 2378 1181 2416; x_wconf 90' lang='lat' dir='ltr'>Iulii</span> <span class='ocrx_word' id='word_1_228' title='bbox 1217 2379 1342 2415; x_wconf 89' lang='lat' dir='ltr'>Anno</span> <span class='ocrx_word' id='word_1_229' title='bbox 1377 2378 1537 2416; x_wconf 89' lang='lat' dir='ltr'>domini</span> <span class='ocrx_word' id='word_1_230' title='bbox 1573 2378 1796 2415; x_wconf 89' lang='lat' dir='ltr'>millesimo</span> 
     </span>
     <span class='ocr_line' id='line_1_39' title="bbox 232 2433 1430 2482; baseline 0.001 -13"><span class='ocrx_word' id='word_1_231' title='bbox 232 2433 570 2481; x_wconf 83' lang='lat' dir='ltr'>quingentesimo</span> <span class='ocrx_word' id='word_1_232' title='bbox 592 2433 804 2470; x_wconf 89' lang='lat' dir='ltr'>tricesimo</span> <span class='ocrx_word' id='word_1_233' title='bbox 827 2437 949 2470; x_wconf 84' lang='lat' dir='ltr'>sexto</span> <span class='ocrx_word' id='word_1_234' title='bbox 970 2434 1129 2482; x_wconf 83' lang='lat' dir='ltr'>scripto</span> <span class='ocrx_word' id='word_1_235' title='bbox 1149 2438 1192 2470; x_wconf 94' lang='lat' dir='ltr'>et</span> <span class='ocrx_word' id='word_1_236' title='bbox 1213 2433 1430 2470; x_wconf 82' lang='lat' dir='ltr'>confecto:</span> 
     </span>
     <span class='ocr_line' id='line_1_40' title="bbox 288 2486 1797 2537; baseline 0 -13"><span class='ocrx_word' id='word_1_237' title='bbox 288 2486 397 2524; x_wconf 89' lang='lat' dir='ltr'>Item</span> <span class='ocrx_word' id='word_1_238' title='bbox 434 2487 713 2537; x_wconf 81' lang='lat' dir='ltr'>chirographa</span> <span class='ocrx_word' id='word_1_239' title='bbox 744 2487 955 2536; x_wconf 87' lang='lat' dir='ltr'>quaedam</span> <span class='ocrx_word' id='word_1_240' title='bbox 991 2486 1173 2524; x_wconf 89' lang='lat' dir='ltr'>Conradi</span> <span class='ocrx_word' id='word_1_241' title='bbox 1205 2486 1391 2525; x_wconf 88' lang='lat' dir='ltr'>Goclenii</span> <span class='ocrx_word' id='word_1_242' title='bbox 1424 2487 1601 2524; x_wconf 90' lang='lat' dir='ltr'>Louanii</span> <span class='ocrx_word' id='word_1_243' title='bbox 1633 2487 1797 2536; x_wconf 81' lang='lat' dir='ltr'>agentis</span> 
     </span>
     <span class='ocr_line' id='line_1_41' title="bbox 232 2541 1797 2591; baseline 0.001 -14"><span class='ocrx_word' id='word_1_244' title='bbox 232 2542 495 2578; x_wconf 86' lang='lat' dir='ltr'>continentia</span> <span class='ocrx_word' id='word_1_245' title='bbox 517 2554 727 2579; x_wconf 89' lang='lat' dir='ltr'>summam</span> <span class='ocrx_word' id='word_1_246' title='bbox 752 2541 847 2591; x_wconf 90' lang='lat' dir='ltr'>plus</span> <span class='ocrx_word' id='word_1_247' title='bbox 868 2542 1008 2579; x_wconf 90' lang='lat' dir='ltr'>minus</span> <span class='ocrx_word' id='word_1_248' title='bbox 1033 2541 1145 2579; x_wconf 90' lang='lat' dir='ltr'>mille</span> <span class='ocrx_word' id='word_1_249' title='bbox 1172 2546 1481 2591; x_wconf 86' lang='lat' dir='ltr'>nongentorum</span> <span class='ocrx_word' id='word_1_250' title='bbox 1508 2545 1551 2578; x_wconf 90' lang='lat' dir='ltr'>et</span> <span class='ocrx_word' id='word_1_251' title='bbox 1576 2542 1797 2590; x_wconf 81' lang='lat' dir='ltr'>sexaginta</span> 
     </span>
     <span class='ocr_line' id='line_1_42' title="bbox 232 2595 1794 2646; baseline 0.001 -14"><span class='ocrx_word' id='word_1_252' title='bbox 232 2608 455 2633; x_wconf 88' lang='lat' dir='ltr'>aureorum</span> <span class='ocrx_word' id='word_1_253' title='bbox 477 2596 613 2633; x_wconf 86' lang='lat' dir='ltr'>eidem</span> <span class='ocrx_word' id='word_1_254' title='bbox 635 2595 807 2633; x_wconf 89' lang='lat' dir='ltr'>domino</span> <span class='ocrx_word' id='word_1_255' title='bbox 823 2595 1022 2634; x_wconf 84' lang='lat' dir='ltr'>Goelenio</span> <span class='ocrx_word' id='word_1_256' title='bbox 1038 2596 1093 2634; x_wconf 90' lang='lat' dir='ltr'>ad</span> <span class='ocrx_word' id='word_1_257' title='bbox 1114 2596 1446 2646; x_wconf 88' lang='lat' dir='ltr'>dispensandum</span> <span class='ocrx_word' id='word_1_258' title='bbox 1463 2597 1794 2633; x_wconf 78' lang='lat' dir='ltr'>commissorum.</span> 
     </span>
    </p>
   </div>
   <div class='ocr_carea' id='block_1_11' title="bbox 172 2659 1794 2819">
    <p class='ocr_par' dir='ltr' id='par_1_11' title="bbox 172 2659 1794 2819">
     <span class='ocr_line' id='line_1_43' title="bbox 172 2659 1794 2706; baseline 0.001 -9"><span class='ocrx_word' id='word_1_259' title='bbox 172 2676 214 2706; x_wconf 85' lang='lat'>30</span> <span class='ocrx_word' id='word_1_260' title='bbox 234 2661 299 2697; x_wconf 84' lang='lat' dir='ltr'>Ex</span> <span class='ocrx_word' id='word_1_261' title='bbox 321 2660 453 2697; x_wconf 87' lang='lat' dir='ltr'>literis</span> <span class='ocrx_word' id='word_1_262' title='bbox 473 2659 655 2698; x_wconf 89' lang='lat' dir='ltr'>Conradi</span> <span class='ocrx_word' id='word_1_263' title='bbox 676 2660 864 2698; x_wconf 88' lang='lat' dir='ltr'>Goclenii</span> <span class='ocrx_word' id='word_1_264' title='bbox 886 2674 1015 2698; x_wconf 88' lang='lat' dir='ltr'>manu</span> <span class='ocrx_word' id='word_1_265' title='bbox 1042 2661 1097 2698; x_wconf 86' lang='lat' dir='ltr'>ad</span> <span class='ocrx_word' id='word_1_266' title='bbox 1121 2661 1339 2698; x_wconf 90' lang='lat' dir='ltr'>doctorem</span> <span class='ocrx_word' id='word_1_267' title='bbox 1362 2661 1629 2698; x_wconf 78' lang='lat' dir='ltr'>Bonifacium</span> <span class='ocrx_word' id='word_1_268' title='bbox 1651 2660 1794 2698; x_wconf 88' lang='lat' dir='ltr'>Amer-</span> 
     </span>
     <span class='ocr_line' id='line_1_44' title="bbox 235 2714 1794 2765; baseline 0.001 -14"><span class='ocrx_word' id='word_1_269' title='bbox 235 2714 431 2752; x_wconf 84' lang='lat' dir='ltr'>bachium</span> <span class='ocrx_word' id='word_1_270' title='bbox 459 2715 637 2752; x_wconf 90' lang='lat' dir='ltr'>Louanii</span> <span class='ocrx_word' id='word_1_271' title='bbox 663 2715 826 2752; x_wconf 86' lang='lat' dir='ltr'>decima</span> <span class='ocrx_word' id='word_1_272' title='bbox 846 2728 959 2753; x_wconf 90' lang='lat' dir='ltr'>nona</span> <span class='ocrx_word' id='word_1_273' title='bbox 980 2715 1162 2765; x_wconf 79' lang='lat' dir='ltr'>Augusti</span> <span class='ocrx_word' id='word_1_274' title='bbox 1183 2715 1307 2752; x_wconf 92' lang='lat' dir='ltr'>Anno</span> <span class='ocrx_word' id='word_1_275' title='bbox 1328 2726 1579 2753; x_wconf 79' lang='lat' dir='ltr'>M.D.XXXV1.</span> <span class='ocrx_word' id='word_1_276' title='bbox 1602 2715 1794 2764; x_wconf 84' lang='lat' dir='ltr'>scriptis:</span> 
     </span>
     <span class='ocr_line' id='line_1_45' title="bbox 235 2769 1292 2819; baseline 0.001 -13"><span class='ocrx_word' id='word_1_277' title='bbox 235 2769 454 2806; x_wconf 85' lang='lat' dir='ltr'>‘Ceterum</span> <span class='ocrx_word' id='word_1_278' title='bbox 477 2769 590 2818; x_wconf 90' lang='lat' dir='ltr'>quod</span> <span class='ocrx_word' id='word_1_279' title='bbox 614 2769 831 2819; x_wconf 82' lang='lat' dir='ltr'>adiungis&#39;</span> <span class='ocrx_word' id='word_1_280' title='bbox 853 2774 933 2807; x_wconf 86' lang='lat' dir='ltr'>etc.</span> <span class='ocrx_word' id='word_1_281' title='bbox 958 2769 1010 2818; x_wconf 89' lang='lat' dir='ltr'>(A</span> <span class='ocrx_word' id='word_1_282' title='bbox 1032 2780 1055 2817; x_wconf 90' lang='lat'>3</span> <span class='ocrx_word' id='word_1_283' title='bbox 1076 2769 1118 2807; x_wconf 90' lang='lat' dir='ltr'>ll.</span> <span class='ocrx_word' id='word_1_284' title='bbox 1143 2769 1292 2818; x_wconf 82' lang='lat'><strong>53-62)</strong></span> 
     </span>
    </p>
   </div>
   <div class='ocr_carea' id='block_1_12' title="bbox 176 2834 1794 2993">
    <p class='ocr_par' dir='ltr' id='par_1_12' title="bbox 176 2834 1794 2993">
     <span class='ocr_line' id='line_1_46' title="bbox 234 2834 1794 2883; baseline 0.001 -12"><span class='ocrx_word' id='word_1_285' title='bbox 234 2834 299 2871; x_wconf 87' lang='lat' dir='ltr'>Ex</span> <span class='ocrx_word' id='word_1_286' title='bbox 339 2834 472 2871; x_wconf 87' lang='lat' dir='ltr'>literis</span> <span class='ocrx_word' id='word_1_287' title='bbox 512 2847 641 2871; x_wconf 87' lang='lat' dir='ltr'>manu</span> <span class='ocrx_word' id='word_1_288' title='bbox 683 2834 869 2872; x_wconf 83' lang='lat' dir='ltr'>doctoris</span> <span class='ocrx_word' id='word_1_289' title='bbox 909 2834 1117 2872; x_wconf 83' lang='lat' dir='ltr'>Bonifacii</span> <span class='ocrx_word' id='word_1_290' title='bbox 1156 2835 1427 2872; x_wconf 88' lang='lat' dir='ltr'>Amerbachii</span> <span class='ocrx_word' id='word_1_291' title='bbox 1468 2836 1630 2883; x_wconf 88' lang='lat' dir='ltr'>[manu]</span> <span class='ocrx_word' id='word_1_292' title='bbox 1672 2834 1794 2871; x_wconf 90' lang='lat' dir='ltr'>Anno</span> 
     </span>
     <span class='ocr_line' id='line_1_47' title="bbox 234 2888 1792 2938; baseline 0 -13"><span class='ocrx_word' id='word_1_293' title='bbox 234 2899 473 2926; x_wconf 76' lang='lat' dir='ltr'>M.D.XXXV1</span> <span class='ocrx_word' id='word_1_294' title='bbox 497 2888 693 2926; x_wconf 83' lang='lat' dir='ltr'>Calendis</span> <span class='ocrx_word' id='word_1_295' title='bbox 717 2888 954 2938; x_wconf 84' lang='lat' dir='ltr'>Septembr.</span> <span class='ocrx_word' id='word_1_296' title='bbox 981 2889 1035 2926; x_wconf 91' lang='lat' dir='ltr'>ad</span> <span class='ocrx_word' id='word_1_297' title='bbox 1063 2888 1306 2927; x_wconf 87' lang='lat' dir='ltr'>Conradum</span> <span class='ocrx_word' id='word_1_298' title='bbox 1329 2888 1577 2927; x_wconf 85' lang='lat' dir='ltr'>Goelenium</span> <span class='ocrx_word' id='word_1_299' title='bbox 1602 2889 1792 2938; x_wconf 86' lang='lat' dir='ltr'>scriptis:</span> 
     </span>
     <span class='ocr_line' id='line_1_48' title="bbox 176 2942 1548 2993; baseline 0.001 -13"><span class='ocrx_word' id='word_1_300' title='bbox 176 2959 215 2988; x_wconf 82' lang='lat'>35</span> <span class='ocrx_word' id='word_1_301' title='bbox 236 2949 242 2962; x_wconf 86' lang='lat'>‘</span> <span class='ocrx_word' id='word_1_302' title='bbox 260 2942 382 2989; x_wconf 87' lang='lat' dir='ltr'>Quod</span> <span class='ocrx_word' id='word_1_303' title='bbox 403 2947 547 2980; x_wconf 79' lang='lat' dir='ltr'>autem</span> <span class='ocrx_word' id='word_1_304' title='bbox 570 2947 641 2980; x_wconf 84' lang='grc' dir='ltr'>τοῦ</span> <span class='ocrx_word' id='word_1_305' title='bbox 660 2943 1044 2992; x_wconf 83' lang='grc' dir='ltr'>σπουδαιοτροφείου</span> <span class='ocrx_word' id='word_1_306' title='bbox 1060 2944 1067 2953; x_wconf 75' lang='lat'><strong>&#39;</strong></span> <span class='ocrx_word' id='word_1_307' title='bbox 1090 2948 1170 2983; x_wconf 76' lang='lat' dir='ltr'>etc.</span> <span class='ocrx_word' id='word_1_308' title='bbox 1194 2943 1246 2993; x_wconf 92' lang='lat' dir='ltr'>(A</span> <span class='ocrx_word' id='word_1_309' title='bbox 1264 2954 1312 2991; x_wconf 80' lang='lat'>13</span> <span class='ocrx_word' id='word_1_310' title='bbox 1334 2943 1376 2981; x_wconf 92' lang='lat' dir='ltr'>ll.</span> <span class='ocrx_word' id='word_1_311' title='bbox 1403 2948 1548 2993; x_wconf 83' lang='lat'>12-19)</span> 
     </span>
    </p>
   </div>
  </div>
 </body>
</html>
