1966 3379
257 104 334 141 312
685 105 941 143 LETTERs
973 106 1042 144 oi?
1075 106 1337 145 ERASMUs
1698 111 1821 157 [1533

256 208 512 258 graphorum
544 209 718 246 officinis
749 211 909 259 operari
926 216 940 247 ’ί
990 210 1284 259 Nequaquam.
1336 210 1445 256 Quid
1482 212 1637 259 igitur?
1687 212 1820 262 Cupio

258 275 406 299 vacare
433 263 597 300 litteris
650 262 841 308 Quibus?
892 264 1030 302 Bonis
1084 265 1222 302 Pudet
1249 267 1358 302 enim
1387 266 1524 310 fateri,
1547 280 1588 303 se
1611 280 1817 304 nouorum

178 335 238 356 120
257 317 505 365 dogmatum
530 331 672 355 amore
694 320 840 356 teneri.
891 318 971 356 Sed
996 319 1049 356 ad
1075 320 1218 356 studia
1242 321 1433 370 suppetit
1456 322 1658 358 viaticum
1674 326 1689 358 ἱ)
1739 321 1818 359 Ne-

257 384 484 420 quaquam.
548 371 657 417 Quid
706 373 834 422 igitur
882 375 969 423 spei
985 379 1000 410 ζ’
1060 373 1101 411 si
1151 375 1244 422 quis
1293 375 1548 424 suppeditet.
1616 375 1820 413 Homines

258 427 431 463 suaues!
492 427 557 463 Ab
589 428 742 476 ignotis
772 432 901 476 atque
941 429 1069 470 etiam
1107 429 1297 466 diuersae
1334 429 1543 477 religionis
1579 430 1819 467 hominibus

257 480 480 529 postulant
501 486 548 518 vt
570 482 611 518 in
633 483 723 518 ocio
742 483 887 519 viuant
912 495 988 519 suo
1009 483 1221 520 arbitratu
1239 496 1397 532 suoque
1421 485 1654 521 commodo.
1704 485 1818 521 Haec

257 536 341 572 scio
373 535 450 572 tibi
483 536 614 573 videri
646 536 834 580 ridicula,
867 550 1096 586 nugasque,
1129 538 1200 574 sed
1233 538 1310 575 hae
1341 551 1476 585 nugae
1507 540 1614 576 seria
1642 539 1817 576 ducunt.

178 607 235 635 125
256 588 297 626 Si
334 591 610 639 magistratus
647 591 953 640 perpenderent
988 605 1116 640 quam
1154 605 1234 629 non
1272 593 1473 642 expediat
1511 594 1609 642 reip.
1648 594 1819 630 iuuenes

256 657 491 681 assuescere
513 646 615 689 ocio,
644 658 691 682 ac
718 646 923 683 mundum
952 646 1160 695 paulatim
1190 647 1355 696 impleri
1385 649 1558 684 curiosis
1585 652 1628 685 et
1657 649 1819 695 ignauis

256 699 487 744 erronibuS,
503 704 670 737 mature
685 700 905 737 studerent
919 713 1134 738 occurrere
1150 701 1347 750 periculo.
1381 701 1471 739 Iam
1486 702 1633 739 cadem
1650 702 1819 740 discunt

257 754 385 802 pueri,
409 754 487 791 sub
510 754 659 791 vmbra
681 755 849 792 scholae
877 755 1178 800 mendicantes,
1207 769 1281 793 nec
1310 756 1424 793 aliud
1454 769 1582 805 quam
1610 757 1814 794 ludentes.

255 808 297 844 Si
326 809 562 846 inuitentur
590 815 638 846 vt
666 810 899 847 inseruiant
924 810 1061 855 alicui,
1094 816 1314 848 recusant:
1349 816 1396 848 vt
1427 811 1593 848 discant
1623 811 1816 857 scribere,

177 879 236 909 130
255 875 340 911 quo
366 862 585 900 lucrentur
612 863 786 912 aliquid,
810 864 974 901 nolunt.
1026 865 1144 902 Adeo
1171 865 1292 902 dulce
1319 870 1383 902 est
1412 865 1517 902 illud
1545 867 1741 903 miserum
1770 879 1818 903 ac

254 917 471 954 sordidum
494 919 643 955 ocium.
696 917 805 964 Quid
828 932 950 968 porro
973 919 1045 956 fiet
1066 919 1116 956 de
1139 920 1309 964 talibus,
1328 925 1604 969 posteaquam
1628 921 1817 958 adoleuit

255 975 403 1009 aetas?
453 972 658 1010 Nesciunt
681 973 858 1017 litteras,
883 973 1064 1011 oderunt
1086 974 1340 1023 religionem,
1364 975 1525 1012 nullam
1549 980 1684 1012 artem
1712 975 1815 1012 didi-

255 1031 415 1064 cerunt.
467 1026 576 1073 Quid
605 1028 683 1064 nisi
706 1032 753 1064 vt
783 1033 1035 1077 procurrant
1064 1029 1104 1065 in
1135 1029 1305 1073 bellum,
1335 1033 1378 1066 et
1406 1029 1484 1066 sub
1513 1029 1661 1067 militie
1690 1029 1817 1067 titulo

254 1080 420 1118 discant
442 1081 711 1119 latrocinium
728 1087 742 1119 Υ
776 1082 1000 1120 Germania
1017 1084 1150 1132 gignit
1168 1084 1331 1131 ingenia
1349 1085 1598 1133 neutiquam
1622 1084 1815 1129 infelicia,

174 1151 233 1182 135
255 1136 288 1171 si
312 1135 532 1173 accederet
553 1149 578 1173 a
599 1138 755 1174 teneris
776 1138 896 1174 annis
918 1142 1033 1175 recta
1056 1139 1282 1176 institutio.
1335 1138 1415 1175 Sed
1438 1138 1500 1175 his
1522 1140 1681 1188 peiores
1703 1144 1815 1183 sunt,

254 1191 325 1238 qui
351 1203 481 1239 quum
509 1196 553 1228 et
579 1195 695 1229 etate
724 1192 809 1229 sint
834 1197 1048 1242 prouecta,
1075 1197 1119 1230 et
1143 1192 1306 1230 litteras
1332 1194 1483 1238 sciunt,
1512 1198 1555 1230 et
1580 1195 1706 1230 sacris
1731 1195 1815 1231 sint

254 1246 406 1291 onusti,
439 1250 583 1283 tamen
614 1247 742 1284 ociosi
773 1252 985 1295 vagantur
1018 1247 1190 1284 militari
1226 1249 1370 1297 spetie,
1408 1248 1678 1297 impudenter
1713 1248 1814 1285 abu-

254 1304 393 1336 tentes
433 1313 516 1337 non
558 1313 651 1338 meo
691 1305 875 1346 tantum,
912 1301 983 1338 sed
1024 1314 1271 1351 magnorum
1313 1315 1456 1352 regum
1492 1315 1539 1340 ac
1577 1304 1814 1352 principum

253 1354 404 1399 titulo;
437 1367 568 1403 quum
597 1355 701 1392 nulli
729 1368 901 1405 prorsus
929 1357 1176 1401 inseruiant,
1206 1358 1284 1394 nisi
1313 1356 1443 1394 Como
1470 1362 1513 1395 et
1542 1357 1666 1394 huius
1696 1358 1815 1394 vxori

172 1423 232 1454 140
253 1408 433 1454 Methae,
456 1421 539 1446 non
560 1409 684 1447 aliter
706 1423 834 1459 quam
856 1410 978 1459 gulae
996 1412 1218 1460 ventrique
1239 1412 1324 1449 sint
1345 1412 1448 1449 nati.

307 1463 471 1500 Horum
500 1469 810 1514 stratagemata
839 1478 949 1502 nunc
978 1478 1062 1502 non
1090 1466 1235 1503 refero.
1288 1466 1365 1503 Est
1389 1467 1499 1504 enim
1527 1465 1648 1506 Ἰλιὰς
1669 1470 1813 1504 κακῶν.

252 1517 437 1555 Tantum
454 1518 675 1564 admoneo,
694 1524 742 1557 vt
757 1524 801 1556 et
822 1521 908 1569 ipse
930 1533 954 1557 a
977 1520 1135 1557 talibus
1152 1534 1315 1565 caueas,
1333 1526 1377 1558 et
1393 1522 1550 1558 amicos
1568 1526 1616 1558 vt
1633 1526 1815 1559 caueant

250 1572 490 1610 admoneas.
551 1572 773 1619 Quomodo
802 1574 974 1620 cauebo,
1007 1576 1200 1624 inquies?
1259 1575 1301 1613 Si
1328 1575 1431 1612 nihil
1460 1575 1628 1613 illorum
1658 1576 1815 1613 fabulis

250 1627 408 1672 credas,
430 1628 509 1665 nisi
537 1627 702 1666 litteras
723 1642 748 1666 a
769 1629 890 1666 nobis
917 1629 1144 1666 attulerint
1172 1643 1266 1667 mea
1294 1643 1421 1667 manu
1450 1635 1636 1675 notatas,
1661 1631 1701 1667 in
1723 1632 1812 1679 qui-

170 1695 229 1726 145
251 1681 328 1718 bus
350 1683 602 1720 nominatim
627 1683 990 1721 commendentur.
1042 1684 1196 1722 Dicent
1224 1698 1266 1722 se
1295 1685 1516 1722 incurrisse
1546 1686 1587 1722 in
1614 1685 1812 1731 latrones,

249 1736 446 1774 omnibus
481 1742 633 1775 exutos
670 1738 801 1783 bonis,
838 1739 1050 1788 ademptis
1086 1740 1214 1776 etiam
1252 1739 1465 1789 epistolis:
1509 1739 1595 1777 noli
1632 1740 1811 1777 credere.

250 1790 411 1828 Fucum
448 1796 494 1829 tu
536 1804 612 1842 pro
651 1797 727 1829 tua
767 1793 997 1842 prudentia
1029 1793 1095 1830 vel
1132 1807 1182 1831 ex
1220 1795 1310 1843 ipso
1346 1794 1471 1831 vultu
1512 1794 1810 1844 deprehendes.

249 1844 502 1895 Quanquam
518 1860 576 1896 ⁴ne
597 1847 787 1897 epistolis
809 1848 980 1897 quidem
1006 1848 1128 1886 facile
1156 1848 1280 1886 fidem
1311 1849 1478 1886 habeas.
1530 1848 1663 1886 Senae
1692 1849 1810 1886 disci-

249 1900 396 1949 pulum
425 1901 565 1947 habui,
596 1902 968 1952 Archiepiscopum
1000 1903 1128 1940 titulo
1159 1902 1197 1940 S.
1230 1903 1437 1948 Andreae,
1471 1903 1614 1941 Iacobi
1646 1903 1811 1941 Scotiae

170 1968 230 1998 150
251 1954 376 2003 Regis
412 1955 606 2001 nothum,
643 1956 902 1994 dexterrimo
935 1958 1100 2007 ingenio
1130 1959 1339 2003 iuuenem,
1373 1958 1615 2007 probaeque
1646 1958 1809 1996 indolis.

250 2008 290 2046 Is
321 2011 361 2046 in
393 2011 653 2060 marginibus
685 2011 838 2049 codicis
869 2024 993 2061 quem
1030 2025 1248 2061 nunquam
1282 2013 1470 2050 videram
1502 2014 1558 2050 sic
1589 2014 1812 2050 effinxerat

248 2076 421 2101 manum
448 2078 585 2103 meam
607 2070 655 2102 vt
677 2066 779 2103 mihi
800 2066 924 2116 plane
952 2066 1081 2104 fuerit
1108 2068 1398 2116 impositurus,
1428 2069 1470 2104 ni
1499 2072 1614 2105 certo
1642 2068 1809 2104 scissem

247 2131 343 2155 eum
375 2119 561 2157 codicem
596 2133 815 2169 nunquam
847 2134 871 2158 a
902 2134 966 2158 me
1002 2121 1159 2159 lectum
1195 2126 1272 2159 aut
1303 2123 1453 2159 visum.
1506 2122 1691 2172 Vrgebat
1728 2122 1808 2167 ille,

248 2173 391 2210 dicens
418 2187 484 2212 me
514 2175 641 2212 fuisse
672 2175 867 2219 oblitum,
898 2176 1057 2225 alioqui
1085 2177 1207 2221 vnde,
1237 2178 1387 2225 inquit,
1419 2177 1494 2214 hec
1525 2189 1675 2214 manus
1705 2180 1811 2214 tua?

168 2242 227 2272 155
249 2227 453 2276 Agnosco,
478 2230 663 2278 inquam,
689 2243 876 2275 manum,
901 2230 972 2268 sed
995 2231 1149 2268 librum
1172 2244 1246 2268 nec
1269 2231 1380 2268 hunc
1402 2244 1477 2268 nec
1507 2231 1602 2268 huic
1632 2231 1810 2268 similem

248 2295 436 2331 vnquam
454 2284 635 2321 antehac
654 2285 753 2322 vidi.
806 2285 996 2322 Tandem
1014 2286 1166 2331 ridens,
1184 2286 1322 2323 fassus
1338 2290 1403 2323 est
1423 2285 1650 2323 artificium
1673 2299 1809 2323 suum.

248 2336 415 2375 Addam
442 2337 504 2375 his
530 2351 658 2376 vnam
688 2339 965 2384 historiolam,
988 2353 1063 2377 nec
1092 2344 1133 2377 te
1159 2340 1352 2389 pluribus
1380 2341 1575 2378 onerabo.
1626 2339 1809 2378 Christo-

248 2391 406 2440 phorus
428 2392 666 2442 Longolius,
686 2395 750 2431 vir
771 2395 813 2431 in
835 2394 988 2431 litteris
1009 2407 1199 2444 magnus,
1223 2395 1395 2432 futurus
1417 2396 1640 2439 maximus,
1665 2396 1698 2432 si
1718 2395 1810 2432 fata

248 2445 464 2483 dedissent
493 2447 656 2497 longius
678 2461 818 2494 euum,
841 2454 940 2486 ante
965 2462 1100 2486 annos
1126 2449 1255 2487 ferme
1281 2449 1504 2487 duodecim
1530 2462 1605 2487 nos
1631 2449 1810 2487 Louanii

168 2506 229 2535 160
248 2501 406 2546 inuisit,
430 2503 691 2551 repetiturus
709 2503 893 2541 Italiam.
946 2503 1048 2541 Post
1066 2517 1196 2541 vnum
1214 2508 1344 2554 atque
1362 2504 1545 2541 alterum
1564 2505 1806 2542 conuiuium

247 2556 372 2604 petiit
399 2556 635 2594 solitarium
664 2557 935 2607 colloquium.
986 2558 1147 2596 Datum
1172 2563 1248 2596 est.
1302 2558 1490 2608 Rogauit
1514 2571 1687 2608 ecquem
1716 2571 1807 2595 nos-

248 2622 334 2647 sem
357 2609 547 2660 Syluium
565 2615 580 2649 ’ἓ
626 2612 844 2662 Respondi
861 2625 926 2650 me
944 2612 1089 2662 legisse
1107 2614 1295 2651 carmina
1311 2613 1532 2651 cuiusdam
1549 2613 1808 2650 Ambosiani.

294 2702 364 2733 124.
392 2693 459 2723 hae
474 2693 565 2724 aN22
592 2695 679 2725 haec
694 2695 745 2725 Nl
759 2695 869 2726 Lond.
938 2697 1008 2726 126.
1035 2697 1112 2727 ocio
1125 2706 1331 2726 assuescere
1345 2696 1384 2726 L.
1453 2704 1523 2735 127.
1550 2696 1595 2726 L:
1622 2700 1766 2734 mature
1781 2709 1811 2727 α.

250 2745 320 2775 131.
346 2737 549 2768 adoleuerit
567 2738 605 2768 L.
701 2741 773 2778 136.
799 2740 965 2780 prouecti
983 2740 1030 2770 N.
1124 2749 1196 2780 149.
1222 2739 1333 2770 titulo
1350 2740 1430 2770 add.
1450 2740 1488 2770 L.

295 2833 367 2864 124.
394 2825 527 2864 nugae]
546 2825 740 2855 Hor.A.P.
758 2835 838 2865 451;
864 2827 993 2867 cf.Ep.
1110 2828 1181 2857 162.
1209 2827 1438 2864 Ambosiani]
1482 2826 1725 2866 Conceivably
1764 2837 1810 2857 an

249 2870 344 2907 3064.
1061 2881 1160 2901 error
1192 2871 1248 2901 for
1279 2871 1465 2906 Ambiani,
1496 2871 1553 2900 i.e.
1582 2871 1718 2905 James,
1749 2871 1812 2901 the

294 2913 365 2950 158.
391 2912 601 2952 Longolius]
620 2913 691 2943 For
703 2913 766 2943 the
780 2923 879 2944 same
892 2918 994 2954 story
1064 2915 1214 2944 brother
1230 2914 1267 2944 of
1285 2914 1433 2944 Francis
1451 2914 1607 2953 Sylvius,
1622 2915 1678 2944 for
1691 2915 1809 2945 whom

247 2965 304 2985 see
323 2955 391 2995 Ep.
412 2957 507 2995 2798.
522 2957 641 2996 49-5S‚
657 2957 701 2987 cf.
717 2957 785 2996 Ep.
804 2959 898 2997 2763.
917 2967 992 2998 14n.
1063 2968 1121 2988 see
1139 2958 1235 2998 Epp.
1258 2967 1350 2998 1407.
1368 2959 1449 2996 9811,
1470 2960 1553 2988 1600
1569 2957 1704 2989 introd.
