1966 3379
215 167 261 203 12
640 166 898 205 LETTERS
929 167 999 205 OF
1030 166 1296 205 ERASMUS
1661 170 1782 217 [1532

212 274 253 306 te
288 271 327 307 in
362 274 450 307 tam
485 271 632 308 multis
665 271 871 308 catholice
903 271 1096 309 doctrine
1127 271 1418 320 congressibus
1449 271 1621 309 ecclesie
1654 273 1784 321 copiis

210 324 466 369 adiunxeris,
486 338 581 362 cum
604 325 787 362 alterum
811 326 993 371 Christe,
1012 326 1193 363 alterum
1212 327 1378 363 Caesari
1397 327 1532 373 (cuius
1550 331 1645 376 post
1664 327 1783 364 illum

212 379 449 428 benignitas
467 380 543 417 tibi
562 393 726 429 semper
742 385 786 417 ct
803 380 992 418 subsidio
1009 381 1092 418 fuit
1109 385 1152 418 et
1170 381 1367 430 presidio)
1385 381 1536 418 debere
1559 386 1600 418 te
1623 381 1784 419 inficias

149 445 191 475 40
211 434 268 471 ire
298 434 411 471 haud
444 436 590 484 possis.
652 434 789 480 Quare
819 440 945 472 autor
976 435 1053 472 tibi
1086 435 1249 481 fuerim,
1282 437 1344 472 vir
1375 437 1699 485 sapientissime,
1722 442 1784 481 vt,

210 489 348 537 siquid
372 489 502 526 habes
523 489 636 538 quod
660 494 701 526 te
725 489 908 535 legitime
930 495 1094 539 purget,
1117 490 1346 528 excusandi
1369 492 1631 528 occasionem
1656 491 1783 528 vnde-

211 543 323 580 unde
358 548 503 593 captes
542 549 584 581 ct
618 544 808 581 oblatam
843 544 957 581 haud
992 545 1154 582 diutius
1194 546 1490 594 pretermitas;
1532 547 1596 582 sin
1633 547 1783 590 minus,

210 598 382 646 quando
406 604 575 647 tempus
596 599 735 635 adhuc
764 603 958 649 superest
986 612 1070 648 quo
1099 601 1297 637 resarcire
1325 600 1437 649 quod
1469 600 1534 637 vel
1564 600 1689 649 culpa
1717 600 1782 637 vel

210 653 464 701 negligentia
486 658 709 702 peccatum
737 658 802 690 est
830 654 976 703 possis,
999 667 1171 703 quoquo
1198 655 1324 692 modo
1353 656 1563 692 resartias.
1625 655 1784 701 Quodsi

148 717 188 747 45
210 707 287 744 tibi
313 709 352 744 in
376 713 526 745 neutra
551 721 592 745 re
615 721 754 745 mcum
778 709 1001 746 consilium
1025 709 1136 746 forte
1162 709 1428 759 probabitur,
1452 714 1565 747 certe
1592 710 1783 747 studium

208 766 251 799 et
280 762 494 804 affectum,
524 776 605 812 que
635 768 699 800 cst
729 767 805 801 tua
835 763 1094 808 humanitas,
1122 777 1205 801 non
1236 765 1508 814 improbabis.
1569 764 1697 801 Cuius
1728 766 1784 802 rei

209 818 433 854 cerciorcm
463 831 528 854 me
557 817 687 861 rcch,
711 819 742 855 si
774 822 841 855 tot
871 820 952 856 iam
983 819 1174 868 epistolis
1202 821 1387 869 acceptis
1415 820 1468 857 ad
1498 820 1785 869 quadraginta

210 884 320 909 nunc
343 872 538 910 milliaria
565 873 711 910 feceris
739 873 853 922 quod
880 874 1085 911 hactenus
1111 874 1163 911 ad
1187 875 1499 924 quadringenta
1521 888 1603 912 non
1633 874 1783 912 fecisti.

211 926 323 964 Vale.

148 996 189 1025 50
266 981 328 1018 Ex
353 982 604 1032 Ratsspona,
628 983 947 1032 quintadecima
972 983 1130 1033 Aprilis
1152 984 1199 1022 A.
1226 994 1342 1032 1532.

829 1038 945 1076 Tuus
965 1051 1016 1076 ex
1040 1040 1182 1076 animo
1205 1039 1248 1077 F.
1272 1039 1478 1077 Alfonsus
1501 1039 1728 1077 Viruesius

272 1117 302 1148 -θ
337 1107 618 1147 Ornatissimo
647 1110 738 1147 viro
767 1109 862 1148 Des.
887 1110 1369 1160 Eras1no‚euangelicae
1399 1111 1662 1161 philosophie
1692 1123 1783 1160 pro-

208 1161 367 1208 fessori,
389 1163 504 1213 apud
526 1164 792 1215 Friburgum.

551 1268 740 1321 26422649
803 1266 870 1307 To
896 1267 1140 1307 BONIFACE
1166 1268 1449 1308 AMERBACH.

260 1338 378 1372 Basle
393 1338 475 1372 MS.
497 1339 584 1373 AN.
606 1340 684 1373 ΠΙ.
710 1350 764 1382 15.
789 1342 846 1374 28.
1436 1341 1686 1385 (Freiburg.)

258 1388 303 1428 Q.
325 1397 383 1431 37.
1385 1401 1429 1425 2o
1449 1391 1562 1436 April
1583 1396 1735 1434 0532.)

254 1455 327 1492 [An
351 1456 502 1495 original
526 1456 647 1490 letter.
665 1458 875 1497 autograph
895 1458 1138 1498 throughout.
1188 1459 1265 1489 The.
1283 1458 1476 1499 year-date
1496 1459 1524 1488 is
1545 1458 1718 1498 supplied
1736 1458 1785 1497 by

209 1499 272 1529 the
291 1499 474 1530 reference
499 1504 537 1530 to
555 1501 618 1531 the
637 1501 726 1531 Dolc
751 1502 1021 1542 professorship
1041 1503 1112 1539 (for
1130 1503 1246 1533 which
1266 1514 1324 1533 sec
1344 1503 1440 1543 Epp.
1463 1505 1558 1542 2030,
1580 1504 1692 1541 2031),
1711 1502 1785 1532 and

209 1543 258 1582 by
275 1544 507 1583 comparison
525 1545 614 1575 with
634 1545 704 1585 Ep.
725 1546 835 1585 2049]

263 1595 302 1634 S.
327 1609 365 1646 p.
428 1597 614 1635 Litteras
651 1602 748 1635 tuas
781 1600 941 1648 priores
975 1600 1117 1638 Pistor
1149 1614 1268 1638 meus
1303 1600 1405 1638 mihi
1438 1600 1636 1638 reddidit.
1698 1600 1785 1638 Nec

210 1652 379 1688 interim
421 1652 589 1702 obtigit,
630 1666 704 1702 per
744 1666 868 1703 quem
911 1655 1150 1694 scriberem.
1212 1656 1298 1693 ‘Tu
1341 1655 1443 1693 nihil
1489 1656 1624 1692 inuita
1672 1655 1784 1693 dices

209 1706 391 1744 faciesne
428 1707 646 1745 Minerua.’
707 1708 823 1746 Tuus
854 1710 1021 1747 animus
1054 1711 1133 1748 tibi
1166 1710 1294 1748 fuerit
1328 1710 1546 1748 consultor
1581 1711 1782 1760 optimus.

209 1761 300 1798 Nisi
322 1761 571 1799 abhorreres
593 1762 647 1800 ab
668 1763 779 1809 aula,
801 1765 991 1814 egregius
1012 1765 1167 1815 gradus
1188 1765 1314 1803 fuerit
1328 1759 1467 1803 Dolae
1484 1765 1685 1815 profiteri.
1728 1765 1785 1802 Et

170 1829 188 1859 5
209 1820 354 1853 tamen
376 1816 460 1854 illic
483 1830 567 1854 non
588 1817 749 1867 absque
778 1819 1084 1868 digladiatione
1113 1820 1382 1870 profitereris.
1406 1833 1552 1869 quum,
1576 1821 1618 1857 ni
1646 1820 1784 1865 fallor,

207 1871 354 1920 genius
387 1876 487 1909 tuus
518 1885 650 1922 acque
681 1873 912 1911 abhorreat
942 1887 966 1911 a
997 1875 1385 1913 concertationibus
1416 1880 1545 1924 atque
1576 1874 1629 1912 ab
1663 1875 1783 1912 aulis

207 1926 377 1963 Animal
405 1939 448 1964 es
476 1927 758 1965 domesticum
787 1942 834 1966 ac
864 1930 988 1967 cicur.
1041 1930 1128 1968 Nec
1160 1936 1319 1968 temere
1349 1930 1529 1968 feliciter
1558 1930 1672 1968 cedit
1700 1929 1783 1966 θεο-

205 1985 361 2029 μαχεῖν.

265 2035 460 2074 Libertas
490 2037 572 2074 ista
599 2050 654 2075 an
683 2038 753 2075 diu
783 2040 837 2076 sit
867 2039 1088 2085 duratura,
1118 2041 1269 2078 nescio.
1331 2040 1486 2077 Vereor
1515 2053 1565 2078 ne
1593 2039 1786 2089 profecto

151 2103 190 2124 10
209 2089 359 2129 Cesare
396 2092 572 2129 redeant
607 2093 661 2130 ad
698 2093 858 2138 relicta,
897 2095 962 2132 vel
998 2095 1266 2133 dissimulata
1307 2096 1461 2145 potius.
1522 2094 1603 2133 Sed
1638 2095 1786 2132 futura

210 2147 399 2194 prescire,
423 2146 500 2184 Dei
522 2151 598 2184 est.
646 2147 784 2193 Quare
807 2153 855 2186 vt
876 2149 1033 2187 fruaris
1054 2150 1172 2188 fumo
1194 2155 1265 2200 τῆς
1281 2149 1473 2199 πατρίδος
1495 2149 1599 2199 ἀίης,
1621 2150 1783 2199 excogi-

209 2200 368 2238 tandus
389 2206 454 2238 est
475 2201 555 2239 tibi
577 2202 692 2239 color
713 2216 798 2252 quo
822 2203 1078 2242 Dolensibus
1105 2205 1354 2242 satisfacias.
1416 2205 1662 2242 Excusabas
1687 2216 1783 2241 con-

209 2255 415 2293 ditionem
437 2257 638 2305 ignotam.
700 2258 763 2295 Ea
784 2259 868 2296 iam
890 2259 1035 2297 delata
1055 2272 1140 2297 non
1163 2261 1335 2297 omnino
1357 2259 1555 2309 maligna.
1610 2259 1784 2308 Aliquid

210 2311 308 2348 noui
330 2311 734 2349 comminiscendum
757 2317 833 2358 est,
856 2315 1133 2363 quamobrem
1156 2314 1270 2364 quod
1291 2314 1470 2352 offertur
1486 2327 1570 2351 non
1588 2315 1783 2363 accipias,

151 2375 189 2405 15
265 2364 321 2402 Vt
349 2365 556 2403 delicatus
583 2379 689 2416 puer
716 2381 740 2405 a
768 2381 955 2406 mamma
982 2370 1133 2407 matris
1161 2370 1295 2419 possis
1323 2369 1480 2415 abesse,
1503 2374 1649 2406 tamen
1679 2381 1786 2406 vxor

209 2431 305 2456 eum
328 2419 481 2466 liberis,
504 2425 547 2458 et
570 2423 700 2459 soceri
721 2422 900 2461 affectus
921 2436 1005 2461 non
1022 2424 1135 2462 leues
1153 2429 1253 2462 sunt
1271 2436 1472 2462 remorae.
1515 2423 1653 2469 Quare
1671 2423 1783 2473 quod

208 2473 401 2512 facturus
422 2488 478 2521 es,
501 2476 567 2513 fac
590 2481 707 2514 certa
729 2478 860 2515 animi
881 2478 1180 2517 destinatione.
1242 2479 1351 2517 Nam
1374 2479 1554 2529 pendere
1584 2480 1784 2516 miserum

208 2532 285 2567 est.

265 2583 378 2621 Bene
399 2584 506 2623 vale.
550 2596 611 2624 20.
634 2587 701 2624 die
723 2587 891 2637 Aprilis.

149 2649 190 2670 20
266 2637 422 2676 Basilio
445 2639 627 2678 salutem
650 2641 891 2690 plurimam.

265 2701 433 2742 Clariss.
458 2706 548 2743 viro
570 2706 620 2744 D.
645 2706 867 2745 Bonifacio
889 2708 1185 2747 Amerbachio.
1246 2709 1449 2747 Basileae.

427 2771 523 2802 2641.
551 2773 603 2811 38.
630 2773 729 2803 ER:
756 2773 967 2814 adiungcris
984 2775 1064 2805 MS.
1158 2776 1257 2806 2642.
1288 2785 1315 2806 1.
1343 2777 1464 2816 pistor
1479 2775 1562 2806 MS.

215 2823 588 2882 fijss-sssspgiorffi]
632 2844 709 2875 Tho
750 2845 860 2876 letter
898 2856 961 2886 ap·
1032 2847 1102 2887 Ep.
1135 2849 1260 2886 1739³;
1287 2847 1429 2888 though
1456 2848 1620 2888 possibly
1641 2857 1662 2877 a
1687 2856 1781 2877 coin-

211 2885 383 2925 parently
400 2896 559 2917 answcrs
577 2892 650 2918 two
671 2888 798 2919 letters
816 2894 882 2920 not
899 2900 958 2920 ex·
1028 2901 1114 2921 mon
1133 2901 1244 2921 noun.

210 2932 306 2958 tant.
355 2930 530 2961 Erasmus
553 2931 625 2961 had
646 2932 717 2963 last
741 2933 888 2964 written
914 2944 962 2964 on
1075 2944 1105 2965 2.
1132 2935 1187 2965 Tu
1205 2935 1309 2973 nihil]
1328 2935 1418 2966 Hor.
1438 2936 1529 2966 AP.
1549 2933 1638 2976 385]

210 2981 250 3010 25
268 2972 393 3003 March
411 2974 496 3013 (Ep.
516 2976 627 3013 2631).
1077 2988 1126 3009 11.
1154 2977 1309 3018 πατρίδος
1326 2977 1413 3018 ἀίης]
1434 2980 1542 3010 Hom.
1562 2980 1607 3010 Il.
1628 2990 1658 3010 2.
1679 2980 1752 3009 162.

299 3016 433 3056 Pistor]
451 3018 697 3060 Conceivably
709 3020 772 3051 the
786 3020 908 3051 Pistor
924 3022 961 3052 of
