1966 3379
249 119 328 156 316

249 223 465 273 oppidula.

681 120 938 158 LETTERS
969 120 1039 158 OF
1070 121 1337 160 ERASMUS

1699 127 1820 173 [1553

527 223 754 273 Oppidum,
778 226 891 274 quod
922 225 1017 262 hinc
1039 226 1159 263 abest
1188 227 1268 263 iter
1296 226 1390 270 dici,
1415 231 1558 264 totum
1587 228 1818 278 conflagra-

251 279 325 322 uit,
359 279 452 325 igne
483 291 508 315 a
538 279 744 316 daemone
777 280 976 325 immisso,
1011 286 1056 317 vt
1088 287 1288 318 constans
1319 286 1383 317 cst
1416 294 1570 319 rumor.

248 333 376 369 etiam
401 334 441 369 in
466 333 666 370 Heluetia
690 347 817 383 pagos
840 335 1004 383 aliquot
1028 335 1322 384 conflagrasse.

1631 283 1822 321 Narrant

1387 335 1568 373 Ioannes
1591 337 1821 374 Dantiscus

248 387 485 424 Culmensis
520 389 742 437 episcopus
775 389 923 425 scribit
958 396 1157 426 exustum
1193 390 1390 427 Culmum
1423 391 1645 428 ciuitatem
1678 392 1819 429 cathe-

249 771 387 807 titcrit
409 771 520 808 noui.

248 825 438 861 fauorem
461 825 562 862 alas.

192 455 228 485 15
249 441 435 487 dralem3
470 443 641 491 insuper
669 443 785 480 aliud
817 444 1035 493 oppidum,
1066 444 1137 480 vbi
1168 444 1356 481 habebat
1385 458 1538 490 arcem,
1563 447 1619 482 sic
1649 446 1818 483 absum-

248 501 370 545 ptum
396 497 589 534 incendio
611 502 659 534 vt
688 503 856 547 practer
883 500 1049 535 moenia
1077 498 1162 535 fere
1190 499 1293 536 nihil
1321 501 1516 548 supersit.

250 551 452 588 videntur
469 554 600 599 (non)
619 553 790 589 omnino
811 554 896 601 geri
920 566 1031 590 casu.

250 606 290 642 in
313 607 541 655 pristinum
563 607 891 644 contubernium
914 609 1118 657 recepisse
1139 607 1417 645 Catharinani
1440 622 1573 646 suam.

249 661 318 696 vix
343 661 541 698 credibile
565 662 746 706 videtur,
771 663 831 699 ita
852 675 1047 712 cuperem
1071 675 1160 699 esse
1184 664 1464 700 verissimum.

189 729 229 749 20
249 715 410 752 reditus
432 729 456 752 a
478 716 600 753 nobis
622 716 724 753 nihil
747 722 811 753 est
838 718 1128 761 immutatum,
1152 718 1230 754 nisi
1252 719 1284 754 si
1308 718 1410 767 quid
1438 719 1608 756 interim
1635 719 1728 756 istic
1751 733 1820 757 ex-

600 772 717 819 {ogQ
742 776 787 808 vt
816 777 938 808 tuum
963 773 1002 808 in
1028 785 1092 809 me
1114 773 1304 810 animum
1328 773 1537 817 obtineas,
1561 786 1609 810 ac
1632 773 1821 823 Reginae

626 826 746 863 Dano
767 830 810 863 et
834 826 994 863 Lcuino
1017 827 1214 865 salutem.

1581 501 1694 537 Haec
1718 501 1821 538 mihi

1095 553 1259 591 Rumor
1282 554 1347 590 hic
1365 559 1441 599 est,
1463 554 1621 603 Regem
1645 555 1821 604 Angliae

1634 610 1757 655 Quod
1774 616 1822 648 vt

1516 664 1578 701 Dc
1601 666 1823 714 proposito

305 879 404 916 Valc
431 880 622 930 Friburgi
647 882 668 917 7
692 881 758 918 die
781 880 990 918 Noucinb:
1018 890 1134 929 1533.

594 1073 784 1125 287828Βὸ

298 1160 444 1193 Leiden
464 1160 546 1193 MS.
568 1161 853 1204 Papcnbroeck
876 1171 907 1193 2.

297 1210 380 1242 LB.
402 1210 507 1254 App.
530 1219 622 1254 374:
654 1210 769 1243 VZE.
792 1211 850 1254 48.

847 1070 914 1110 To
949 1070 1147 1111 VIGLIUs
1181 1071 1475 1113 ZUICHEMUS.

1432 1163 1638 1207 Freiburg.

1350 1213 1390 1244 18
1412 1212 1642 1246 November
1665 1223 1770 1256 1533.

291 1293 363 1330 [An
388 1293 540 1331 original
565 1294 686 1330 letter,
715 1294 923 1334 autograph
950 1295 1180 1335 throughout
1205 1295 1241 1325 in
1267 1296 1330 1326 the
1360 1296 1575 1336 University
1603 1297 1756 1337 Library
1781 1302 1820 1328 at

245 1337 392 1367 Leiden.

440 1338 517 1367 The
533 1338 807 1368 address-sheet
825 1339 853 1368 is
874 1339 1035 1378 missing.
1084 1339 1161 1369 The
1183 1339 1388 1379 year-date,
1407 1341 1524 1370 which
1549 1341 1577 1370 is
1598 1341 1820 1372 obliterated

246 1381 282 1410 in
300 1381 363 1411 the
382 1389 455 1417 MS„
474 1382 502 1412 is
519 1381 690 1422 supplied
708 1382 801 1412 from
821 1382 891 1412 LB.
911 1382 984 1412 and
1002 1392 1119 1413 seems
1135 1383 1333 1414 confirmed
1354 1384 1402 1424 by
1420 1385 1483 1414 the
1501 1385 1702 1422 contcnts.]

815 1457 1089 1507 ’Avay'l'vwcrxe
1118 1458 1252 1507 μόνος.

303 1527 340 1565 S.
359 1528 402 1565 P.
464 1528 646 1566 Voluisti
668 1528 773 1566 alios
795 1529 890 1578 plus
912 1530 1016 1566 scire
1038 1529 1089 1566 de
1112 1535 1153 1567 te
1175 1543 1304 1580 quam
1325 1543 1402 1568 me.

248 1582 452 1632 pauculos
486 1583 574 1620 dies
608 1583 732 1620 isthic
768 1589 1146 1622 commoraturum.

1466 1531 1568 1568 Mihi
1587 1531 1756 1569 dicebas
1779 1536 1820 1569 te

1210 1585 1266 1622 At
1300 1590 1511 1634 quantum
1548 1599 1599 1623 ex
1636 1586 1729 1623 aliis
1760 1588 1818 1623 in-

248 1636 405 1686 telligo,
422 1637 577 1675 videris
596 1638 719 1675 isthic
741 1638 1071 1688 hybernaturus.
1119 1639 1241 1685 Quod
1260 1646 1304 1677 vt
1327 1640 1404 1677 tibi
1422 1640 1523 1678 felix
1546 1641 1820 1690 faustumque

248 1692 303 1728 sit
324 1704 482 1741 precor.

542 1692 718 1731 Gaudeo
739 1698 781 1730 te
803 1694 924 1731 nobis
946 1694 1199 1743 aliquandiu
1217 1695 1305 1732 fore
1328 1696 1528 1733 vicinum.

1590 1695 1703 1732 Illud
1726 1701 1819 1733 tan-

210 1758 227 1787 5
248 1751 340 1783 tum
364 1759 439 1796 pro
462 1760 553 1784 mea
577 1749 617 1784 in
641 1753 683 1785 te
705 1749 866 1798 pietate
890 1762 1041 1786 moneo
1060 1762 1257 1798 rogoque,
1276 1754 1323 1787 vt
1339 1763 1363 1787 a
1382 1756 1594 1788 sectarum
1613 1752 1820 1799 contagiis

249 1801 290 1838 in
317 1806 457 1839 totum
484 1802 714 1848 abstineas,
738 1816 813 1840 nec
842 1803 973 1840 vllam
1003 1804 1084 1841 illis
1115 1817 1264 1842 ansam
1296 1805 1486 1854 prebeas,
1515 1810 1563 1842 vt
1594 1818 1668 1855 per
1699 1818 1816 1843 occa-

248 1857 408 1893 sionem
443 1870 638 1907 spargere
672 1858 847 1895 valeant
879 1858 1156 1896 Zuichemum
1187 1872 1278 1897 esse
1311 1872 1448 1897 suum.

248 1910 521 1960 dogmatibus
558 1912 728 1949 illorum
762 1914 993 1958 assentiris,
1026 1914 1260 1951 dissimula.

881 1967 993 2006 Satis
1026 1974 1091 2006 est
1124 1969 1414 2006 iureconsulto
1451 1970 1508 2007 sic
1544 1969 1714 2007 eludere
1751 1982 1821 2007 eos

189 2037 229 2058 10
249 2020 610 2069 quemadmodum
652 2022 825 2071 quidam
868 2022 997 2060 elusit
1037 2023 1258 2061 diabolum
1299 2025 1544 2061 moriturus.

904 2077 989 2123 Ait,
1022 2078 1137 2127 quod
1173 2079 1308 2116 credit
1344 2079 1532 2116 ecclesia.

1057 2132 1167 2178 Quid
1190 2138 1237 2171 tu
1261 2134 1425 2171 credis?

248 2183 381 2234 Spero
399 2185 507 2222 hanc
529 2185 865 2224 admonitionem
889 2200 978 2224 esse
1001 2200 1376 2237 superuacaneam.

249 1978 397 2003 uersus
428 1966 521 2004 illos
553 1967 821 2006 contendere.

248 2076 467 2124 suggessit,
501 2077 603 2125 quid
640 2077 843 2114 crederet.

248 2129 358 2175 Quid
381 2130 514 2168 credit
535 2130 711 2168 ecclesia
726 2137 740 2169 ’ἐ
771 2132 886 2181 quod
908 2145 995 2181 ego.

1509 1860 1653 1897 Etiam
1686 1860 1820 1897 sicubi

1322 1914 1463 1952 Nolim
1498 1920 1641 1952 tamen
1674 1920 1717 1952 te
1747 1915 1819 1952 ad-

1612 2024 1820 2061 Diabolus

1594 2079 1701 2116 Tum
1736 2079 1816 2123 ille,

1485 2133 1606 2179 Quod
1629 2133 1816 2171 ecclesia.

1440 2188 1596 2225 Verum
1618 2189 1651 2225 si
1674 2189 1820 2226 liceret

249 2252 404 2285 coram,
427 2240 632 2278 efficerem
655 2244 704 2278 vt
725 2241 981 2291 intelligeres
1004 2255 1071 2279 me
1094 2255 1180 2280 non
1202 2242 1362 2280 frustra
1383 2255 1565 2280 monere.

304 2293 397 2331 Scio
434 2294 642 2333 Thomam
679 2295 858 2341 Morum,
893 2297 1163 2334 Tonstallum
1200 2310 1248 2335 ac
1285 2297 1470 2347 reliquos
1507 2298 1697 2335 eruditos
1731 2310 1820 2335 esse

249 2349 428 2398 pessime
451 2350 662 2387 animatos
690 2351 732 2387 in
758 2350 988 2400 Gryneum.
1049 2352 1244 2389 Extorsit
1273 2365 1298 2390 a
1329 2365 1395 2390 me
1427 2352 1820 2390 commendationes

249 2404 386 2440 iturus
412 2404 454 2440 in
479 2404 688 2454 Angliam.

523 2491 618 2521 2877.
647 2502 697 2523 12.
723 2492 804 2523 OE:
832 2494 904 2534 igni
922 2494 1003 2524 MS.

293 2578 388 2608 2877.
418 2587 466 2616 15.
492 2579 686 2619 oppidum]
709 2579 912 2615 Schiltach;
939 2591 998 2612 see

248 2622 318 2662 Ep.
338 2623 433 2661 2846.
457 2631 594 2662 124—52.

295 2675 344 2704 17.
371 2666 523 2705 Regem]
564 2667 640 2696 The
679 2678 830 2698 rumour
865 2669 998 2704 (which

248 2719 349 2740 came
374 2710 534 2750 through
558 2710 701 2747 Cholcr)
727 2712 756 2741 is
785 2713 998 2743 mentioned

248 2754 354 2793 again
367 2753 403 2783 in
416 2753 485 2793 Ep.
502 2754 723 2792 2882.15—18.
749 2755 840 2785 Olah
854 2761 997 2786 contra-

248 2797 343 2827 dicts
371 2797 434 2827 the
462 2807 612 2828 rumour
641 2799 676 2828 in
703 2799 759 2829 his
784 2799 899 2840 rcply,
927 2800 995 2840 Ep.

249 2849 346 2878 2915.
367 2850 482 2880 11—14.

293 2894 346 2914 22.
372 2884 491 2922 Dano]
510 2884 667 2915 Iacobus
684 2886 823 2916 Darius.

292 2928 389 2958 2878.
434 2938 464 2967 3.
508 2929 797 2968 hybernaturus]
845 2930 996 2970 Viglius’

247 2972 346 3002 work
375 2982 421 3002 on
452 2972 506 3002 his
535 2973 660 3012 proofs
687 2974 761 3003 and
793 2974 997 3005 additional

748 2404 1055 2444 Commendaui
1080 2408 1240 2457 paucis,
1269 2407 1342 2445 sed
1371 2408 1545 2445 inuitus.

1605 2407 1821 2445 Admonui

1141 2495 1237 2525 2878.
1265 2495 1295 2525 8.
1321 2505 1447 2525 eorum
1473 2494 1576 2525 ΓΖΕ.

1067 2585 1173 2612 notes
1193 2586 1233 2612 to
1253 2582 1309 2612 his
1330 2582 1427 2613 book
1447 2583 1538 2623 kept
1557 2583 1631 2613 him
1655 2583 1692 2613 in
1712 2583 1820 2614 Basle

1067 2626 1122 2656 till
1148 2635 1166 2665 7
1190 2626 1275 2656 Jan.
1305 2635 1405 2666 1534:
1439 2627 1544 2656 when
1572 2627 1608 2656 in
1636 2637 1820 2667 company

1067 2670 1156 2700 with
1179 2670 1365 2706 Boniface,
1389 2670 1621 2710 Episcopius,
1640 2670 1714 2700 and
1736 2670 1818 2701 Cra-

1067 2713 1211 2748 tander,
1227 2714 1272 2744 he
1286 2714 1372 2754 paid
1389 2715 1547 2744 another
1565 2714 1658 2744 brief
1675 2715 1762 2745 visit
1780 2719 1820 2744 to

1066 2757 1255 2787 Erasmus.
1303 2758 1479 2788 Erasmus
1503 2758 1641 2788 wished
1666 2762 1705 2788 to
1725 2758 1819 2798 keep

1067 2801 1142 2830 him
1174 2811 1214 2831 as
1244 2811 1266 2831 a
1293 2806 1513 2841 permanent
1542 2801 1715 2835 resident,
1744 2801 1817 2832 and

1068 2844 1261 2884 according
1278 2849 1317 2875 to
1335 2845 1473 2885 Viglius
1490 2845 1628 2876 offered
1650 2849 1690 2875 to
1711 2845 1820 2876 make

1066 2888 1142 2918 him
1171 2889 1226 2918 his
1254 2889 1332 2918 heir
1356 2889 1382 2918 if
1406 2889 1451 2919 he
1475 2899 1549 2919 was
1573 2889 1754 2929 prepared
1779 2893 1818 2919 to

1067 2932 1205 2962 remain
1220 2932 1308 2962 with
1327 2932 1401 2962 him
1416 2932 1592 2972 (Hoynck
1610 2933 1638 2962 I.
1654 2933 1676 2968 i,
1696 2942 1732 2973 p.
1751 2934 1816 2972 13).

1115 2984 1162 3013 15.
1190 2975 1284 3014 Scio]
1302 2975 1367 3007 See
1385 2976 1455 3016 Ep.
1475 2977 1570 3016 2831.
1593 2978 1669 3007 18n.
