1966 3379
207 113 281 150 156
631 111 888 149 LETTERS
919 111 989 149 or
1020 110 1286 150 ERASMUS
1650 114 1773 161 [1533

203 216 358 265 gaudio
386 220 549 265 punctu
577 217 779 265 temporis
802 216 937 253 fretus
960 229 1024 252 me
1048 217 1184 265 ipsum
1208 217 1306 265 paui
1336 216 1626 265 saginauique,
1658 216 1771 265 quod

146 285 185 306 10
206 272 383 308 Erasmo
406 270 463 307 illi
487 283 639 319 magno
662 271 702 307 in
726 276 851 307 tanto
879 271 1067 307 omniurn
1100 283 1238 307 rerum
1268 270 1490 319 splendore
1519 270 1774 319 fortuneque

203 325 399 362 claritate
425 325 614 374 Hayonis
637 326 835 374 mancipii
858 326 920 361 sui
951 326 1153 361 memoria
1178 325 1285 362 adeo
1313 337 1397 362 non
1422 325 1647 362 excidisset
1671 326 1772 374 quin

203 380 347 428 aliquo
369 384 415 416 vt
440 381 499 416 ita
521 379 657 416 (licam
683 380 859 417 verbulo
880 392 975 416 euni
999 379 1185 416 salutare
1207 379 1466 428 dignaretur.

260 434 351 471 Hiis
368 434 493 471 rebus
515 434 617 471 mihi
641 435 717 483 ipsi
741 434 959 471 blanditus
980 434 1307 483 oblectatusque
1329 447 1421 471 sum
1451 434 1584 471 donec
1613 435 1777 471 tristior

203 490 380 526 nuntius
402 490 708 538 superuenerit,
726 502 904 526 narrans
926 502 996 526 eas
1020 489 1185 526 litteras
1208 501 1292 525 non
1314 489 1367 526 ad
1391 501 1457 526 me
1479 489 1551 526 sed
1574 489 1627 526 ad
1644 489 1774 526 alium

146 557 182 586 15
203 545 363 587 missas,
381 556 516 592 neque
539 543 583 580 I).
603 543 767 580 Erasini
788 544 977 580 animum
1001 544 1041 580 in
1065 556 1129 580 me
1146 556 1403 593 propensum
1421 543 1776 592 beneuolumque,

203 611 349 635 verum
385 597 505 647 longe
536 598 747 635 diuersam
785 599 826 635 in
862 602 1027 647 partem
1061 597 1321 635 diminutum
1357 598 1775 647 abaliaenatumque.

202 652 324 698 Quod
361 665 456 690 cum
493 652 756 690 creberrimis
791 653 980 702 suspiriis
1020 665 1183 690 mecum
1222 652 1467 701 frequenter
1507 653 1775 697 ruminarem,

202 707 382 744 subinde
410 720 550 744 meum
580 707 718 745 fatum
748 721 795 744 ac
824 712 981 744 sortem
1011 707 1251 756 deplorans,
1274 712 1399 744 tanta
1428 708 1605 745 tristitia
1634 708 1777 744 animo

202 762 477 799 oboriebatur
499 767 546 799 vt
569 763 639 799 vix
663 763 837 799 minimo
860 763 998 799 minus
1020 775 1044 799 a
1069 762 1365 812 desperatione
1390 762 1569 799 abesset.
1630 762 1776 811 Neque

142 831 183 852 20
202 818 371 854 interim
393 816 629 854 diuinando
650 818 816 866 assequi
838 829 1010 866 possum
1033 817 1104 865 qui
1128 817 1419 854 huiuscemodi
1441 817 1659 854 machinas
1687 829 1777 854 mee

202 872 487 919 innoce<n>tie
509 872 758 916 struxerint,
782 875 986 908 conantes
1008 876 1131 908 tuum
1153 884 1251 919 erga
1273 884 1338 908 me
1359 872 1561 909 affectum
1585 876 1778 909 auertere

201 927 375 975 eiusque
397 926 489 963 loeo
514 926 610 975 plus
632 939 760 975 quam
784 926 1060 963 Vatinianum
1090 926 1233 964 odium
1263 926 1473 963 inducere.
1536 927 1624 975 Ego
1651 927 1776 969 enim,

202 981 258 1018 mi
285 985 519 1030 preceptor,
543 987 749 1030 paterque
772 982 892 1018 vnice
914 981 1189 1026 obseruande,
1214 986 1261 1018 vt
1284 981 1386 1018 nihil
1410 994 1598 1030 vnquam
1630 986 1777 1018 mutue

202 1040 345 1072 nostre
366 1036 553 1072 amicicie
579 1035 875 1073 incolumitate
904 1037 1020 1085 prius
1048 1036 1255 1078 duxerim,
1279 1037 1340 1073 ita
1368 1037 1408 1073 in
1435 1040 1554 1073 tuam
1585 1036 1776 1073 humani—

141 1104 181 1133 25
202 1094 350 1135 tatem,
369 1103 453 1139 qua
475 1089 622 1128 multis
638 1090 787 1127 diebus
809 1094 885 1128 tuo
906 1103 1021 1127 more
1043 1091 1335 1128 amantissime
1357 1103 1422 1128 me
1439 1091 1656 1140 excepisti,
1675 1090 1776 1127 nihil

202 1157 390 1194 vnquam
420 1158 513 1182 sum
539 1145 725 1182 molitus.
787 1144 909 1190 Quod
939 1146 972 1182 si
1004 1146 1137 1182 tantis
1169 1146 1253 1183 tuis
1284 1146 1446 1183 meritis
1477 1145 1776 1182 accumulatis-

202 1200 401 1248 simisque
431 1200 471 1236 in
504 1213 570 1237 me
600 1199 811 1237 beneficiis
841 1200 1095 1249 respondere
1127 1200 1264 1244 liceat,
1294 1204 1407 1237 certe
1436 1200 1607 1250 quiduis
1635 1200 1778 1249 potius

201 1267 330 1303 quam
348 1254 520 1303 Hayoni
542 1259 617 1292 tuo
639 1254 827 1292 studium
851 1255 1034 1292 defuisse
1055 1255 1180 1292 dices.
1228 1254 1366 1300 Quare
1388 1255 1465 1292 hoc
1487 1268 1511 1292 a
1534 1260 1575 1292 te
1598 1255 1778 1304 requiro,

202 1322 253 1346 ne
275 1309 509 1358 quidquam
532 1309 693 1346 indicta
717 1322 847 1347 causa
872 1310 913 1346 in
942 1322 1008 1347 me
1037 1314 1271 1354 statuatur,
1294 1322 1401 1347 neue
1429 1314 1505 1347 tua
1534 1309 1780 1346 humanitas

140 1377 182 1407 30
201 1376 339 1401 meam
358 1364 645 1401 innocentiam
660 1365 793 1413 magis
807 1365 979 1401 sinistra.
995 1365 1230 1414 suspitione
1244 1369 1447 1414 aggrauet
1463 1377 1589 1413 quam
1609 1365 1780 1401 incertis

201 1419 525 1468 vanissimisque
557 1419 798 1456 rumoribus
829 1423 989 1457 temere
1016 1419 1331 1456 inseruiendum
1363 1432 1453 1456 esse
1484 1424 1621 1468 putet.
1664 1418 1779 1455 Nihil

201 1474 312 1510 enim
330 1474 445 1522 prius
462 1486 598 1522 neque
615 1475 749 1523 magis
771 1486 960 1523 vnquam
978 1479 1126 1511 nostra
1140 1479 1293 1511 mutua
1314 1474 1430 1511 volui
1449 1474 1647 1517 amititia,
1666 1486 1776 1511 eam-

201 1540 282 1577 que
303 1528 470 1577 glutino
486 1528 672 1577 quodam
695 1529 868 1578 perenni
890 1541 1054 1578 semper
1077 1529 1225 1566 vinciri
1247 1529 1484 1578 cupiebam,
1503 1528 1617 1578 quod
1639 1529 1780 1565 nescio

201 1595 382 1632 quorum
423 1583 603 1620 artificio
642 1583 913 1633 impediat-ur.
975 1583 1156 1620 Proinde
1197 1583 1321 1633 plura
1360 1583 1412 1621 de
1453 1584 1556 1620 meis
1596 1583 1780 1620 consiliis

141 1650 181 1680 35
202 1638 496 1687 rationemque
518 1639 708 1675 omnium
736 1651 876 1675 rerum
906 1638 1123 1675 redderem
1147 1638 1379 1683 verbosius,
1403 1650 1486 1687 quo
1514 1638 1648 1687 magis
1675 1637 1778 1674 nihil

201 1696 351 1729 contra
365 1705 632 1730 communem
648 1697 930 1742 mutuamque
944 1697 1135 1730 nostram
1151 1694 1386 1730 amiciciam
1402 1694 1605 1730 statuisse
1621 1692 1779 1737 videar,

201 1747 243 1784 ni
265 1747 459 1796 pluribus
481 1747 532 1784 de
557 1748 757 1785 itinerum
786 1760 833 1785 ac
863 1760 1002 1784 rerum
1031 1748 1250 1785 occasione
1278 1760 1326 1785 ac
1355 1760 1447 1784 sera
1474 1748 1649 1797 pecunie
1680 1751 1780 1796 (qua

201 1806 278 1839 tua
300 1801 540 1851 benignitas
562 1815 700 1839 meam
723 1803 909 1852 inopiam
939 1802 1259 1849 subleuauerat)
1283 1802 1495 1840 solutione
1523 1815 1589 1839 me
1618 1803 1777 1851 superi-

201 1856 344 1894 oribus
366 1869 625 1906 purga-ssem.

140 1923 182 1953 40
256 1909 379 1956 Quod
401 1912 434 1948 si
456 1911 649 1948 nundum
672 1916 744 1949 tue
766 1912 1028 1949 humanitati
1049 1912 1102 1949 ob
1121 1912 1229 1949 hanc
1246 1925 1418 1949 causam
1441 1924 1489 1950 ac
1511 1911 1664 1949 fatales
1686 1911 1779 1948 illos

201 1965 594 2015 abominandosque
612 1966 844 2014 Vlis<s>eos
859 1979 1020 2004 errores
1038 1969 1159 2015 (quos
1176 1967 1341 2004 vtinam
1359 1967 1502 2016 potius
1520 1979 1594 2004 ceu
1612 1966 1780 2004 Sirenas

201 2020 409 2069 quasdam
440 2021 643 2058 vitassem
675 2034 803 2070 quam
836 2022 877 2058 in
907 2034 1080 2070 grauem
1112 2026 1185 2059 tue
1218 2021 1523 2071 indignationis
1556 2021 1778 2070 scopulum

202 2079 292 2112 tam
323 2076 472 2112 misere
501 2088 596 2112 cum
627 2077 814 2113 amicicie
843 2077 1007 2113 iactura
1035 2077 1316 2126 impegissem)
1346 2089 1439 2113 sum
1469 2075 1778 2121 reconciliatus

201 2129 256 2166 ab
278 2130 339 2166 ira
360 2129 413 2167 ad
437 2130 686 2168 immensam
704 2130 1034 2168 misericordiam
1052 2143 1349 2180 summamque
1367 2136 1486 2168 tuam
1508 2131 1778 2168 clementiam

140 2195 182 2225 45
201 2183 382 2233 appello,
415 2189 535 2222 tuam
572 2185 886 2223 humanitatem
923 2198 997 2235 per
1032 2185 1169 2223 Deum
1207 2187 1308 2235 opti.
1343 2185 1455 2223 Max.
1491 2198 1615 2223 orans
1648 2190 1778 2233 atque

203 2238 424 2276 obtestans
456 2243 503 2276 vt
535 2239 718 2277 humane
749 2252 839 2277 mee
869 2239 1095 2290 fragilitati
1126 2240 1230 2277 velit
1261 2241 1474 2289 ignoscere
1504 2253 1551 2277 ac
1588 2252 1778 2277 meorum

202 2294 392 2330 omnium
423 2299 695 2343 peecatorum
723 2295 982 2332 obliuionem
1013 2296 1156 2332 animo
1187 2295 1397 2339 inducere,
1427 2295 1649 2344 presertim
1683 2307 1777 2331 cum

201 2360 295 2385 eam
317 2348 623 2398 profectionem
646 2350 809 2387 occatio
830 2350 974 2399 potius
995 2354 1145 2387 contra
1161 2350 1505 2399 expectationem
1522 2354 1619 2398 post
1638 2362 1777 2386 meum

202 2415 227 2439 a
244 2402 366 2440 vobis
387 2403 552 2440 abitum
574 2403 779 2442 obtulerit
797 2417 927 2453 quam
949 2417 1043 2442 mea
1063 2404 1265 2442 voluntas
1287 2404 1465 2441 eandem
1487 2417 1539 2441 ex
1560 2404 1779 2453 proposito

143 2468 184 2498 50
203 2456 530 2506 affectau<er>it.
582 2458 745 2508 Nempe
763 2458 1019 2508 quibusdam
1042 2459 1285 2496 hominibus
1306 2460 1447 2496 nescio
1468 2471 1596 2507 quam
1619 2459 1777 2503 amicis,

203 2515 316 2549 certe
332 2511 559 2561 plagiariis,
575 2513 617 2550 in
634 2513 755 2551 abitu
773 2513 929 2551 oblatis
945 2516 1034 2562 <me
1052 2513 1246 2561 tradidi>‚
1262 2514 1335 2563 qui
1351 2514 1618 2563 propositum
1636 2525 1777 2550 meum

252 2635 300 2666 13.
327 2627 648 2668 oblectatatosque
665 2628 747 2658 MS.
857 2638 906 2665 19.
933 2629 1172 2659 aboriebatur
1190 2628 1271 2658 MS.
1379 2638 1432 2658 21.
1459 2631 1677 2659 struxerunt
1694 2627 1777 2658 MS.

205 2679 256 2709 30.
283 2676 462 2710 aggrauat
479 2671 560 2702 MS.
709 2681 760 2711 31.
788 2676 899 2712 putat
917 2672 998 2702 MS.
1151 2682 1204 2712 41.
1230 2672 1391 2703 Vliseeos
1408 2671 1490 2702 MS.
1583 2682 1648 2702 ceu
1666 2672 1777 2711 scrip-

203 2715 340 2745 simus:
365 2724 429 2744 seu
446 2714 529 2745 MS.
665 2725 717 2755 47.
744 2717 899 2756 poertim
917 2715 998 2746 MS.

247 2877 300 2899 22.
329 2868 585 2906 Vatinianum]
602 2868 769 2900 Catullus
789 2879 837 2908 14.
858 2878 887 2908 3.
1069 2879 1123 2909 41.
1162 2869 1316 2907 errores]
1366 2869 1437 2900 For
1476 2868 1664 2899 Erasmus'
1705 2868 1776 2898 dis-

249 2921 301 2951 37.
342 2912 510 2952 pecunie]
558 2912 629 2942 For
670 2912 956 2953 Carnmyngha's
1024 2913 1204 2953 approval
1237 2913 1275 2943 of
1313 2912 1600 2952 Cammyngha’s
1640 2911 1777 2942 Italian

204 2956 293 2987 debt
310 2960 350 2987 to
367 2956 544 2986 Erasmus
561 2965 619 2986 see
637 2956 706 2996 Ep.
728 2959 825 2996 2364.
848 2966 924 2986 11n.
1023 2957 1190 2996 journey,
1209 2967 1268 2987 see
1286 2956 1356 2997 Ep.
1375 2957 1472 2995 2587.
1491 2958 1588 2996 46—9.
