<?xml version="1.0" encoding="UTF-8"?>
<!DOCTYPE html PUBLIC "-//W3C//DTD XHTML 1.0 Transitional//EN"
    "http://www.w3.org/TR/xhtml1/DTD/xhtml1-transitional.dtd">
<html xmlns="http://www.w3.org/1999/xhtml" xml:lang="en" lang="en">
 <head>
  <title>
</title>
<meta http-equiv="Content-Type" content="text/html;charset=utf-8" />
  <meta name='ocr-system' content='tesseract 3.04.00' />
  <meta name='ocr-capabilities' content='ocr_page ocr_carea ocr_par ocr_line ocrx_word'/>
</head>
<body>
  <div class='ocr_page' id='page_1' title='image "./opusepistolarum10eras_0308.png"; bbox 0 0 1966 3379; ppageno 0'>
   <div class='ocr_carea' id='block_1_1' title="bbox 234 573 252 602">
    <p class='ocr_par' dir='ltr' id='par_1_1' title="bbox 234 573 252 602">
     <span class='ocr_line' id='line_1_1' title="bbox 234 573 252 602; baseline 0 0"><span class='ocrx_word' id='word_1_1' title='bbox 234 573 252 602; x_wconf 87' lang='lat'><strong>5</strong></span> 
     </span>
    </p>
   </div>
   <div class='ocr_carea' id='block_1_2' title="bbox 215 847 254 868">
    <p class='ocr_par' dir='ltr' id='par_1_2' title="bbox 215 847 254 868">
     <span class='ocr_line' id='line_1_2' title="bbox 215 847 254 868; baseline 0 0"><span class='ocrx_word' id='word_1_2' title='bbox 215 847 254 868; x_wconf 86' lang='lat'>10</span> 
     </span>
    </p>
   </div>
   <div class='ocr_carea' id='block_1_3' title="bbox 212 1938 253 1968">
    <p class='ocr_par' dir='ltr' id='par_1_3' title="bbox 212 1938 253 1968">
     <span class='ocr_line' id='line_1_3' title="bbox 212 1938 253 1968; baseline 0 -8"><span class='ocrx_word' id='word_1_3' title='bbox 212 1938 253 1968; x_wconf 82' lang='lat'>30</span> 
     </span>
    </p>
   </div>
   <div class='ocr_carea' id='block_1_4' title="bbox 212 2210 252 2241">
    <p class='ocr_par' dir='ltr' id='par_1_4' title="bbox 212 2210 252 2241">
     <span class='ocr_line' id='line_1_4' title="bbox 212 2210 252 2241; baseline -0.025 0"><span class='ocrx_word' id='word_1_4' title='bbox 212 2210 252 2241; x_wconf 83' lang='lat'>35</span> 
     </span>
    </p>
   </div>
   <div class='ocr_carea' id='block_1_5' title="bbox 210 2484 253 2514">
    <p class='ocr_par' dir='ltr' id='par_1_5' title="bbox 210 2484 253 2514">
     <span class='ocr_line' id='line_1_5' title="bbox 210 2484 253 2514; baseline 0 -10"><span class='ocrx_word' id='word_1_5' title='bbox 210 2484 253 2514; x_wconf 92' lang='lat'>40</span> 
     </span>
    </p>
   </div>
   <div class='ocr_carea' id='block_1_6' title="bbox 272 107 1840 161">
    <p class='ocr_par' dir='ltr' id='par_1_6' title="bbox 272 107 1840 161">
     <span class='ocr_line' id='line_1_6' title="bbox 272 107 1840 161; baseline 0.013 -19"><span class='ocrx_word' id='word_1_6' title='bbox 272 107 349 143; x_wconf 77' lang='lat'>272</span> <span class='ocrx_word' id='word_1_7' title='bbox 730 108 987 146; x_wconf 78' lang='lat' dir='ltr'>LETTERs</span> <span class='ocrx_word' id='word_1_8' title='bbox 1018 108 1089 147; x_wconf 84' lang='lat' dir='ltr'>OF</span> <span class='ocrx_word' id='word_1_9' title='bbox 1119 109 1384 149; x_wconf 80' lang='lat' dir='ltr'>ERASMUS</span> <span class='ocrx_word' id='word_1_10' title='bbox 1719 114 1840 161; x_wconf 84' lang='lat'>[1533</span> 
     </span>
    </p>
   </div>
   <div class='ocr_carea' id='block_1_7' title="bbox 346 222 1771 307">
    <p class='ocr_par' dir='ltr' id='par_1_7' title="bbox 346 222 1771 307">
     <span class='ocr_line' id='line_1_7' title="bbox 346 222 1771 254; baseline 0.004 -6"><span class='ocrx_word' id='word_1_11' title='bbox 346 222 439 249; x_wconf 87' lang='lat' dir='ltr'>DES.</span> <span class='ocrx_word' id='word_1_12' title='bbox 465 222 664 249; x_wconf 69' lang='lat' dir='ltr'>ERASMVS</span> <span class='ocrx_word' id='word_1_13' title='bbox 686 223 780 250; x_wconf 88' lang='lat' dir='ltr'>ROT.</span> <span class='ocrx_word' id='word_1_14' title='bbox 805 224 992 250; x_wconf 76' lang='lat' dir='ltr'>CLARISS.</span> <span class='ocrx_word' id='word_1_15' title='bbox 1018 225 1056 250; x_wconf 77' lang='lat' dir='ltr'>V.</span> <span class='ocrx_word' id='word_1_16' title='bbox 1081 224 1284 251; x_wconf 73' lang='lat' dir='ltr'><strong>DAMIANO</strong></span> <span class='ocrx_word' id='word_1_17' title='bbox 1306 226 1332 251; x_wconf 82' lang='lat' dir='ltr'>A</span> <span class='ocrx_word' id='word_1_18' title='bbox 1353 225 1463 252; x_wconf 79' lang='lat' dir='ltr'>GOES</span> <span class='ocrx_word' id='word_1_19' title='bbox 1486 226 1771 254; x_wconf 77' lang='lat' dir='ltr'>INVICTISSIMI</span> 
     </span>
     <span class='ocr_line' id='line_1_8' title="bbox 668 278 1456 307; baseline 0.003 -3"><span class='ocrx_word' id='word_1_20' title='bbox 668 278 801 305; x_wconf 75' lang='lat' dir='ltr'>LVSIT.</span> <span class='ocrx_word' id='word_1_21' title='bbox 827 278 955 305; x_wconf 72' lang='lat' dir='ltr'>REGIS</span> <span class='ocrx_word' id='word_1_22' title='bbox 975 279 1283 305; x_wconf 66' lang='lat' dir='ltr'>THESAVRARIO</span> <span class='ocrx_word' id='word_1_23' title='bbox 1306 280 1456 307; x_wconf 71' lang='lat' dir='ltr'>PR1MO.</span> 
     </span>
    </p>
   </div>
   <div class='ocr_carea' id='block_1_8' title="bbox 271 336 1843 2688">
    <p class='ocr_par' dir='ltr' id='par_1_8' title="bbox 271 336 1843 1744">
     <span class='ocr_line' id='line_1_9' title="bbox 329 336 1840 391; baseline 0.005 -18"><span class='ocrx_word' id='word_1_24' title='bbox 329 336 454 382; x_wconf 78' lang='lat' dir='ltr'>QVOD</span> <span class='ocrx_word' id='word_1_25' title='bbox 501 337 688 375; x_wconf 82' lang='lat' dir='ltr'>famulus</span> <span class='ocrx_word' id='word_1_26' title='bbox 728 351 845 375; x_wconf 86' lang='lat' dir='ltr'>meus</span> <span class='ocrx_word' id='word_1_27' title='bbox 887 343 1055 388; x_wconf 88' lang='lat' dir='ltr'>praeter</span> <span class='ocrx_word' id='word_1_28' title='bbox 1094 339 1275 376; x_wconf 87' lang='lat' dir='ltr'>salutem</span> <span class='ocrx_word' id='word_1_29' title='bbox 1322 340 1424 377; x_wconf 87' lang='lat' dir='ltr'>nihil</span> <span class='ocrx_word' id='word_1_30' title='bbox 1473 341 1527 378; x_wconf 87' lang='lat' dir='ltr'>ad</span> <span class='ocrx_word' id='word_1_31' title='bbox 1568 346 1609 378; x_wconf 89' lang='lat' dir='ltr'>te</span> <span class='ocrx_word' id='word_1_32' title='bbox 1650 343 1840 391; x_wconf 75' lang='lat' dir='ltr'>pertulit,</span> 
     </span>
     <span class='ocr_line' id='line_1_10' title="bbox 274 392 1838 447; baseline 0.004 -19"><span class='ocrx_word' id='word_1_33' title='bbox 274 392 482 429; x_wconf 89' lang='lat' dir='ltr'>Damiane</span> <span class='ocrx_word' id='word_1_34' title='bbox 504 392 747 437; x_wconf 74' lang='lat' dir='ltr'>clarissime,</span> <span class='ocrx_word' id='word_1_35' title='bbox 771 393 873 430; x_wconf 84' lang='lat' dir='ltr'>nihil</span> <span class='ocrx_word' id='word_1_36' title='bbox 897 393 1012 430; x_wconf 91' lang='lat' dir='ltr'>aliud</span> <span class='ocrx_word' id='word_1_37' title='bbox 1035 395 1075 430; x_wconf 91' lang='lat' dir='ltr'>in</span> <span class='ocrx_word' id='word_1_38' title='bbox 1099 406 1227 430; x_wconf 84' lang='lat' dir='ltr'>eausa</span> <span class='ocrx_word' id='word_1_39' title='bbox 1248 394 1342 438; x_wconf 81' lang='lat' dir='ltr'>fuit,</span> <span class='ocrx_word' id='word_1_40' title='bbox 1362 395 1439 431; x_wconf 84' lang='lat' dir='ltr'>nisi</span> <span class='ocrx_word' id='word_1_41' title='bbox 1463 395 1577 444; x_wconf 90' lang='lat' dir='ltr'>quod</span> <span class='ocrx_word' id='word_1_42' title='bbox 1599 409 1681 433; x_wconf 90' lang='lat' dir='ltr'>non</span> <span class='ocrx_word' id='word_1_43' title='bbox 1705 399 1838 447; x_wconf 85' lang='lat' dir='ltr'>suspi-</span> 
     </span>
     <span class='ocr_line' id='line_1_11' title="bbox 272 446 1840 498; baseline 0.003 -14"><span class='ocrx_word' id='word_1_44' title='bbox 272 446 401 484; x_wconf 86' lang='lat' dir='ltr'>cabar</span> <span class='ocrx_word' id='word_1_45' title='bbox 432 452 474 483; x_wconf 90' lang='lat' dir='ltr'>te</span> <span class='ocrx_word' id='word_1_46' title='bbox 509 452 596 484; x_wconf 81' lang='lat' dir='ltr'>tarn</span> <span class='ocrx_word' id='word_1_47' title='bbox 631 452 798 484; x_wconf 87' lang='lat' dir='ltr'>mature</span> <span class='ocrx_word' id='word_1_48' title='bbox 833 448 1031 485; x_wconf 86' lang='lat' dir='ltr'>absoluta</span> <span class='ocrx_word' id='word_1_49' title='bbox 1063 452 1151 485; x_wconf 89' lang='lat' dir='ltr'>tam</span> <span class='ocrx_word' id='word_1_50' title='bbox 1186 448 1307 497; x_wconf 81' lang='lat' dir='ltr'>longa</span> <span class='ocrx_word' id='word_1_51' title='bbox 1342 450 1514 498; x_wconf 92' lang='lat' dir='ltr'>periodo</span> <span class='ocrx_word' id='word_1_52' title='bbox 1547 455 1623 487; x_wconf 88' lang='lat' dir='ltr'>tua</span> <span class='ocrx_word' id='word_1_53' title='bbox 1656 451 1840 494; x_wconf 87' lang='lat' dir='ltr'>(dicebas</span> 
     </span>
     <span class='ocr_line' id='line_1_12' title="bbox 273 502 1839 554; baseline 0.003 -16"><span class='ocrx_word' id='word_1_54' title='bbox 273 502 397 552; x_wconf 79' lang='lat' dir='ltr'>enim,</span> <span class='ocrx_word' id='word_1_55' title='bbox 425 502 458 538; x_wconf 92' lang='lat' dir='ltr'>si</span> <span class='ocrx_word' id='word_1_56' title='bbox 490 508 601 539; x_wconf 84' lang='lat' dir='ltr'>recte</span> <span class='ocrx_word' id='word_1_57' title='bbox 633 503 816 547; x_wconf 84' lang='lat' dir='ltr'>memini,</span> <span class='ocrx_word' id='word_1_58' title='bbox 848 508 889 540; x_wconf 89' lang='lat' dir='ltr'>te</span> <span class='ocrx_word' id='word_1_59' title='bbox 919 502 1026 539; x_wconf 81' lang='lat' dir='ltr'>velle</span> <span class='ocrx_word' id='word_1_60' title='bbox 1057 502 1239 540; x_wconf 87' lang='lat' dir='ltr'>lustrare</span> <span class='ocrx_word' id='word_1_61' title='bbox 1267 502 1538 542; x_wconf 78' lang='lat' dir='ltr'>Germaniam</span> <span class='ocrx_word' id='word_1_62' title='bbox 1569 510 1612 542; x_wconf 90' lang='lat' dir='ltr'>et</span> <span class='ocrx_word' id='word_1_63' title='bbox 1641 505 1839 554; x_wconf 81' lang='lat' dir='ltr'>Galliam)</span> 
     </span>
     <span class='ocr_line' id='line_1_13' title="bbox 274 556 1840 610; baseline 0.004 -18"><span class='ocrx_word' id='word_1_64' title='bbox 274 556 428 593; x_wconf 78' lang='lat' dir='ltr'>redisse</span> <span class='ocrx_word' id='word_1_65' title='bbox 462 557 502 593; x_wconf 92' lang='lat' dir='ltr'>in</span> <span class='ocrx_word' id='word_1_66' title='bbox 538 556 829 594; x_wconf 85' lang='lat' dir='ltr'>Brabantiam.</span> <span class='ocrx_word' id='word_1_67' title='bbox 890 557 1030 602; x_wconf 86' lang='lat' dir='ltr'>Quum</span> <span class='ocrx_word' id='word_1_68' title='bbox 1065 570 1129 594; x_wconf 88' lang='lat' dir='ltr'>me</span> <span class='ocrx_word' id='word_1_69' title='bbox 1161 557 1411 606; x_wconf 73' lang='lat' dir='ltr'>reliquisses,</span> <span class='ocrx_word' id='word_1_70' title='bbox 1444 559 1516 596; x_wconf 91' lang='lat' dir='ltr'>diu</span> <span class='ocrx_word' id='word_1_71' title='bbox 1553 572 1716 597; x_wconf 86' lang='lat' dir='ltr'>mecum</span> <span class='ocrx_word' id='word_1_72' title='bbox 1753 562 1840 610; x_wconf 86' lang='lat' dir='ltr'>ipse</span> 
     </span>
     <span class='ocr_line' id='line_1_14' title="bbox 273 612 1838 664; baseline 0.004 -17"><span class='ocrx_word' id='word_1_73' title='bbox 273 612 437 648; x_wconf 81' lang='lat' dir='ltr'>rixatus</span> <span class='ocrx_word' id='word_1_74' title='bbox 459 624 565 655; x_wconf 87' lang='lat' dir='ltr'>sum,</span> <span class='ocrx_word' id='word_1_75' title='bbox 583 612 697 660; x_wconf 87' lang='lat' dir='ltr'>quod</span> <span class='ocrx_word' id='word_1_76' title='bbox 721 616 810 649; x_wconf 90' lang='lat' dir='ltr'>tam</span> <span class='ocrx_word' id='word_1_77' title='bbox 834 612 1062 649; x_wconf 86' lang='lat' dir='ltr'>candidum</span> <span class='ocrx_word' id='word_1_78' title='bbox 1085 613 1268 649; x_wconf 80' lang='lat' dir='ltr'>amicum</span> <span class='ocrx_word' id='word_1_79' title='bbox 1288 618 1376 649; x_wconf 91' lang='lat' dir='ltr'>tam</span> <span class='ocrx_word' id='word_1_80' title='bbox 1398 613 1547 662; x_wconf 78' lang='lat' dir='ltr'>frigide</span> <span class='ocrx_word' id='word_1_81' title='bbox 1569 616 1838 664; x_wconf 87' lang='lat' dir='ltr'>excepissem.</span> 
     </span>
     <span class='ocr_line' id='line_1_15' title="bbox 274 665 1838 717; baseline 0.004 -15"><span class='ocrx_word' id='word_1_82' title='bbox 274 665 462 703; x_wconf 88' lang='lat' dir='ltr'>Primum</span> <span class='ocrx_word' id='word_1_83' title='bbox 492 667 533 702; x_wconf 92' lang='lat' dir='ltr'>in</span> <span class='ocrx_word' id='word_1_84' title='bbox 562 668 731 703; x_wconf 88' lang='lat' dir='ltr'>nomine</span> <span class='ocrx_word' id='word_1_85' title='bbox 760 671 836 704; x_wconf 91' lang='lat' dir='ltr'>tuo</span> <span class='ocrx_word' id='word_1_86' title='bbox 866 667 1175 716; x_wconf 74' lang='lat' dir='ltr'>peregrinabar,</span> <span class='ocrx_word' id='word_1_87' title='bbox 1200 673 1407 716; x_wconf 86' lang='lat' dir='ltr'>tanquam</span> <span class='ocrx_word' id='word_1_88' title='bbox 1436 680 1510 717; x_wconf 85' lang='lat' dir='ltr'>per</span> <span class='ocrx_word' id='word_1_89' title='bbox 1538 670 1749 707; x_wconf 87' lang='lat' dir='ltr'>somnium</span> <span class='ocrx_word' id='word_1_90' title='bbox 1779 684 1838 708; x_wconf 94' lang='lat' dir='ltr'>re-</span> 
     </span>
     <span class='ocr_line' id='line_1_16' title="bbox 271 720 1842 770; baseline 0.003 -13"><span class='ocrx_word' id='word_1_91' title='bbox 271 720 451 758; x_wconf 90' lang='lat' dir='ltr'>cordans</span> <span class='ocrx_word' id='word_1_92' title='bbox 479 734 632 758; x_wconf 84' lang='lat' dir='ltr'>nomen</span> <span class='ocrx_word' id='word_1_93' title='bbox 661 721 765 758; x_wconf 91' lang='lat' dir='ltr'>illud</span> <span class='ocrx_word' id='word_1_94' title='bbox 795 723 836 759; x_wconf 91' lang='lat' dir='ltr'>in</span> <span class='ocrx_word' id='word_1_95' title='bbox 861 721 1100 770; x_wconf 87' lang='lat' dir='ltr'>aliquorum</span> <span class='ocrx_word' id='word_1_96' title='bbox 1130 721 1182 758; x_wconf 89' lang='lat' dir='ltr'>ad</span> <span class='ocrx_word' id='word_1_97' title='bbox 1210 734 1275 758; x_wconf 89' lang='lat' dir='ltr'>me</span> <span class='ocrx_word' id='word_1_98' title='bbox 1304 722 1437 759; x_wconf 91' lang='lat' dir='ltr'>literis</span> <span class='ocrx_word' id='word_1_99' title='bbox 1468 728 1628 761; x_wconf 82' lang='lat' dir='ltr'>extare.</span> <span class='ocrx_word' id='word_1_100' title='bbox 1688 724 1842 762; x_wconf 76' lang='lat' dir='ltr'>Nullus</span> 
     </span>
     <span class='ocr_line' id='line_1_17' title="bbox 272 775 1838 826; baseline 0.003 -14"><span class='ocrx_word' id='word_1_101' title='bbox 272 779 336 812; x_wconf 91' lang='lat' dir='ltr'>est</span> <span class='ocrx_word' id='word_1_102' title='bbox 358 775 487 812; x_wconf 87' lang='lat' dir='ltr'>ferme</span> <span class='ocrx_word' id='word_1_103' title='bbox 510 775 597 812; x_wconf 90' lang='lat' dir='ltr'>dies</span> <span class='ocrx_word' id='word_1_104' title='bbox 619 789 703 825; x_wconf 91' lang='lat' dir='ltr'>quo</span> <span class='ocrx_word' id='word_1_105' title='bbox 727 789 810 813; x_wconf 88' lang='lat' dir='ltr'>non</span> <span class='ocrx_word' id='word_1_106' title='bbox 832 777 1036 825; x_wconf 78' lang='lat' dir='ltr'>accipiam</span> <span class='ocrx_word' id='word_1_107' title='bbox 1063 776 1228 825; x_wconf 87' lang='lat' dir='ltr'>aliquas</span> <span class='ocrx_word' id='word_1_108' title='bbox 1256 777 1483 826; x_wconf 71' lang='lat' dir='ltr'>epistolas:</span> <span class='ocrx_word' id='word_1_109' title='bbox 1517 779 1730 816; x_wconf 88' lang='lat' dir='ltr'>interdum</span> <span class='ocrx_word' id='word_1_110' title='bbox 1754 793 1838 817; x_wconf 86' lang='lat' dir='ltr'>vno</span> 
     </span>
     <span class='ocr_line' id='line_1_18' title="bbox 274 829 1839 882; baseline 0.003 -15"><span class='ocrx_word' id='word_1_111' title='bbox 274 829 415 880; x_wconf 89' lang='lat' dir='ltr'>plures</span> <span class='ocrx_word' id='word_1_112' title='bbox 457 831 622 879; x_wconf 79' lang='lat' dir='ltr'>viginti.</span> <span class='ocrx_word' id='word_1_113' title='bbox 682 831 922 868; x_wconf 77' lang='lat' dir='ltr'>Accedebat</span> <span class='ocrx_word' id='word_1_114' title='bbox 961 831 1149 879; x_wconf 86' lang='lat' dir='ltr'>languor,</span> <span class='ocrx_word' id='word_1_115' title='bbox 1193 833 1264 880; x_wconf 87' lang='lat' dir='ltr'>qui</span> <span class='ocrx_word' id='word_1_116' title='bbox 1307 844 1372 868; x_wconf 91' lang='lat' dir='ltr'>me</span> <span class='ocrx_word' id='word_1_117' title='bbox 1417 833 1708 882; x_wconf 82' lang='lat' dir='ltr'>compluribus</span> <span class='ocrx_word' id='word_1_118' title='bbox 1756 835 1839 872; x_wconf 89' lang='lat' dir='ltr'>iam</span> 
     </span>
     <span class='ocr_line' id='line_1_19' title="bbox 274 884 1841 934; baseline 0.003 -13"><span class='ocrx_word' id='word_1_119' title='bbox 274 884 489 922; x_wconf 87' lang='lat' dir='ltr'>mensibus</span> <span class='ocrx_word' id='word_1_120' title='bbox 522 886 697 923; x_wconf 91' lang='lat' dir='ltr'>nimium</span> <span class='ocrx_word' id='word_1_121' title='bbox 731 890 851 934; x_wconf 82' lang='lat' dir='ltr'>vrgct</span> <span class='ocrx_word' id='word_1_122' title='bbox 883 885 1160 922; x_wconf 82' lang='lat' dir='ltr'>familiariter.</span> <span class='ocrx_word' id='word_1_123' title='bbox 1224 886 1300 923; x_wconf 90' lang='lat' dir='ltr'>His</span> <span class='ocrx_word' id='word_1_124' title='bbox 1332 886 1456 924; x_wconf 89' lang='lat' dir='ltr'>rebus</span> <span class='ocrx_word' id='word_1_125' title='bbox 1489 887 1652 925; x_wconf 87' lang='lat' dir='ltr'>factum</span> <span class='ocrx_word' id='word_1_126' title='bbox 1684 894 1760 934; x_wconf 88' lang='lat' dir='ltr'>est,</span> <span class='ocrx_word' id='word_1_127' title='bbox 1793 894 1841 926; x_wconf 89' lang='lat' dir='ltr'>vt</span> 
     </span>
     <span class='ocr_line' id='line_1_20' title="bbox 274 939 1841 993; baseline 0.003 -17"><span class='ocrx_word' id='word_1_128' title='bbox 274 944 403 977; x_wconf 89' lang='lat' dir='ltr'>noctu</span> <span class='ocrx_word' id='word_1_129' title='bbox 433 939 603 977; x_wconf 88' lang='lat' dir='ltr'>demum</span> <span class='ocrx_word' id='word_1_130' title='bbox 634 945 843 978; x_wconf 90' lang='lat' dir='ltr'>renouata</span> <span class='ocrx_word' id='word_1_131' title='bbox 872 941 1085 984; x_wconf 83' lang='lat' dir='ltr'>memoria,</span> <span class='ocrx_word' id='word_1_132' title='bbox 1109 953 1194 977; x_wconf 88' lang='lat' dir='ltr'>vno</span> <span class='ocrx_word' id='word_1_133' title='bbox 1223 945 1395 978; x_wconf 85' lang='lat' dir='ltr'>tantum</span> <span class='ocrx_word' id='word_1_134' title='bbox 1428 942 1641 992; x_wconf 88' lang='lat' dir='ltr'>colloquio</span> <span class='ocrx_word' id='word_1_135' title='bbox 1673 956 1841 993; x_wconf 81' lang='lat' dir='ltr'>vnaque</span> 
     </span>
     <span class='ocr_line' id='line_1_21' title="bbox 272 995 1839 1047; baseline 0.003 -15"><span class='ocrx_word' id='word_1_136' title='bbox 272 1007 404 1032; x_wconf 86' lang='lat' dir='ltr'>coena</span> <span class='ocrx_word' id='word_1_137' title='bbox 426 998 515 1032; x_wconf 85' lang='lat' dir='ltr'>tam</span> <span class='ocrx_word' id='word_1_138' title='bbox 538 996 673 1032; x_wconf 89' lang='lat' dir='ltr'>amico</span> <span class='ocrx_word' id='word_1_139' title='bbox 699 995 865 1045; x_wconf 78' lang='lat' dir='ltr'>hospite</span> <span class='ocrx_word' id='word_1_140' title='bbox 894 995 977 1032; x_wconf 84' lang='lat' dir='ltr'>frui</span> <span class='ocrx_word' id='word_1_141' title='bbox 1004 995 1182 1032; x_wconf 81' lang='lat' dir='ltr'>licuerit.</span> <span class='ocrx_word' id='word_1_142' title='bbox 1243 995 1329 1033; x_wconf 82' lang='lat' dir='ltr'>Nec</span> <span class='ocrx_word' id='word_1_143' title='bbox 1358 997 1399 1033; x_wconf 90' lang='lat' dir='ltr'>in</span> <span class='ocrx_word' id='word_1_144' title='bbox 1429 996 1571 1034; x_wconf 88' lang='lat' dir='ltr'>libello</span> <span class='ocrx_word' id='word_1_145' title='bbox 1597 1010 1721 1047; x_wconf 88' lang='lat' dir='ltr'>quem</span> <span class='ocrx_word' id='word_1_146' title='bbox 1748 999 1839 1036; x_wconf 89' lang='lat' dir='ltr'>reli-</span> 
     </span>
     <span class='ocr_line' id='line_1_22' title="bbox 272 1049 1842 1103; baseline 0.003 -17"><span class='ocrx_word' id='word_1_147' title='bbox 272 1050 403 1098; x_wconf 87' lang='lat' dir='ltr'>quisti</span> <span class='ocrx_word' id='word_1_148' title='bbox 434 1049 615 1087; x_wconf 83' lang='lat' dir='ltr'>sciebam</span> <span class='ocrx_word' id='word_1_149' title='bbox 649 1051 877 1098; x_wconf 89' lang='lat' dir='ltr'>quicquam</span> <span class='ocrx_word' id='word_1_150' title='bbox 907 1062 996 1087; x_wconf 87' lang='lat' dir='ltr'>esse</span> <span class='ocrx_word' id='word_1_151' title='bbox 1028 1055 1164 1093; x_wconf 91' lang='lat' dir='ltr'>tuum,</span> <span class='ocrx_word' id='word_1_152' title='bbox 1191 1051 1439 1099; x_wconf 87' lang='lat' dir='ltr'>priusquam</span> <span class='ocrx_word' id='word_1_153' title='bbox 1472 1056 1513 1088; x_wconf 92' lang='lat' dir='ltr'>te</span> <span class='ocrx_word' id='word_1_154' title='bbox 1545 1053 1736 1102; x_wconf 81' lang='lat' dir='ltr'>profecto</span> <span class='ocrx_word' id='word_1_155' title='bbox 1767 1065 1842 1103; x_wconf 89' lang='lat' dir='ltr'>per</span> 
     </span>
     <span class='ocr_line' id='line_1_23' title="bbox 273 1104 1838 1154; baseline 0.003 -14"><span class='ocrx_word' id='word_1_156' title='bbox 273 1105 409 1141; x_wconf 88' lang='lat' dir='ltr'>ocium</span> <span class='ocrx_word' id='word_1_157' title='bbox 432 1104 694 1154; x_wconf 84' lang='lat' dir='ltr'>inspicerem.</span> <span class='ocrx_word' id='word_1_158' title='bbox 742 1105 797 1142; x_wconf 88' lang='lat' dir='ltr'>Et</span> <span class='ocrx_word' id='word_1_159' title='bbox 821 1104 898 1141; x_wconf 91' lang='lat' dir='ltr'>hac</span> <span class='ocrx_word' id='word_1_160' title='bbox 921 1105 962 1141; x_wconf 89' lang='lat' dir='ltr'>in</span> <span class='ocrx_word' id='word_1_161' title='bbox 986 1111 1106 1154; x_wconf 83' lang='lat' dir='ltr'>parte</span> <span class='ocrx_word' id='word_1_162' title='bbox 1124 1105 1225 1142; x_wconf 91' lang='lat' dir='ltr'>mihi</span> <span class='ocrx_word' id='word_1_163' title='bbox 1248 1105 1405 1143; x_wconf 89' lang='lat' dir='ltr'>damno</span> <span class='ocrx_word' id='word_1_164' title='bbox 1426 1106 1509 1144; x_wconf 80' lang='lat' dir='ltr'>fuit</span> <span class='ocrx_word' id='word_1_165' title='bbox 1527 1112 1601 1144; x_wconf 90' lang='lat' dir='ltr'>tua</span> <span class='ocrx_word' id='word_1_166' title='bbox 1619 1107 1838 1145; x_wconf 90' lang='lat' dir='ltr'>modestia.</span> 
     </span>
     <span class='ocr_line' id='line_1_24' title="bbox 273 1159 1839 1211; baseline 0.002 -15"><span class='ocrx_word' id='word_1_167' title='bbox 273 1159 337 1195; x_wconf 89' lang='lat' dir='ltr'>Ex</span> <span class='ocrx_word' id='word_1_168' title='bbox 365 1171 520 1196; x_wconf 86' lang='lat' dir='ltr'>coenae</span> <span class='ocrx_word' id='word_1_169' title='bbox 549 1159 761 1208; x_wconf 89' lang='lat' dir='ltr'>colloquio</span> <span class='ocrx_word' id='word_1_170' title='bbox 789 1160 899 1196; x_wconf 87' lang='lat' dir='ltr'>sensi</span> <span class='ocrx_word' id='word_1_171' title='bbox 925 1164 967 1196; x_wconf 88' lang='lat' dir='ltr'>te</span> <span class='ocrx_word' id='word_1_172' title='bbox 997 1172 1087 1196; x_wconf 90' lang='lat' dir='ltr'>esse</span> <span class='ocrx_word' id='word_1_173' title='bbox 1116 1160 1254 1197; x_wconf 74' lang='lat' dir='ltr'>virum</span> <span class='ocrx_word' id='word_1_174' title='bbox 1287 1160 1457 1205; x_wconf 87' lang='lat' dir='ltr'>bonum,</span> <span class='ocrx_word' id='word_1_175' title='bbox 1488 1166 1535 1199; x_wconf 84' lang='lat' dir='ltr'>vt</span> <span class='ocrx_word' id='word_1_176' title='bbox 1566 1162 1666 1200; x_wconf 92' lang='lat' dir='ltr'>olim</span> <span class='ocrx_word' id='word_1_177' title='bbox 1697 1162 1839 1211; x_wconf 91' lang='lat' dir='ltr'>loque-</span> 
     </span>
     <span class='ocr_line' id='line_1_25' title="bbox 272 1212 1841 1264; baseline 0.003 -14"><span class='ocrx_word' id='word_1_178' title='bbox 272 1212 432 1250; x_wconf 84' lang='lat' dir='ltr'>bantur</span> <span class='ocrx_word' id='word_1_179' title='bbox 454 1213 650 1258; x_wconf 87' lang='lat' dir='ltr'>Romani,</span> <span class='ocrx_word' id='word_1_180' title='bbox 673 1214 865 1259; x_wconf 86' lang='lat' dir='ltr'>liberum,</span> <span class='ocrx_word' id='word_1_181' title='bbox 885 1214 1073 1262; x_wconf 89' lang='lat' dir='ltr'>rectique</span> <span class='ocrx_word' id='word_1_182' title='bbox 1094 1227 1141 1251; x_wconf 91' lang='lat' dir='ltr'>ac</span> <span class='ocrx_word' id='word_1_183' title='bbox 1164 1215 1338 1264; x_wconf 88' lang='lat' dir='ltr'>pietatis</span> <span class='ocrx_word' id='word_1_184' title='bbox 1360 1221 1592 1254; x_wconf 90' lang='lat' dir='ltr'>amantem.</span> <span class='ocrx_word' id='word_1_185' title='bbox 1635 1217 1686 1254; x_wconf 94' lang='lat' dir='ltr'>In</span> <span class='ocrx_word' id='word_1_186' title='bbox 1708 1217 1841 1255; x_wconf 86' lang='lat' dir='ltr'>literis</span> 
     </span>
     <span class='ocr_line' id='line_1_26' title="bbox 272 1268 1841 1320; baseline 0.003 -15"><span class='ocrx_word' id='word_1_187' title='bbox 272 1268 325 1305; x_wconf 89' lang='lat' dir='ltr'>ad</span> <span class='ocrx_word' id='word_1_188' title='bbox 355 1268 685 1306; x_wconf 81' lang='lat' dir='ltr'>Amerbaehium</span> <span class='ocrx_word' id='word_1_189' title='bbox 714 1269 832 1306; x_wconf 89' lang='lat' dir='ltr'>nulla</span> <span class='ocrx_word' id='word_1_190' title='bbox 861 1274 953 1306; x_wconf 88' lang='lat' dir='ltr'>erat</span> <span class='ocrx_word' id='word_1_191' title='bbox 982 1270 1047 1306; x_wconf 91' lang='lat' dir='ltr'>tui</span> <span class='ocrx_word' id='word_1_192' title='bbox 1074 1270 1247 1307; x_wconf 90' lang='lat' dir='ltr'>mentio.</span> <span class='ocrx_word' id='word_1_193' title='bbox 1307 1269 1497 1320; x_wconf 85' lang='lat' dir='ltr'>Scriptae</span> <span class='ocrx_word' id='word_1_194' title='bbox 1528 1273 1639 1309; x_wconf 91' lang='lat' dir='ltr'>enim</span> <span class='ocrx_word' id='word_1_195' title='bbox 1669 1271 1841 1309; x_wconf 87' lang='lat' dir='ltr'>fuerant</span> 
     </span>
     <span class='ocr_line' id='line_1_27' title="bbox 272 1322 1840 1376; baseline 0.003 -16"><span class='ocrx_word' id='word_1_196' title='bbox 272 1328 315 1359; x_wconf 87' lang='lat' dir='ltr'>et</span> <span class='ocrx_word' id='word_1_197' title='bbox 351 1322 603 1373; x_wconf 80' lang='lat' dir='ltr'>obsignatae</span> <span class='ocrx_word' id='word_1_198' title='bbox 638 1325 886 1373; x_wconf 87' lang='lat' dir='ltr'>priusquam</span> <span class='ocrx_word' id='word_1_199' title='bbox 924 1323 1005 1361; x_wconf 91' lang='lat' dir='ltr'>huc</span> <span class='ocrx_word' id='word_1_200' title='bbox 1045 1325 1223 1362; x_wconf 79' lang='lat' dir='ltr'>venires,</span> <span class='ocrx_word' id='word_1_201' title='bbox 1284 1324 1326 1362; x_wconf 88' lang='lat' dir='ltr'>Is</span> <span class='ocrx_word' id='word_1_202' title='bbox 1366 1330 1511 1363; x_wconf 86' lang='lat' dir='ltr'>tamen</span> <span class='ocrx_word' id='word_1_203' title='bbox 1553 1339 1618 1364; x_wconf 91' lang='lat' dir='ltr'>me</span> <span class='ocrx_word' id='word_1_204' title='bbox 1651 1327 1840 1376; x_wconf 81' lang='lat' dir='ltr'>sagacior</span> 
     </span>
     <span class='ocr_line' id='line_1_28' title="bbox 273 1378 1840 1430; baseline 0.003 -16"><span class='ocrx_word' id='word_1_205' title='bbox 273 1379 421 1415; x_wconf 86' lang='lat' dir='ltr'>statim</span> <span class='ocrx_word' id='word_1_206' title='bbox 450 1379 581 1415; x_wconf 88' lang='lat' dir='ltr'>sensit</span> <span class='ocrx_word' id='word_1_207' title='bbox 610 1379 764 1427; x_wconf 88' lang='lat' dir='ltr'>ingenii</span> <span class='ocrx_word' id='word_1_208' title='bbox 792 1379 856 1416; x_wconf 90' lang='lat' dir='ltr'>tui</span> <span class='ocrx_word' id='word_1_209' title='bbox 887 1378 1021 1423; x_wconf 91' lang='lat' dir='ltr'>dotes,</span> <span class='ocrx_word' id='word_1_210' title='bbox 1050 1379 1219 1428; x_wconf 78' lang='lat' dir='ltr'>egitque</span> <span class='ocrx_word' id='word_1_211' title='bbox 1250 1379 1353 1417; x_wconf 91' lang='lat' dir='ltr'>mihi</span> <span class='ocrx_word' id='word_1_212' title='bbox 1378 1382 1537 1429; x_wconf 87' lang='lat' dir='ltr'>gratias</span> <span class='ocrx_word' id='word_1_213' title='bbox 1568 1381 1683 1430; x_wconf 92' lang='lat' dir='ltr'>quod</span> <span class='ocrx_word' id='word_1_214' title='bbox 1711 1381 1840 1419; x_wconf 88' lang='lat' dir='ltr'>talem</span> 
     </span>
     <span class='ocr_line' id='line_1_29' title="bbox 272 1432 1839 1482; baseline 0.003 -13"><span class='ocrx_word' id='word_1_215' title='bbox 272 1432 326 1469; x_wconf 88' lang='lat' dir='ltr'>ad</span> <span class='ocrx_word' id='word_1_216' title='bbox 358 1433 497 1482; x_wconf 90' lang='lat' dir='ltr'>ipsum</span> <span class='ocrx_word' id='word_1_217' title='bbox 526 1434 743 1470; x_wconf 84' lang='lat' dir='ltr'>misissem.</span> <span class='ocrx_word' id='word_1_218' title='bbox 804 1432 1003 1471; x_wconf 78' lang='lat' dir='ltr'>Addebat</span> <span class='ocrx_word' id='word_1_219' title='bbox 1032 1433 1111 1470; x_wconf 91' lang='lat' dir='ltr'>sibi</span> <span class='ocrx_word' id='word_1_220' title='bbox 1136 1434 1275 1471; x_wconf 81' lang='lat' dir='ltr'>visum</span> <span class='ocrx_word' id='word_1_221' title='bbox 1304 1435 1442 1472; x_wconf 82' lang='lat' dir='ltr'>virum</span> <span class='ocrx_word' id='word_1_222' title='bbox 1474 1435 1633 1473; x_wconf 90' lang='lat' dir='ltr'>bonum</span> <span class='ocrx_word' id='word_1_223' title='bbox 1662 1440 1705 1474; x_wconf 90' lang='lat' dir='ltr'>et</span> <span class='ocrx_word' id='word_1_224' title='bbox 1733 1436 1839 1474; x_wconf 91' lang='lat' dir='ltr'>inte-</span> 
     </span>
     <span class='ocr_line' id='line_1_30' title="bbox 271 1487 1842 1538; baseline 0.003 -14"><span class='ocrx_word' id='word_1_225' title='bbox 271 1500 406 1536; x_wconf 87' lang='lat' dir='ltr'>grum.</span> <span class='ocrx_word' id='word_1_226' title='bbox 467 1487 601 1533; x_wconf 87' lang='lat' dir='ltr'>Quam</span> <span class='ocrx_word' id='word_1_227' title='bbox 636 1487 759 1525; x_wconf 83' lang='lat' dir='ltr'>facile</span> <span class='ocrx_word' id='word_1_228' title='bbox 790 1488 1074 1525; x_wconf 82' lang='lat' dir='ltr'>conciliantur</span> <span class='ocrx_word' id='word_1_229' title='bbox 1104 1493 1288 1538; x_wconf 89' lang='lat' dir='ltr'>cognata</span> <span class='ocrx_word' id='word_1_230' title='bbox 1320 1490 1509 1538; x_wconf 82' lang='lat' dir='ltr'>ingenia!</span> <span class='ocrx_word' id='word_1_231' title='bbox 1570 1490 1745 1528; x_wconf 77' lang='lat' dir='ltr'>Adeunt</span> <span class='ocrx_word' id='word_1_232' title='bbox 1775 1503 1842 1528; x_wconf 87' lang='lat' dir='ltr'>me</span> 
     </span>
     <span class='ocr_line' id='line_1_31' title="bbox 273 1541 1843 1595; baseline 0.003 -17"><span class='ocrx_word' id='word_1_233' title='bbox 273 1541 487 1579; x_wconf 90' lang='lat' dir='ltr'>interdum</span> <span class='ocrx_word' id='word_1_234' title='bbox 509 1543 581 1591; x_wconf 91' lang='lat' dir='ltr'>qui</span> <span class='ocrx_word' id='word_1_235' title='bbox 602 1543 753 1580; x_wconf 90' lang='lat' dir='ltr'>miram</span> <span class='ocrx_word' id='word_1_236' title='bbox 776 1555 876 1592; x_wconf 89' lang='lat' dir='ltr'>prae</span> <span class='ocrx_word' id='word_1_237' title='bbox 898 1555 940 1580; x_wconf 92' lang='lat' dir='ltr'>se</span> <span class='ocrx_word' id='word_1_238' title='bbox 969 1543 1113 1580; x_wconf 86' lang='lat' dir='ltr'>ferunt</span> <span class='ocrx_word' id='word_1_239' title='bbox 1139 1543 1493 1589; x_wconf 86' lang='lat' dir='ltr'>beneuolentiam,</span> <span class='ocrx_word' id='word_1_240' title='bbox 1517 1557 1648 1594; x_wconf 88' lang='lat' dir='ltr'>quum</span> <span class='ocrx_word' id='word_1_241' title='bbox 1677 1545 1843 1595; x_wconf 80' lang='lat' dir='ltr'>aliquot</span> 
     </span>
     <span class='ocr_line' id='line_1_32' title="bbox 273 1596 1840 1648; baseline 0.003 -14"><span class='ocrx_word' id='word_1_242' title='bbox 273 1596 489 1634; x_wconf 88' lang='lat' dir='ltr'>interdum</span> <span class='ocrx_word' id='word_1_243' title='bbox 510 1598 768 1647; x_wconf 88' lang='lat' dir='ltr'>comperiam</span> <span class='ocrx_word' id='word_1_244' title='bbox 792 1597 914 1647; x_wconf 90' lang='lat' dir='ltr'>longe</span> <span class='ocrx_word' id='word_1_245' title='bbox 941 1597 1046 1635; x_wconf 88' lang='lat' dir='ltr'>alios</span> <span class='ocrx_word' id='word_1_246' title='bbox 1074 1598 1216 1635; x_wconf 88' lang='lat' dir='ltr'>animo</span> <span class='ocrx_word' id='word_1_247' title='bbox 1245 1611 1374 1648; x_wconf 88' lang='lat' dir='ltr'>quam</span> <span class='ocrx_word' id='word_1_248' title='bbox 1403 1599 1556 1637; x_wconf 84' lang='lat' dir='ltr'>fronte.</span> <span class='ocrx_word' id='word_1_249' title='bbox 1617 1600 1680 1638; x_wconf 86' lang='lat' dir='ltr'>Ea</span> <span class='ocrx_word' id='word_1_250' title='bbox 1708 1613 1772 1638; x_wconf 89' lang='lat' dir='ltr'>res</span> <span class='ocrx_word' id='word_1_251' title='bbox 1798 1601 1840 1637; x_wconf 87' lang='lat' dir='ltr'>in</span> 
     </span>
     <span class='ocr_line' id='line_1_33' title="bbox 273 1652 1842 1705; baseline 0.003 -17"><span class='ocrx_word' id='word_1_252' title='bbox 273 1664 399 1689; x_wconf 89' lang='lat' dir='ltr'>causa</span> <span class='ocrx_word' id='word_1_253' title='bbox 421 1656 498 1695; x_wconf 87' lang='lat' dir='ltr'>est,</span> <span class='ocrx_word' id='word_1_254' title='bbox 522 1656 570 1689; x_wconf 80' lang='lat' dir='ltr'>vt</span> <span class='ocrx_word' id='word_1_255' title='bbox 599 1665 907 1701; x_wconf 85' lang='lat' dir='ltr'>nonnunquam</span> <span class='ocrx_word' id='word_1_256' title='bbox 935 1652 1126 1702; x_wconf 86' lang='lat' dir='ltr'>frigidior</span> <span class='ocrx_word' id='word_1_257' title='bbox 1151 1654 1229 1690; x_wconf 79' lang='lat' dir='ltr'>siin</span> <span class='ocrx_word' id='word_1_258' title='bbox 1259 1654 1301 1690; x_wconf 87' lang='lat' dir='ltr'>in</span> <span class='ocrx_word' id='word_1_259' title='bbox 1329 1655 1584 1704; x_wconf 86' lang='lat' dir='ltr'>accipiendis</span> <span class='ocrx_word' id='word_1_260' title='bbox 1612 1656 1842 1705; x_wconf 87' lang='lat' dir='ltr'>peregrinis</span> 
     </span>
     <span class='ocr_line' id='line_1_34' title="bbox 271 1705 594 1744; baseline 0.003 -1"><span class='ocrx_word' id='word_1_261' title='bbox 271 1705 594 1744; x_wconf 87' lang='lat' dir='ltr'>salutatoribus.</span> 
     </span>
    </p>

    <p class='ocr_par' dir='ltr' id='par_1_9' title="bbox 272 1760 1842 2414">
     <span class='ocr_line' id='line_1_35' title="bbox 326 1760 1840 1813; baseline 0.003 -15"><span class='ocrx_word' id='word_1_262' title='bbox 326 1760 407 1798; x_wconf 80' lang='lat' dir='ltr'>Sed</span> <span class='ocrx_word' id='word_1_263' title='bbox 435 1761 487 1798; x_wconf 91' lang='lat' dir='ltr'>de</span> <span class='ocrx_word' id='word_1_264' title='bbox 515 1766 557 1799; x_wconf 88' lang='lat' dir='ltr'>te</span> <span class='ocrx_word' id='word_1_265' title='bbox 583 1774 714 1811; x_wconf 90' lang='lat' dir='ltr'>quum</span> <span class='ocrx_word' id='word_1_266' title='bbox 744 1762 825 1799; x_wconf 85' lang='lat' dir='ltr'>mei</span> <span class='ocrx_word' id='word_1_267' title='bbox 854 1761 1046 1811; x_wconf 79' lang='lat' dir='ltr'>puderet,</span> <span class='ocrx_word' id='word_1_268' title='bbox 1073 1762 1260 1812; x_wconf 90' lang='lat' dir='ltr'>mihique</span> <span class='ocrx_word' id='word_1_269' title='bbox 1288 1763 1376 1813; x_wconf 87' lang='lat' dir='ltr'>ipse</span> <span class='ocrx_word' id='word_1_270' title='bbox 1405 1776 1707 1810; x_wconf 73' lang='lat' dir='ltr'>suoeenserem,</span> <span class='ocrx_word' id='word_1_271' title='bbox 1731 1777 1840 1802; x_wconf 91' lang='lat' dir='ltr'>com-</span> 
     </span>
     <span class='ocr_line' id='line_1_36' title="bbox 273 1815 1841 1867; baseline 0.003 -14"><span class='ocrx_word' id='word_1_272' title='bbox 273 1815 446 1853; x_wconf 89' lang='lat' dir='ltr'>modum</span> <span class='ocrx_word' id='word_1_273' title='bbox 468 1821 807 1866; x_wconf 88' lang='lat' dir='ltr'>superuenerunt</span> <span class='ocrx_word' id='word_1_274' title='bbox 833 1817 941 1854; x_wconf 89' lang='lat' dir='ltr'>duae</span> <span class='ocrx_word' id='word_1_275' title='bbox 969 1817 1174 1867; x_wconf 90' lang='lat' dir='ltr'>epistolae</span> <span class='ocrx_word' id='word_1_276' title='bbox 1203 1822 1302 1855; x_wconf 88' lang='lat' dir='ltr'>tuae</span> <span class='ocrx_word' id='word_1_277' title='bbox 1324 1819 1479 1867; x_wconf 89' lang='lat' dir='ltr'>quibus</span> <span class='ocrx_word' id='word_1_278' title='bbox 1505 1832 1571 1856; x_wconf 90' lang='lat' dir='ltr'>me</span> <span class='ocrx_word' id='word_1_279' title='bbox 1599 1819 1841 1864; x_wconf 80' lang='lat' dir='ltr'>consolaris,</span> 
     </span>
     <span class='ocr_line' id='line_1_37' title="bbox 272 1871 1842 1922; baseline 0.003 -15"><span class='ocrx_word' id='word_1_280' title='bbox 272 1883 422 1920; x_wconf 88' lang='lat' dir='ltr'>meque</span> <span class='ocrx_word' id='word_1_281' title='bbox 450 1871 552 1908; x_wconf 88' lang='lat' dir='ltr'>mihi</span> <span class='ocrx_word' id='word_1_282' title='bbox 581 1871 840 1917; x_wconf 88' lang='lat' dir='ltr'>reconcilias,</span> <span class='ocrx_word' id='word_1_283' title='bbox 866 1872 997 1909; x_wconf 89' lang='lat' dir='ltr'>etiam</span> <span class='ocrx_word' id='word_1_284' title='bbox 1026 1884 1103 1921; x_wconf 90' lang='lat' dir='ltr'>pro</span> <span class='ocrx_word' id='word_1_285' title='bbox 1130 1872 1335 1922; x_wconf 88' lang='lat' dir='ltr'>singulari</span> <span class='ocrx_word' id='word_1_286' title='bbox 1362 1872 1643 1919; x_wconf 87' lang='lat' dir='ltr'>humanitate,</span> <span class='ocrx_word' id='word_1_287' title='bbox 1671 1875 1704 1911; x_wconf 89' lang='lat' dir='ltr'>si</span> <span class='ocrx_word' id='word_1_288' title='bbox 1732 1874 1842 1911; x_wconf 89' lang='lat' dir='ltr'>diuis</span> 
     </span>
     <span class='ocr_line' id='line_1_38' title="bbox 273 1925 1842 1978; baseline 0.003 -16"><span class='ocrx_word' id='word_1_289' title='bbox 273 1925 425 1974; x_wconf 79' lang='lat' dir='ltr'>placet,</span> <span class='ocrx_word' id='word_1_290' title='bbox 459 1927 619 1976; x_wconf 85' lang='lat' dir='ltr'>gratias</span> <span class='ocrx_word' id='word_1_291' title='bbox 655 1939 806 1976; x_wconf 89' lang='lat' dir='ltr'>agens:</span> <span class='ocrx_word' id='word_1_292' title='bbox 850 1939 926 1963; x_wconf 92' lang='lat' dir='ltr'>nec</span> <span class='ocrx_word' id='word_1_293' title='bbox 962 1927 1040 1964; x_wconf 90' lang='lat' dir='ltr'>hoc</span> <span class='ocrx_word' id='word_1_294' title='bbox 1076 1932 1317 1971; x_wconf 78' lang='lat' dir='ltr'>contentus,</span> <span class='ocrx_word' id='word_1_295' title='bbox 1349 1928 1471 1965; x_wconf 89' lang='lat' dir='ltr'>istius</span> <span class='ocrx_word' id='word_1_296' title='bbox 1507 1929 1678 1978; x_wconf 87' lang='lat' dir='ltr'>insuper</span> <span class='ocrx_word' id='word_1_297' title='bbox 1711 1930 1842 1966; x_wconf 92' lang='lat' dir='ltr'>animi</span> 
     </span>
     <span class='ocr_line' id='line_1_39' title="bbox 273 1981 1841 2033; baseline 0.003 -16"><span class='ocrx_word' id='word_1_298' title='bbox 273 1981 424 2030; x_wconf 89' lang='lat' dir='ltr'>pignus</span> <span class='ocrx_word' id='word_1_299' title='bbox 446 1993 494 2018; x_wconf 88' lang='lat' dir='ltr'>ac</span> <span class='ocrx_word' id='word_1_300' title='bbox 516 1986 843 2019; x_wconf 89' lang='lat' dir='ltr'>monumentum</span> <span class='ocrx_word' id='word_1_301' title='bbox 865 1981 981 2031; x_wconf 90' lang='lat' dir='ltr'>apud</span> <span class='ocrx_word' id='word_1_302' title='bbox 1003 1981 1230 2019; x_wconf 88' lang='lat' dir='ltr'>Erasmum</span> <span class='ocrx_word' id='word_1_303' title='bbox 1251 1981 1454 2020; x_wconf 85' lang='lat' dir='ltr'>Schetum</span> <span class='ocrx_word' id='word_1_304' title='bbox 1482 1983 1704 2032; x_wconf 83' lang='lat' dir='ltr'>reliquisti,</span> <span class='ocrx_word' id='word_1_305' title='bbox 1727 1983 1841 2033; x_wconf 89' lang='lat' dir='ltr'>quod</span> 
     </span>
     <span class='ocr_line' id='line_1_40' title="bbox 273 2035 1841 2088; baseline 0.003 -17"><span class='ocrx_word' id='word_1_306' title='bbox 273 2035 463 2072; x_wconf 90' lang='lat' dir='ltr'>nondum</span> <span class='ocrx_word' id='word_1_307' title='bbox 500 2036 642 2073; x_wconf 77' lang='lat' dir='ltr'>videre</span> <span class='ocrx_word' id='word_1_308' title='bbox 682 2037 877 2086; x_wconf 89' lang='lat' dir='ltr'>contigit,</span> <span class='ocrx_word' id='word_1_309' title='bbox 913 2036 986 2074; x_wconf 88' lang='lat' dir='ltr'>sed</span> <span class='ocrx_word' id='word_1_310' title='bbox 1027 2037 1099 2086; x_wconf 92' lang='lat' dir='ltr'>qui</span> <span class='ocrx_word' id='word_1_311' title='bbox 1135 2037 1279 2074; x_wconf 79' lang='lat' dir='ltr'>videre</span> <span class='ocrx_word' id='word_1_312' title='bbox 1325 2037 1578 2087; x_wconf 89' lang='lat' dir='ltr'>praedicant</span> <span class='ocrx_word' id='word_1_313' title='bbox 1618 2051 1707 2075; x_wconf 89' lang='lat' dir='ltr'>esse</span> <span class='ocrx_word' id='word_1_314' title='bbox 1746 2051 1841 2088; x_wconf 87' lang='lat' dir='ltr'>rege</span> 
     </span>
     <span class='ocr_line' id='line_1_41' title="bbox 273 2089 1839 2141; baseline 0.003 -14"><span class='ocrx_word' id='word_1_315' title='bbox 273 2089 461 2139; x_wconf 88' lang='lat' dir='ltr'>dignum.</span> <span class='ocrx_word' id='word_1_316' title='bbox 504 2089 730 2128; x_wconf 89' lang='lat' dir='ltr'>Caeterum</span> <span class='ocrx_word' id='word_1_317' title='bbox 752 2104 836 2140; x_wconf 90' lang='lat' dir='ltr'>quo</span> <span class='ocrx_word' id='word_1_318' title='bbox 858 2096 906 2128; x_wconf 88' lang='lat' dir='ltr'>tu</span> <span class='ocrx_word' id='word_1_319' title='bbox 928 2091 1135 2141; x_wconf 84' lang='lat' dir='ltr'>prolixius</span> <span class='ocrx_word' id='word_1_320' title='bbox 1157 2091 1346 2129; x_wconf 85' lang='lat' dir='ltr'>declaras</span> <span class='ocrx_word' id='word_1_321' title='bbox 1367 2092 1684 2130; x_wconf 87' lang='lat' dir='ltr'>humanitatem</span> <span class='ocrx_word' id='word_1_322' title='bbox 1707 2097 1839 2138; x_wconf 87' lang='lat' dir='ltr'>tuam,</span> 
     </span>
     <span class='ocr_line' id='line_1_42' title="bbox 274 2144 1840 2197; baseline 0.003 -16"><span class='ocrx_word' id='word_1_323' title='bbox 274 2144 351 2181; x_wconf 92' lang='lat' dir='ltr'>hoc</span> <span class='ocrx_word' id='word_1_324' title='bbox 380 2145 513 2194; x_wconf 83' lang='lat' dir='ltr'>magis</span> <span class='ocrx_word' id='word_1_325' title='bbox 539 2158 606 2182; x_wconf 91' lang='lat' dir='ltr'>me</span> <span class='ocrx_word' id='word_1_326' title='bbox 631 2145 765 2195; x_wconf 89' lang='lat' dir='ltr'>pudet</span> <span class='ocrx_word' id='word_1_327' title='bbox 793 2145 1124 2183; x_wconf 86' lang='lat' dir='ltr'>inhumanitatis</span> <span class='ocrx_word' id='word_1_328' title='bbox 1150 2159 1280 2183; x_wconf 89' lang='lat' dir='ltr'>meae.</span> <span class='ocrx_word' id='word_1_329' title='bbox 1340 2146 1450 2192; x_wconf 83' lang='lat' dir='ltr'>Quid</span> <span class='ocrx_word' id='word_1_330' title='bbox 1479 2148 1608 2196; x_wconf 88' lang='lat' dir='ltr'>igitur</span> <span class='ocrx_word' id='word_1_331' title='bbox 1636 2152 1840 2197; x_wconf 88' lang='lat' dir='ltr'>superest,</span> 
     </span>
     <span class='ocr_line' id='line_1_43' title="bbox 272 2199 1839 2252; baseline 0.002 -16"><span class='ocrx_word' id='word_1_332' title='bbox 272 2199 352 2236; x_wconf 89' lang='lat' dir='ltr'>nisi</span> <span class='ocrx_word' id='word_1_333' title='bbox 374 2203 422 2236; x_wconf 77' lang='lat' dir='ltr'>vt</span> <span class='ocrx_word' id='word_1_334' title='bbox 439 2200 553 2248; x_wconf 90' lang='lat' dir='ltr'>quod</span> <span class='ocrx_word' id='word_1_335' title='bbox 576 2200 781 2237; x_wconf 89' lang='lat' dir='ltr'>hactenus</span> <span class='ocrx_word' id='word_1_336' title='bbox 803 2205 1016 2238; x_wconf 89' lang='lat' dir='ltr'>cessatum</span> <span class='ocrx_word' id='word_1_337' title='bbox 1038 2205 1114 2243; x_wconf 77' lang='lat' dir='ltr'>est,</span> <span class='ocrx_word' id='word_1_338' title='bbox 1134 2201 1255 2238; x_wconf 84' lang='lat' dir='ltr'>iuxta</span> <span class='ocrx_word' id='word_1_339' title='bbox 1272 2200 1531 2239; x_wconf 87' lang='lat' dir='ltr'>Graecorum</span> <span class='ocrx_word' id='word_1_340' title='bbox 1554 2202 1839 2252; x_wconf 89' lang='lat' dir='ltr'>prouerbium,</span> 
     </span>
     <span class='ocr_line' id='line_1_44' title="bbox 272 2254 1839 2302; baseline 0.003 -12"><span class='ocrx_word' id='word_1_341' title='bbox 272 2254 579 2302; x_wconf 87' lang='lat' dir='ltr'>posterioribus</span> <span class='ocrx_word' id='word_1_342' title='bbox 614 2255 758 2292; x_wconf 88' lang='lat' dir='ltr'>officiis</span> <span class='ocrx_word' id='word_1_343' title='bbox 790 2256 1055 2293; x_wconf 84' lang='lat' dir='ltr'>sarciamus?</span> <span class='ocrx_word' id='word_1_344' title='bbox 1105 2255 1157 2293; x_wconf 82' lang='lat' dir='ltr'>Id</span> <span class='ocrx_word' id='word_1_345' title='bbox 1179 2268 1291 2301; x_wconf 84' lang='lat' dir='ltr'>vero,</span> <span class='ocrx_word' id='word_1_346' title='bbox 1315 2256 1544 2294; x_wconf 90' lang='lat' dir='ltr'>clarissime</span> <span class='ocrx_word' id='word_1_347' title='bbox 1575 2257 1752 2302; x_wconf 90' lang='lat' dir='ltr'>iuuenis,</span> <span class='ocrx_word' id='word_1_348' title='bbox 1783 2257 1839 2294; x_wconf 89' lang='lat' dir='ltr'>sic</span> 
     </span>
     <span class='ocr_line' id='line_1_45' title="bbox 272 2309 1840 2361; baseline 0.003 -16"><span class='ocrx_word' id='word_1_349' title='bbox 272 2321 297 2345; x_wconf 88' lang='lat' dir='ltr'>a</span> <span class='ocrx_word' id='word_1_350' title='bbox 332 2321 398 2345; x_wconf 88' lang='lat' dir='ltr'>me</span> <span class='ocrx_word' id='word_1_351' title='bbox 431 2309 663 2354; x_wconf 84' lang='lat' dir='ltr'>curabitur,</span> <span class='ocrx_word' id='word_1_352' title='bbox 696 2314 744 2347; x_wconf 82' lang='lat' dir='ltr'>vt</span> <span class='ocrx_word' id='word_1_353' title='bbox 774 2310 986 2360; x_wconf 88' lang='lat' dir='ltr'>intelligas</span> <span class='ocrx_word' id='word_1_354' title='bbox 1017 2311 1159 2348; x_wconf 90' lang='lat' dir='ltr'>omnia</span> <span class='ocrx_word' id='word_1_355' title='bbox 1190 2312 1333 2360; x_wconf 88' lang='lat' dir='ltr'>potius</span> <span class='ocrx_word' id='word_1_356' title='bbox 1364 2311 1467 2348; x_wconf 86' lang='lat' dir='ltr'>mihi</span> <span class='ocrx_word' id='word_1_357' title='bbox 1498 2311 1680 2349; x_wconf 82' lang='lat' dir='ltr'>defuisse</span> <span class='ocrx_word' id='word_1_358' title='bbox 1711 2324 1840 2361; x_wconf 88' lang='lat' dir='ltr'>quam</span> 
     </span>
     <span class='ocr_line' id='line_1_46' title="bbox 272 2362 1113 2414; baseline 0.005 -15"><span class='ocrx_word' id='word_1_359' title='bbox 272 2362 462 2400; x_wconf 90' lang='lat' dir='ltr'>studium</span> <span class='ocrx_word' id='word_1_360' title='bbox 485 2377 533 2401; x_wconf 92' lang='lat' dir='ltr'>ac</span> <span class='ocrx_word' id='word_1_361' title='bbox 557 2377 809 2414; x_wconf 87' lang='lat' dir='ltr'>propensam</span> <span class='ocrx_word' id='word_1_362' title='bbox 832 2364 1113 2403; x_wconf 77' lang='lat' dir='ltr'>voluntatem.</span> 
     </span>
    </p>

    <p class='ocr_par' dir='ltr' id='par_1_10' title="bbox 271 2416 1841 2688">
     <span class='ocr_line' id='line_1_47' title="bbox 327 2416 1840 2469; baseline 0.002 -14"><span class='ocrx_word' id='word_1_363' title='bbox 327 2416 449 2462; x_wconf 83' lang='lat' dir='ltr'>Quod</span> <span class='ocrx_word' id='word_1_364' title='bbox 471 2419 532 2455; x_wconf 91' lang='lat' dir='ltr'>ais</span> <span class='ocrx_word' id='word_1_365' title='bbox 554 2419 732 2456; x_wconf 90' lang='lat' dir='ltr'>Louanii</span> <span class='ocrx_word' id='word_1_366' title='bbox 753 2420 961 2456; x_wconf 87' lang='lat' dir='ltr'>iactatum</span> <span class='ocrx_word' id='word_1_367' title='bbox 991 2433 1016 2457; x_wconf 89' lang='lat' dir='ltr'>a</span> <span class='ocrx_word' id='word_1_368' title='bbox 1040 2421 1180 2457; x_wconf 88' lang='lat' dir='ltr'>nescio</span> <span class='ocrx_word' id='word_1_369' title='bbox 1209 2420 1376 2469; x_wconf 89' lang='lat' dir='ltr'>quibus,</span> <span class='ocrx_word' id='word_1_370' title='bbox 1400 2433 1466 2458; x_wconf 91' lang='lat' dir='ltr'>me</span> <span class='ocrx_word' id='word_1_371' title='bbox 1495 2421 1549 2458; x_wconf 90' lang='lat' dir='ltr'>ab</span> <span class='ocrx_word' id='word_1_372' title='bbox 1578 2421 1642 2458; x_wconf 84' lang='lat' dir='ltr'>his</span> <span class='ocrx_word' id='word_1_373' title='bbox 1671 2422 1840 2458; x_wconf 86' lang='lat' dir='ltr'>stetisse</span> 
     </span>
     <span class='ocr_line' id='line_1_48' title="bbox 272 2472 1839 2524; baseline 0.003 -15"><span class='ocrx_word' id='word_1_374' title='bbox 272 2472 345 2521; x_wconf 86' lang='lat' dir='ltr'>qui</span> <span class='ocrx_word' id='word_1_375' title='bbox 373 2473 556 2522; x_wconf 87' lang='lat' dir='ltr'>probant</span> <span class='ocrx_word' id='word_1_376' title='bbox 583 2473 830 2511; x_wconf 83' lang='grc' dir='ltr'></span> <span class='ocrx_word' id='word_1_377' title='bbox 852 2474 1071 2522; x_wconf 85' lang='grc' dir='ltr'>,</span> <span class='ocrx_word' id='word_1_378' title='bbox 1098 2476 1349 2524; x_wconf 86' lang='lat' dir='ltr'>quaerisque</span> <span class='ocrx_word' id='word_1_379' title='bbox 1378 2475 1481 2524; x_wconf 92' lang='lat' dir='ltr'>quid</span> <span class='ocrx_word' id='word_1_380' title='bbox 1510 2476 1564 2512; x_wconf 90' lang='lat' dir='ltr'>sit</span> <span class='ocrx_word' id='word_1_381' title='bbox 1592 2475 1752 2513; x_wconf 89' lang='lat' dir='ltr'>talibus</span> <span class='ocrx_word' id='word_1_382' title='bbox 1780 2489 1839 2513; x_wconf 90' lang='lat' dir='ltr'>re-</span> 
     </span>
     <span class='ocr_line' id='line_1_49' title="bbox 272 2527 1839 2579; baseline 0.003 -16"><span class='ocrx_word' id='word_1_383' title='bbox 272 2527 567 2576; x_wconf 89' lang='lat' dir='ltr'>spondendum</span> <span class='ocrx_word' id='word_1_384' title='bbox 585 2542 590 2565; x_wconf 89' lang='lat'><strong>:</strong></span> <span class='ocrx_word' id='word_1_385' title='bbox 619 2528 722 2577; x_wconf 89' lang='lat' dir='ltr'>quid</span> <span class='ocrx_word' id='word_1_386' title='bbox 739 2528 855 2566; x_wconf 89' lang='lat' dir='ltr'>aliud</span> <span class='ocrx_word' id='word_1_387' title='bbox 876 2529 1143 2579; x_wconf 53' lang='lat' dir='ltr'>respondeas</span> <span class='ocrx_word' id='word_1_388' title='bbox 1162 2530 1323 2579; x_wconf 87' lang='lat' dir='ltr'>optime</span> <span class='ocrx_word' id='word_1_389' title='bbox 1338 2530 1558 2575; x_wconf 87' lang='lat' dir='ltr'>Damiane,</span> <span class='ocrx_word' id='word_1_390' title='bbox 1583 2543 1711 2579; x_wconf 92' lang='lat' dir='ltr'>quam</span> <span class='ocrx_word' id='word_1_391' title='bbox 1734 2530 1839 2567; x_wconf 90' lang='lat' dir='ltr'>illud</span> 
     </span>
     <span class='ocr_line' id='line_1_50' title="bbox 271 2581 1841 2634; baseline 0.002 -16"><span class='ocrx_word' id='word_1_392' title='bbox 271 2594 293 2618; x_wconf 96' lang='lat' dir='ltr'>e</span> <span class='ocrx_word' id='word_1_393' title='bbox 312 2581 489 2619; x_wconf 88' lang='lat' dir='ltr'>Psalmis</span> <span class='ocrx_word' id='word_1_394' title='bbox 508 2596 514 2619; x_wconf 90' lang='lat'>:</span> <span class='ocrx_word' id='word_1_395' title='bbox 543 2583 702 2620; x_wconf 85' lang='lat' dir='ltr'>Dentes</span> <span class='ocrx_word' id='word_1_396' title='bbox 718 2596 863 2620; x_wconf 88' lang='lat' dir='ltr'>eorum</span> <span class='ocrx_word' id='word_1_397' title='bbox 882 2597 1001 2621; x_wconf 88' lang='lat' dir='ltr'>arma</span> <span class='ocrx_word' id='word_1_398' title='bbox 1019 2589 1059 2621; x_wconf 91' lang='lat' dir='ltr'>et</span> <span class='ocrx_word' id='word_1_399' title='bbox 1078 2585 1272 2634; x_wconf 75' lang='lat' dir='ltr'>sagittae,</span> <span class='ocrx_word' id='word_1_400' title='bbox 1292 2589 1333 2621; x_wconf 88' lang='lat' dir='ltr'>et</span> <span class='ocrx_word' id='word_1_401' title='bbox 1352 2584 1495 2632; x_wconf 82' lang='lat' dir='ltr'>lingua</span> <span class='ocrx_word' id='word_1_402' title='bbox 1514 2597 1659 2621; x_wconf 90' lang='lat' dir='ltr'>eorum</span> <span class='ocrx_word' id='word_1_403' title='bbox 1676 2584 1841 2633; x_wconf 91' lang='lat' dir='ltr'>gladius</span> 
     </span>
     <span class='ocr_line' id='line_1_51' title="bbox 271 2636 1840 2688; baseline 0.003 -16"><span class='ocrx_word' id='word_1_404' title='bbox 271 2640 453 2673; x_wconf 76' lang='lat' dir='ltr'>acutus?</span> <span class='ocrx_word' id='word_1_405' title='bbox 513 2636 767 2687; x_wconf 86' lang='lat' dir='ltr'>Quanquam</span> <span class='ocrx_word' id='word_1_406' title='bbox 791 2639 895 2675; x_wconf 86' lang='lat' dir='ltr'>satis</span> <span class='ocrx_word' id='word_1_407' title='bbox 917 2640 1002 2676; x_wconf 89' lang='lat' dir='ltr'>scio</span> <span class='ocrx_word' id='word_1_408' title='bbox 1023 2639 1103 2676; x_wconf 87' lang='lat' dir='ltr'>tibi</span> <span class='ocrx_word' id='word_1_409' title='bbox 1124 2652 1395 2688; x_wconf 90' lang='lat' dir='ltr'>nequaquam</span> <span class='ocrx_word' id='word_1_410' title='bbox 1418 2638 1533 2676; x_wconf 88' lang='lat' dir='ltr'>istud</span> <span class='ocrx_word' id='word_1_411' title='bbox 1559 2652 1583 2676; x_wconf 89' lang='lat' dir='ltr'>a</span> <span class='ocrx_word' id='word_1_412' title='bbox 1606 2639 1696 2676; x_wconf 73' lang='lat' dir='ltr'>viro</span> <span class='ocrx_word' id='word_1_413' title='bbox 1721 2640 1840 2688; x_wconf 91' lang='lat' dir='ltr'>graui</span> 
     </span>
    </p>
   </div>
   <div class='ocr_carea' id='block_1_9' title="bbox 365 2715 512 2718">
    <p class='ocr_par' dir='ltr' id='par_1_11' title="bbox 365 2715 512 2718">
     <span class='ocr_line' id='line_1_52' title="bbox 365 2715 512 2718; baseline 0 0"><span class='ocrx_word' id='word_1_414' title='bbox 365 2715 512 2718; x_wconf 95' lang='lat' dir='ltr'> </span> 
     </span>
    </p>
   </div>
   <div class='ocr_carea' id='block_1_10' title="bbox 318 2746 1338 2788">
    <p class='ocr_par' dir='ltr' id='par_1_12' title="bbox 318 2746 1338 2788">
     <span class='ocr_line' id='line_1_53' title="bbox 318 2746 1338 2788; baseline 0.002 -12"><span class='ocrx_word' id='word_1_415' title='bbox 318 2755 346 2776; x_wconf 88' lang='lat'>1.</span> <span class='ocrx_word' id='word_1_416' title='bbox 373 2746 548 2785; x_wconf 82' lang='lat' dir='ltr'>famulus]</span> <span class='ocrx_word' id='word_1_417' title='bbox 581 2747 756 2784; x_wconf 85' lang='lat' dir='ltr'>Quirinus</span> <span class='ocrx_word' id='word_1_418' title='bbox 790 2748 944 2788; x_wconf 85' lang='lat' dir='ltr'>Hagius,</span> <span class='ocrx_word' id='word_1_419' title='bbox 975 2749 1020 2779; x_wconf 86' lang='lat' dir='ltr'>cf.</span> <span class='ocrx_word' id='word_1_420' title='bbox 1093 2749 1195 2779; x_wconf 82' lang='lat' dir='ltr'>there</span> <span class='ocrx_word' id='word_1_421' title='bbox 1215 2748 1289 2778; x_wconf 91' lang='lat' dir='ltr'>inl.</span> <span class='ocrx_word' id='word_1_422' title='bbox 1313 2758 1338 2778; x_wconf 87' lang='lat'>1.</span> 
     </span>
    </p>
   </div>
   <div class='ocr_carea' id='block_1_11' title="bbox 270 2790 1839 2920">
    <p class='ocr_par' dir='ltr' id='par_1_13' title="bbox 270 2790 1839 2920">
     <span class='ocr_line' id='line_1_54' title="bbox 270 2790 1838 2832; baseline 0.001 -12"><span class='ocrx_word' id='word_1_423' title='bbox 270 2790 340 2830; x_wconf 88' lang='lat' dir='ltr'>Ep.</span> <span class='ocrx_word' id='word_1_424' title='bbox 360 2791 455 2820; x_wconf 78' lang='lat'>2826.</span> <span class='ocrx_word' id='word_1_425' title='bbox 475 2800 504 2820; x_wconf 84' lang='lat'>2.</span> <span class='ocrx_word' id='word_1_426' title='bbox 1136 2802 1186 2831; x_wconf 86' lang='lat'>31.</span> <span class='ocrx_word' id='word_1_427' title='bbox 1213 2792 1510 2829; x_wconf 86' lang='lat' dir='ltr'>monumentum]</span> <span class='ocrx_word' id='word_1_428' title='bbox 1543 2792 1608 2822; x_wconf 86' lang='lat' dir='ltr'>See</span> <span class='ocrx_word' id='word_1_429' title='bbox 1641 2792 1708 2832; x_wconf 90' lang='lat' dir='ltr'>Ep.</span> <span class='ocrx_word' id='word_1_430' title='bbox 1743 2793 1838 2822; x_wconf 75' lang='lat'>2826.</span> 
     </span>
     <span class='ocr_line' id='line_1_55' title="bbox 313 2834 1172 2876; baseline 0.003 -13"><span class='ocrx_word' id='word_1_431' title='bbox 313 2843 345 2870; x_wconf 86' lang='lat'>9.</span> <span class='ocrx_word' id='word_1_432' title='bbox 371 2834 548 2874; x_wconf 80' lang='lat' dir='ltr'>accipiam</span> <span class='ocrx_word' id='word_1_433' title='bbox 569 2859 574 2864; x_wconf 95' lang='lat'>.</span> <span class='ocrx_word' id='word_1_434' title='bbox 596 2859 602 2864; x_wconf 96' lang='lat'>.</span> <span class='ocrx_word' id='word_1_435' title='bbox 624 2859 630 2865; x_wconf 93' lang='lat'>.</span> <span class='ocrx_word' id='word_1_436' title='bbox 649 2836 838 2875; x_wconf 83' lang='lat' dir='ltr'>epistolas]</span> <span class='ocrx_word' id='word_1_437' title='bbox 867 2835 920 2866; x_wconf 79' lang='lat' dir='ltr'>Cf.</span> <span class='ocrx_word' id='word_1_438' title='bbox 951 2836 1021 2876; x_wconf 87' lang='lat' dir='ltr'>Ep.</span> <span class='ocrx_word' id='word_1_439' title='bbox 1091 2839 1172 2873; x_wconf 76' lang='lat'>6911.</span> 
     </span>
     <span class='ocr_line' id='line_1_56' title="bbox 271 2879 1839 2920; baseline 0.001 -13"><span class='ocrx_word' id='word_1_440' title='bbox 271 2879 367 2916; x_wconf 82' lang='lat'>2716.</span> <span class='ocrx_word' id='word_1_441' title='bbox 390 2887 487 2917; x_wconf 81' lang='lat'>14911.</span> <span class='ocrx_word' id='word_1_442' title='bbox 1136 2889 1188 2918; x_wconf 81' lang='lat'>35.</span> <span class='ocrx_word' id='word_1_443' title='bbox 1207 2879 1429 2910; x_wconf 88' lang='lat' dir='ltr'>Graecorum</span> <span class='ocrx_word' id='word_1_444' title='bbox 1438 2879 1690 2920; x_wconf 86' lang='lat' dir='ltr'>prouerbium]</span> <span class='ocrx_word' id='word_1_445' title='bbox 1705 2879 1839 2909; x_wconf 88' lang='lat' dir='ltr'>Zenob.</span> 
     </span>
    </p>
   </div>
   <div class='ocr_carea' id='block_1_12' title="bbox 270 2921 1657 3007">
    <p class='ocr_par' dir='ltr' id='par_1_14' title="bbox 270 2921 1657 3007">
     <span class='ocr_line' id='line_1_57' title="bbox 316 2921 1453 2963; baseline 0.003 -13"><span class='ocrx_word' id='word_1_446' title='bbox 316 2922 368 2951; x_wconf 79' lang='lat'>28.</span> <span class='ocrx_word' id='word_1_447' title='bbox 394 2921 489 2951; x_wconf 89' lang='lat' dir='ltr'>duae</span> <span class='ocrx_word' id='word_1_448' title='bbox 500 2922 692 2961; x_wconf 84' lang='lat' dir='ltr'>epistolae]</span> <span class='ocrx_word' id='word_1_449' title='bbox 709 2922 787 2952; x_wconf 91' lang='lat' dir='ltr'>One</span> <span class='ocrx_word' id='word_1_450' title='bbox 801 2923 830 2953; x_wconf 86' lang='lat' dir='ltr'>is</span> <span class='ocrx_word' id='word_1_451' title='bbox 842 2923 910 2962; x_wconf 83' lang='lat' dir='ltr'>Ep.</span> <span class='ocrx_word' id='word_1_452' title='bbox 927 2924 1021 2957; x_wconf 77' lang='lat'>2826,</span> <span class='ocrx_word' id='word_1_453' title='bbox 1092 2932 1167 2963; x_wconf 80' lang='lat'>315.</span> <span class='ocrx_word' id='word_1_454' title='bbox 1187 2924 1233 2953; x_wconf 86' lang='lat' dir='ltr'>cf.</span> <span class='ocrx_word' id='word_1_455' title='bbox 1252 2923 1358 2962; x_wconf 74' lang='lat' dir='ltr'>Adaq.</span> <span class='ocrx_word' id='word_1_456' title='bbox 1378 2923 1453 2962; x_wconf 82' lang='lat'>238.</span> 
     </span>
     <span class='ocr_line' id='line_1_58' title="bbox 270 2964 1657 3007; baseline 0.001 -12"><span class='ocrx_word' id='word_1_457' title='bbox 270 2964 344 2995; x_wconf 83' lang='lat' dir='ltr'>and</span> <span class='ocrx_word' id='word_1_458' title='bbox 362 2965 425 2995; x_wconf 89' lang='lat' dir='ltr'>the</span> <span class='ocrx_word' id='word_1_459' title='bbox 437 2965 637 3002; x_wconf 86' lang='lat' dir='ltr'>letter(not</span> <span class='ocrx_word' id='word_1_460' title='bbox 651 2968 797 3003; x_wconf 84' lang='lat' dir='ltr'>extant)</span> <span class='ocrx_word' id='word_1_461' title='bbox 810 2967 1022 2998; x_wconf 85' lang='lat' dir='ltr'>mentioned</span> <span class='ocrx_word' id='word_1_462' title='bbox 1135 2977 1187 3007; x_wconf 83' lang='lat'>42.</span> <span class='ocrx_word' id='word_1_463' title='bbox 1214 2967 1382 3007; x_wconf 83' lang='lat' dir='ltr'>Psalmis]</span> <span class='ocrx_word' id='word_1_464' title='bbox 1400 2969 1452 3007; x_wconf 80' lang='lat'>56.</span> <span class='ocrx_word' id='word_1_465' title='bbox 1472 2976 1489 3006; x_wconf 83' lang='lat'><strong>5</strong></span> <span class='ocrx_word' id='word_1_466' title='bbox 1509 2967 1657 3007; x_wconf 76' lang='lat' dir='ltr'>(Vulg.).</span> 
     </span>
    </p>
   </div>
  </div>
 </body>
</html>
