1966 3379
210 111 290 148 414
751 109 1050 148 APPENDIX
1083 110 1240 148 XXIII

376 233 471 274 A5.
537 233 727 273 LETTER
761 245 817 274 OF
850 233 1094 274 BONIFACE
1128 233 1400 274 AMERBACH
1433 245 1491 274 To
1524 245 1618 273 THE

663 293 964 335 UNIVERSITY
998 305 1056 334 OF
1089 293 1322 335 LOUVAIN.

258 378 341 412 MS.
363 378 468 412 Bibl.
489 378 732 423 municipale
750 378 799 412 de
817 378 974 412 Nantes
1492 377 1624 412 Basle.

309 428 513 471 (Photogr.
535 428 574 460 in
596 428 727 468 Baslc,
748 428 1065 471 Erasmuslade).
1388 438 1407 460 2
1429 426 1603 461 October
1625 436 1731 470 1539.

253 505 429 543 [VVritten
459 506 508 545 by
532 516 554 536 a
581 510 777 546 senretary,
803 506 866 536 the
891 506 978 537 date
1003 506 1076 536 and
1101 506 1289 545 signature
1313 505 1535 546 autograph.
1583 505 1691 536 After
1719 504 1783 535 the

209 549 360 580 address
377 549 584 632 {ianerbach
602 550 667 580 has
684 552 853 581 written:
881 552 888 563 ‘
903 550 985 581 Non
1008 554 1097 581 sunt
1119 550 1252 580 missae
1274 550 1408 580 nuncio
1430 559 1535 579 suam
1557 549 1783 580 sententiam

209 598 381 624 mutante
408 618 414 623 .

266 661 519 699 MAGNIFICO
534 660 700 699 Clariss
718 661 1111 711 Eruditissimisque
1126 661 1300 700 Rectori
1315 674 1363 698 ac
1379 661 1569 699 omnium
1585 660 1781 699 ordinum

210 715 443 765 in<cly>tae
482 716 737 754 Academiae
778 717 1008 754 Louaniefi.
1050 717 1345 765 <docto>ribus
1386 715 1781 766 professoribusque

209 771 414 819 <dominis
435 771 562 819 mihi>
584 771 815 821 plurimum
838 771 1159 820 honor<andis>.

265 841 304 880 S.
342 841 387 880 P.
439 842 662 891 Magnifice
697 842 865 880 domine
900 847 1052 888 rector,
1094 842 1315 880 clarissimi
1355 843 1544 880 omnium
1585 841 1782 879 ordinum

171 897 418 942 §doctores
454 897 534 934 viri
569 898 941 947 praestantissimi.
991 896 1148 947 Scripsi
1183 897 1237 935 ad
1273 897 1587 935 dominationes
1617 901 1782 934 vestras

210 952 253 989 in
274 951 410 1002 Aprili
431 953 665 1001 praeterito
690 952 740 990 D.
768 952 994 990 Erasmum
1022 951 1363 990 Roterodamum
1388 955 1652 989 testamento
1679 951 1782 989 mihi

210 1006 381 1044 haeredi
407 1011 657 1056 nuncupato
682 1007 927 1053 iniunxisse,
950 1011 999 1045 vt
1024 1006 1220 1045 Conrado
1245 1006 1445 1044 Goclenio
1474 1011 1634 1044 certam
1657 1019 1780 1056 pecu-

211 1062 304 1099 niae
337 1062 423 1099 vim
456 1074 585 1111 penes
619 1074 716 1099 eum
752 1062 992 1112 depositam
1028 1062 1069 1100 in
1106 1062 1354 1107 Brabantia,
1389 1062 1452 1099 vti
1487 1062 1528 1099 in
1565 1061 1782 1099 mandatis

211 1116 400 1162 haberet,
422 1116 751 1166 dispensandam
773 1116 1067 1166 relinquerem.
1119 1116 1256 1163 Quam
1282 1129 1378 1154 cum
1404 1129 1532 1166 penes
1553 1129 1596 1154 se
1618 1116 1781 1166 deposi-

154 1189 192 1210 10
210 1174 300 1209 tam
333 1175 483 1221 postea
514 1172 599 1208 suis
632 1171 686 1209 ad
719 1184 785 1209 me
817 1171 951 1209 literis
985 1172 1096 1209 idem
1131 1171 1358 1210 Goclenius
1393 1171 1611 1221 conceptis
1643 1171 1783 1208 verbis

210 1227 445 1276 agnouerit,
481 1239 523 1263 se
558 1226 764 1264 mandato
803 1239 932 1276 quam
974 1227 1159 1277 primum
1200 1226 1525 1264 satisfacturum
1564 1226 1782 1275 recipiens,

211 1281 315 1318 nihil
342 1282 482 1318 minus
503 1281 758 1318 dubitabam
780 1294 909 1331 quam
931 1281 1020 1319 fore
1043 1285 1092 1319 vt
1116 1282 1313 1331 protinus
1338 1281 1465 1319 fidem
1487 1293 1608 1318 suam
1631 1280 1781 1318 libera-

212 1339 289 1373 ret.
350 1335 523 1373 Interea
556 1339 702 1373 tamen
742 1335 809 1373 hic
848 1348 1018 1374 rumore
1054 1336 1232 1374 suborto
1267 1336 1318 1374 de
1354 1335 1545 1374 Goclenii
1579 1339 1718 1373 morte
1738 1339 1782 1373 et

211 1391 391 1440 pecunia
418 1390 608 1428 nondum
637 1390 883 1441 dispensata
904 1403 993 1436 vos,
1016 1392 1130 1429 viros
1154 1392 1346 1429 omnium
1372 1391 1678 1440 integerrimOS‚
1705 1403 1783 1440 pro

154 1463 191 1493 15
212 1445 402 1483 haeredis
451 1448 767 1483 sacrosanctam
817 1447 1037 1484 testatoris
1078 1445 1350 1484 voluntatem
1399 1445 1597 1483 habentis
1647 1446 1782 1483 officio

210 1512 357 1550 rogare
388 1501 430 1537 in
461 1501 650 1538 animum
685 1500 953 1546 induxeram,
985 1504 1034 1538 vt
1063 1501 1153 1538 eius
1184 1501 1389 1551 pecuniae
1421 1500 1782 1550 dispensationem

211 1555 400 1604 accipere
431 1567 482 1592 ne
509 1556 804 1604 grauaremini,
833 1555 876 1592 id
904 1556 1019 1605 quod
1045 1568 1121 1593 vos
1145 1556 1318 1593 minime
1343 1555 1658 1593 detrectaturos
1684 1567 1779 1592 con-

211 1609 407 1655 fidebam,
425 1609 540 1659 quod
562 1611 678 1659 pium
700 1610 779 1648 hoc
801 1610 990 1660 legatum
1011 1614 1090 1656 est,
1112 1614 1157 1648 et
1177 1611 1220 1648 in
1240 1623 1434 1648 annuum
1452 1610 1652 1655 reditum,
1671 1609 1782 1647 vnde

212 1663 391 1702 studiosi
412 1664 577 1714 aliquot
598 1665 642 1702 in
663 1665 838 1715 collegio
859 1665 984 1703 isthic
1006 1665 1197 1715 trilingui
1219 1665 1448 1710 alerentur,
1470 1665 1504 1702 si
1525 1665 1576 1702 de
1598 1664 1682 1702 alio
1702 1677 1782 1702 vsu

152 1736 194 1757 20
211 1731 262 1756 ex
294 1718 589 1769 praefinitione
620 1719 670 1757 D.
702 1720 869 1757 Erasmi
894 1733 979 1758 non
1004 1724 1233 1766 constaret,
1261 1719 1458 1758 collocari
1486 1719 1782 1765 desiderarem,

212 1773 279 1811 vel
314 1774 485 1824 proprio
524 1775 680 1812 nuncio
714 1774 765 1812 de
800 1775 1027 1813 voluntate
1061 1778 1205 1812 vestra
1245 1775 1399 1813 certior
1438 1774 1557 1812 reddi
1597 1774 1782 1824 cupiens.

212 1828 368 1866 Verum
404 1841 500 1866 cum
536 1829 754 1879 hucusque
788 1842 874 1867 non
908 1829 1223 1880 responderitis,
1257 1829 1369 1867 hunc
1404 1830 1608 1867 nuncium
1643 1828 1783 1866 isthuc

212 1884 293 1920 iter
322 1884 555 1933 ingressum
587 1888 740 1922 nactus
767 1897 843 1922 vos
870 1897 944 1934 per
973 1884 1189 1922 Christum
1219 1889 1263 1922 et
1293 1897 1412 1922 sacra
1442 1884 1598 1930 studia,
1629 1883 1784 1933 quibus

212 1937 328 1975 haud
350 1937 476 1975 dubie
498 1942 769 1988 prospectum
791 1940 960 1989 cupitiS,
985 1940 1117 1977 etiam
1142 1943 1273 1989 atque
1297 1940 1428 1977 etiam
1454 1939 1658 1984 obtestor,
1680 1938 1782 1988 quid

153 2008 193 2039 25
214 1992 315 2029 mihi
343 2005 368 2030 a
394 1993 514 2030 vobis
541 1993 857 2043 expectandum
885 1995 953 2040 sit,
980 1994 1214 2044 significare
1239 1994 1307 2032 vel
1332 1994 1463 2032 verbo
1488 2006 1564 2044 pro
1588 1993 1781 2031 humani-

213 2051 304 2084 tate
329 2051 472 2084 vestra
499 2060 551 2085 ne
577 2049 825 2098 grauemini.
879 2048 991 2086 Nam
1016 2049 1050 2086 si
1075 2048 1196 2087 vobis
1221 2049 1392 2086 minime
1418 2049 1630 2098 integrum
1659 2048 1782 2085 intel-

213 2101 355 2139 lexero
385 2102 628 2140 huiusmodi
658 2103 913 2141 mandatum
944 2104 1167 2154 suscipere,
1199 2103 1302 2141 mihi
1332 2103 1415 2141 alia
1444 2103 1688 2153 quaerenda
1713 2104 1781 2140 via

213 2156 483 2205 ineundaque
505 2158 614 2195 ratio
636 2158 728 2201 erit,
750 2171 802 2195 ne
824 2159 1005 2208 pecunia
1029 2159 1108 2208 piis
1130 2158 1276 2196 vsibus
1302 2158 1520 2196 destinata
1544 2157 1780 2208 prophane-

214 2214 285 2248 tur
306 2215 383 2248 aut
404 2212 452 2248 iis
478 2212 646 2250 cederet
667 2212 822 2262 quibus
850 2213 1023 2250 minime
1051 2213 1244 2251 debetur.
1295 2212 1418 2251 Certe
1445 2213 1549 2250 nihil
1576 2225 1662 2250 non
1690 2219 1780 2250 ten-

153 2281 195 2311 30
213 2265 315 2302 tabo
346 2278 423 2315 pro
458 2266 581 2311 virili,
619 2270 667 2304 vt
701 2267 877 2305 vltimae
912 2268 1134 2305 testatoris
1170 2268 1387 2306 voluntati
1422 2267 1617 2305 satisfiat.
1669 2267 1782 2304 Bene

214 2319 368 2365 valete,
392 2321 470 2357 viri
492 2321 712 2359 clarissimi
734 2323 1187 2372 praestantissimique.

269 2374 459 2412 Basileae
481 2386 538 2412 VI.
589 2376 698 2413 Non.
722 2375 894 2414 Octobr.
917 2376 1041 2415 Anno
1062 2388 1353 2415 mnxxxvnn.

404 2429 438 2467 V
461 2429 507 2468 V.
534 2430 566 2467 P
588 2430 621 2468 P
642 2431 839 2481 paratiss.
862 2431 1108 2470 Bonifacius
1129 2432 1437 2470 Amerbachius
1459 2431 1540 2470 LL.
1564 2431 1725 2470 doctor.

327 2573 422 2613 Α6.
486 2573 678 2615 LETTER
711 2587 769 2615 OF
801 2588 894 2616 THE
928 2575 1229 2617 UNIVERSITY
1261 2588 1318 2616 OF
1351 2577 1570 2618 LOUVAIN
1603 2588 1661 2616 To

713 2635 957 2677 BONIFACE
991 2637 1275 2677 AMERBACH.

263 2717 382 2750 Basle
400 2717 481 2751 MS.
503 2717 566 2752 G2.
587 2719 641 2752 II.
663 2721 722 2762 67.
744 2729 803 2761 50.
1451 2721 1648 2755 Louvain.

1370 2780 1411 2812 15
1431 2770 1605 2804 October
1627 2780 1732 2813 1539.

269 2842 535 2881 CLARISSIMO
579 2845 951 2896 eruditissimoque
1000 2847 1092 2884 viro
1136 2847 1320 2885 Domino
1369 2847 1589 2885 Bonifacio
1636 2847 1780 2886 Amer-

214 2897 377 2943 bachio,
400 2898 621 2948 vtriusque
647 2900 748 2938 iuris
776 2901 1003 2950 professori
1031 2901 1147 2952 apud
1175 2901 1426 2940 Basilienses
1453 2902 1781 2949 consultissimo,

212 2953 349 2990 amico
369 2956 528 2991 nostro.
