1966 3379
199 348 241 375 oo
261 340 444 385 dubites,
468 353 552 389 quo
575 341 712 377 minus
733 340 834 377 edas
856 339 1093 389 epistolam.

262 395 484 432 haereticis
506 408 572 432 me
594 395 721 432 fuisse
750 395 991 439 molestum,
1017 395 1093 431 hoc
1121 394 1346 431 ambitiose
1376 394 1466 431 feei.

263 127 341 164 260

721 125 979 164 LETTERS
1011 125 1082 163 OF
1113 125 1380 164 ERASMUS

1716 129 1839 176 [1533

262 243 376 268 more
399 232 579 281 primam
602 230 753 268 habuit
784 231 823 267 in
852 235 1017 275 senatu,
1041 243 1167 280 quem
1197 235 1395 268 senatum
1426 233 1490 278 (vt
1519 232 1614 279 scis)
1636 244 1712 269 nos
1742 232 1838 270 Per-

262 286 521 323 leamentum
545 298 758 322 vocamus.

820 286 958 333 Igitur
989 286 1021 321 si
1054 285 1130 322 tibi
1162 286 1222 322 ita
1244 285 1474 330 videbitur,
1498 286 1601 323 nihil
1627 292 1691 324 est
1725 288 1839 336 quod

1155 339 1277 385 Quod
1304 341 1345 376 in
1376 340 1608 390 Epitaphio
1638 342 1840 391 profiteor

1527 395 1637 433 Nam
1667 397 1840 434 omnino

260 451 317 487 sic
347 450 451 487 illud
482 450 699 487 hominum
732 462 863 499 genus
894 450 963 487 odi
992 454 1040 486 vt
1072 449 1166 494 illis,
1192 450 1232 487 ni
1266 450 1526 498 resipiscant,
1556 454 1644 487 tarn
1678 451 1839 488 inuisus

259 518 348 542 esse
372 505 497 542 velim
520 518 648 554 quam
671 505 738 542 cui
766 505 963 549 maximo,
986 505 1142 553 quippe
1172 516 1277 553 quos
1306 504 1440 541 indies
1469 506 1602 554 magis
1630 518 1677 541 ac
1707 507 1840 555 magis

259 561 453 609 experior
474 559 581 597 tales
604 563 652 596 vt
674 559 834 596 mundo
856 559 909 596 ab
933 558 1014 596 illis
1037 559 1311 596 vehementer
1333 563 1536 596 metuam.

1592 559 1657 596 Illi
1681 560 1731 597 de
1754 573 1839 609 quo

198 620 239 657 65
260 615 405 651 scribis
428 615 655 663 (obsequar
678 619 753 651 tuo
781 614 971 661 consilio)
995 613 1098 650 nihil
1129 614 1302 650 omnino
1328 614 1568 658 rescribam,
1593 627 1838 664 quanquam

261 669 428 718 longam
458 669 683 718 epistolam
714 669 873 706 iamdiu
905 672 1097 718 paratam
1130 668 1334 712 habeam3
1370 681 1446 705 nec
1475 669 1528 704 ob
1558 669 1599 705 id
1628 671 1838 715 contineo,

259 724 374 773 quod
397 725 625 773 quicquam
648 724 765 773 pensi
789 724 968 761 habeam
991 723 1093 772 quid
1117 723 1197 767 illc,
1221 727 1297 760 aut
1321 736 1465 760 omnes
1485 724 1574 760 eius
1600 724 1838 774 complices,

260 779 326 816 vel
349 779 538 816 sentiant
556 779 622 816 vel
646 779 835 816 scribant
858 778 909 815 dc
932 790 1009 823 me,
1029 778 1102 815 sed
1124 778 1237 826 quod
1260 778 1391 815 nolim
1414 790 1588 815 onerare
1611 791 1676 816 me
1699 791 1837 816 neces-

258 834 386 871 sitate
419 833 675 871 rescribendi
708 834 908 877 externis,
946 846 1078 881 quum
1115 845 1215 869 cura
1252 833 1445 882 propiore
1482 837 1636 882 tangar
1671 846 1839 883 respon-

199 900 239 930 70

195 2094 238 2121 90

258 888 385 925 dendi
416 888 670 926 domesticis

258 956 435 993 semper.

313 998 347 1035 E
371 1011 465 1035 rure
487 1001 634 1035 nostro
656 996 886 1035 Chelseico.

730 888 807 933 Tu,
838 889 894 925 mi
926 887 1113 932 Erasme,
1146 887 1326 925 feliciter
1356 887 1427 924 diu
1462 887 1568 932 vale,
1602 887 1840 926 felicissime

497 1146 667 1172 TABVLA
690 1145 852 1171 AFFIXA
876 1145 934 1171 AD
957 1144 1251 1171 SEPVLCHRVM
1274 1144 1457 1170 THOMAE
1480 1144 1603 1171 MORI.

314 1206 500 1244 Tnoms
523 1206 666 1243 Morus
684 1206 786 1243 vrbe
805 1205 1075 1250 Londinensi,
1094 1204 1257 1242 familia
1279 1217 1364 1241 non
1386 1204 1540 1242 celebri
1562 1205 1635 1242 sed
1660 1205 1840 1244 honesta

198 1271 237 1301 75
258 1266 398 1305 natus,
422 1262 462 1298 in
486 1261 639 1298 litteris
662 1264 880 1309 vtcunque
903 1264 1111 1305 versatus,
1130 1272 1261 1309 quum
1284 1264 1327 1296 et
1349 1272 1499 1296 causas
1521 1259 1685 1309 aliquot
1707 1273 1840 1298 annos

259 1317 421 1353 iuuenis
443 1317 595 1365 egisset
618 1316 658 1352 in
688 1316 793 1360 foro,
815 1320 859 1352 et
881 1316 922 1352 in
945 1315 1048 1352 vrbe
1070 1327 1145 1352 sua
1168 1327 1244 1364 pro
1266 1313 1460 1363 Shyreuo
1482 1315 1546 1352 ius
1572 1315 1761 1359 dixisset,
1785 1316 1839 1353 ab

258 1372 461 1408 inuictiss.
501 1370 615 1419 Rege
651 1370 836 1407 Henrico
872 1374 1028 1407 octauo
1064 1370 1147 1412 (cui
1178 1369 1250 1406 vni
1282 1369 1449 1418 Regum
1480 1370 1668 1407 omnium
1708 1369 1840 1419 gloria

258 1427 373 1475 prius
401 1425 594 1463 inaudita
623 1425 814 1474 contigit,
846 1429 893 1462 vt
923 1424 1018 1462 fidei
1046 1424 1255 1468 defensor,
1285 1423 1456 1473 qualem
1484 1428 1528 1461 et
1556 1424 1697 1474 gladio
1726 1438 1769 1462 se
1796 1430 1840 1463 et

257 1480 421 1518 calamo
452 1493 548 1518 vere
579 1480 809 1529 praestitit,
839 1480 991 1517 merito
1022 1482 1263 1526 vocaretur)
1293 1478 1481 1516 adscitus
1513 1479 1555 1516 in
1586 1479 1728 1517 aulam
1760 1485 1838 1525 est,

196 1538 238 1567 80
257 1535 533 1584 delectusque
562 1536 603 1572 in
632 1534 867 1579 consilium,
893 1538 936 1572 et
964 1539 1133 1571 creatus
1161 1546 1302 1583 eques
1331 1538 1614 1583 proquaestor
1641 1535 1838 1583 primum,

257 1594 355 1639 post
395 1589 681 1627 Cancellarius
722 1589 1008 1634 Lancastriae,
1048 1588 1223 1626 tandem
1259 1588 1448 1638 Angliae,
1486 1589 1592 1626 miro
1632 1589 1838 1639 Principis

257 1645 402 1682 fauore
424 1645 566 1682 factus
587 1648 665 1682 est.

727 1643 809 1682 Sed
831 1645 1000 1681 interim
1024 1645 1064 1680 in
1087 1643 1258 1694 publico
1288 1644 1403 1693 regni
1431 1648 1583 1680 senatu
1609 1643 1745 1681 lectus
1773 1649 1839 1682 est

258 1704 403 1737 orator
438 1699 607 1750 populi:
647 1703 868 1749 praeterea
900 1699 1066 1748 legatus
1103 1698 1232 1748 Regis
1264 1711 1573 1747 nonnunquam
1606 1698 1701 1744 fuit,
1733 1699 1838 1736 alias

256 1754 380 1792 alibi:
415 1759 632 1804 postremo
654 1767 755 1791 vero
785 1753 1014 1799 Cameraci,
1037 1766 1176 1791 comes
1204 1757 1247 1790 et
1273 1753 1435 1802 collega
1463 1754 1632 1790 iunctus
1658 1754 1837 1804 principi

196 1812 237 1850 85
258 1809 479 1859 legationis
500 1808 740 1847 Cuthberto
769 1809 1006 1853 Tunstallo,
1031 1812 1123 1846 tum
1153 1807 1409 1845 Londinensi
1435 1820 1534 1845 mox
1562 1808 1838 1846 Dunelmensi

258 1865 480 1914 Episcopo,
514 1877 600 1913 quo
634 1865 725 1901 viro
759 1865 831 1900 vix
870 1863 1000 1901 habet
1035 1863 1148 1901 orbis
1189 1862 1314 1900 hodie
1350 1863 1579 1911 quicquam
1616 1863 1836 1909 eruditius,

258 1919 523 1968 prudentius,
546 1918 708 1956 melius.

769 1919 834 1955 Ibi
857 1919 967 1956 inter
989 1930 1177 1956 summos
1199 1917 1311 1955 orbis
1333 1916 1563 1955 Christiani
1584 1918 1837 1955 monarchas

257 1987 401 2011 rursus
416 1973 575 2011 refecta
592 1973 776 2019 foedera,
792 1973 1089 2022 redditamque
1103 1972 1262 2010 mundo
1280 1972 1351 2009 diu
1369 1971 1656 2010 desideratam
1674 1985 1836 2022 pacem,

257 2032 301 2066 et
323 2029 581 2066 laetissimus
603 2028 724 2074 vidit,
746 2033 789 2066 et
812 2028 977 2077 legatus
999 2027 1217 2065 interfuit:

478 2083 613 2128 Quam
643 2084 784 2133 superi
806 2096 952 2132 pacem
975 2082 1144 2120 firment
1164 2082 1389 2131 faxintque
1412 2094 1650 2131 perennem.

314 2138 365 2175 In
380 2138 457 2175 hoc
473 2139 705 2175 officiorum
721 2137 787 2175 vel
802 2137 1011 2175 honorum
1026 2150 1150 2174 cursu
1165 2150 1297 2186 quum
1313 2137 1373 2174 ita
1386 2141 1628 2174 versaretur
1640 2141 1686 2174 vt
1701 2149 1838 2186 neque

300 2240 354 2268 01.
381 2237 574 2268 haereticis
601 2262 607 2267 .
637 2261 642 2267 .
673 2262 679 2267 .
705 2237 918 2275 molestum]
966 2237 1010 2267 In

256 2282 347 2311 view
368 2281 405 2311 of
425 2281 526 2312 what
549 2282 593 2311 he
617 2282 700 2311 here
723 2291 807 2320 says
828 2282 857 2311 it
880 2281 909 2311 is
929 2285 1009 2311 not-

255 2325 337 2356 able
370 2325 455 2356 that
487 2326 523 2355 in
556 2325 688 2355 More's
720 2328 939 2355 monument
970 2329 1010 2355 at

256 2369 407 2400 Chelsea
417 2369 480 2399 the
488 2369 587 2399 word
598 2369 848 2407 haereticisque
858 2369 893 2399 in
903 2369 937 2399 ll.
947 2378 1013 2408 93—

256 2424 275 2453 4
287 2413 375 2443 does
389 2417 454 2443 not
466 2422 617 2453 appear,
628 2413 697 2443 but
708 2413 812 2443 there
827 2413 855 2443 is
865 2423 887 2443 a
897 2412 1011 2443 blank

255 2467 364 2496 space
374 2457 539 2487 between
549 2456 739 2487 homicidis
748 2457 821 2487 and
830 2457 1009 2487 molestus.

256 2500 408 2531 VVeever
433 2501 468 2530 in
494 2501 550 2530 his
575 2501 745 2531 Fanerall
768 2501 1011 2535 Monuments,

257 2547 348 2583 1631,
358 2545 482 2583 giving
493 2544 556 2574 the
568 2544 785 2584 inscription
799 2548 892 2574 ‘now
905 2544 1011 2574 hard-

256 2588 291 2628 ly
305 2593 345 2618 to
363 2589 407 2618 be
424 2588 511 2618 read
524 2588 545 2624 ',
565 2588 729 2618 includes
746 2588 1009 2627 haereticisque.

255 2632 332 2662 The
360 2631 460 2662 word
490 2641 575 2671 may
604 2632 698 2662 have
728 2632 820 2662 been
852 2632 1010 2662 omitted

255 2676 361 2705 when
376 2676 438 2706 the
457 2680 676 2706 monument
690 2686 764 2706 was
779 2676 944 2706 restored
962 2676 1011 2715 by

256 2720 311 2750 Sir
331 2719 431 2750 John
454 2719 648 2749 Lawrence
666 2720 702 2750 in
723 2722 817 2759 1644,
837 2730 877 2749 or
894 2720 930 2749 in
949 2720 1012 2749 the

255 2763 477 2793 restoration
496 2763 533 2793 of
554 2764 647 2802 1833.

299 2815 352 2845 73.
379 2807 536 2844 Tabula]
576 2807 653 2837 The
693 2807 849 2847 epitaph
889 2807 919 2837 is
959 2807 1010 2837 in-

255 2850 397 2881 scribed
431 2851 466 2880 in
502 2850 653 2880 Chelsea
688 2851 825 2881 chureh
862 2860 909 2881 on
948 2851 1012 2881 the

256 2898 475 2924 monument
492 2894 609 2924 which
627 2894 727 2924 More
745 2894 890 2925 erected
908 2894 1012 2925 there

256 2939 312 2968 for
358 2937 503 2967 himself
546 2938 619 2967 and
666 2938 721 2968 his
766 2943 840 2968 two
886 2939 1009 2968 wives

256 2982 433 3012 VVhether
450 2981 494 3011 he
513 2981 658 3012 himself
672 2992 746 3012 was
760 2981 889 3012 buried
908 2982 1011 3012 there

1083 2237 1111 2267 is
1129 2235 1317 2269 doubtful.
1331 2246 1389 2266 see
1402 2236 1585 2276 Bridgett,
1600 2235 1663 2265 Sir
1682 2235 1838 2267 Thomas

1081 2281 1194 2316 Alere,
1238 2290 1273 2320 p.
1315 2281 1391 2319 438,
1433 2280 1478 2309 R.
1523 2279 1579 2309 W.
1623 2279 1837 2315 Chambers,

1083 2324 1239 2355 Thomas
1253 2324 1364 2359 More,
1383 2333 1419 2364 p.
1435 2325 1510 2354 286.
1560 2323 1630 2353 For
1647 2323 1836 2354 Erasmus'

1080 2368 1311 2408 publication
1335 2367 1373 2398 of
1405 2368 1469 2397 the
1494 2367 1649 2407 epitaph
1677 2377 1736 2398 see
1765 2367 1834 2407 Ep.

1080 2413 1272 2450 2865.28n.

1125 2465 1178 2495 75.
1191 2456 1226 2485 in
1235 2455 1383 2493 litteris]
1393 2455 1440 2485 Of
1449 2455 1662 2494 hisliterary
1671 2455 1837 2494 writings

1082 2500 1160 2537 (the
1185 2500 1319 2539 Utopia
1338 2499 1411 2529 and
1434 2499 1498 2530 the
1519 2499 1596 2538 Life
1622 2499 1660 2538 of
1680 2499 1837 2529 Richard

1080 2545 1157 2580 ΙΙΙ)
1176 2543 1275 2574 More
1293 2553 1377 2583 says
1394 2543 1552 2582 nothing
1567 2543 1686 2573 either
1699 2543 1783 2573 here
1795 2553 1836 2573 or

1080 2587 1117 2617 in
1135 2588 1191 2617 his
1209 2587 1387 2627 Epitaph.

1125 2632 1177 2661 80.
1204 2631 1462 2671 proquaestor]
1480 2630 1834 2667 Under-Treasurer‚

1084 2684 1177 2714 1521.

1124 2720 1178 2758 83.
1204 2722 1329 2749 orator
1357 2718 1501 2758 populi]
1524 2717 1686 2758 speaker
1710 2717 1748 2748 of
1771 2718 1836 2748 the

1081 2763 1207 2793 House
1225 2763 1262 2792 of
1279 2762 1486 2798 Commous,
1509 2770 1601 2800 1523.

1125 2808 1178 2846 84.
1205 2806 1403 2843 Cameraei]
1429 2806 1506 2836 The
1532 2815 1641 2845 peace
1665 2805 1703 2835 of
1730 2804 1833 2835 Cam·

1081 2851 1302 2890 bray,1529.

1124 2904 1177 2931 90.
1205 2893 1323 2930 Quam
1359 2892 1498 2933 superi]
1538 2892 1604 2923 We
1639 2892 1734 2923 have
1767 2896 1834 2923 not

1081 2938 1173 2967 been
1198 2937 1280 2967 able
1301 2942 1340 2968 to
1361 2941 1461 2967 trace
1482 2937 1545 2967 the
1565 2936 1648 2971 line,
1667 2936 1740 2966 and
1758 2937 1787 2966 it
1805 2937 1834 2966 is

1081 2981 1241 3022 perhaps
1261 2981 1390 3011 More's
1403 2990 1485 3011 own
1502 2980 1758 3021 composition.
