1966 3379
119 126 240 174 2888]
507 123 666 162 FROM
696 120 927 160 VIGLIUS
958 118 1291 159 ZUICHEMUS
1605 116 1680 154 331

116 231 280 278 misque
315 228 447 265 literis
480 227 522 265 id
558 227 637 264 tibi
672 225 916 276 significaui‚
949 225 1202 272 veniamque
1238 222 1289 259 de
1325 221 1490 259 tardius
1525 221 1684 257 curatis

117 284 250 321 literis
280 283 366 320 tuis
395 286 593 332 precatus
623 294 716 318 sum
746 284 877 329 atque
907 279 1036 316 etiam
1067 290 1180 315 nunc
1208 281 1257 314 vt
1284 276 1495 313 condones
1524 286 1683 324 precor.

118 337 161 376 Si
182 337 366 374 volueris
388 349 458 374 eas
487 336 565 373 tibi
590 336 764 380 remitti,
787 334 853 371 vel
881 334 916 370 si
943 332 1045 382 quid
1069 331 1186 369 aliud
1208 331 1391 368 volueris
1418 329 1598 366 scribere
1619 327 1685 365 vel

118 391 221 429 mihi
248 390 463 436 mandare,
492 391 665 427 mittam
693 393 793 426 ante
818 388 985 425 abitum
1012 398 1154 424 meum
1183 385 1400 435 proprium
1428 383 1483 420 ad
1511 387 1553 420 te
1580 394 1684 419 nun-

118 447 239 483 tium.
1706 449 1746 479 25

173 500 235 537 De
257 499 528 548 dogmatibus
550 499 674 536 huius
696 497 811 534 vrbis
834 496 1044 544 obsequar
1064 499 1141 532 tuo
1167 493 1353 537 consilio,
1379 497 1510 541 atque
1538 504 1613 540 pro
1638 503 1686 528 eo

118 554 198 591 tibi
218 555 377 603 gratias
398 566 488 602 ago.
540 553 630 602 Ego
651 564 752 589 vero
773 552 831 588 sic
853 562 1018 600 semper
1038 562 1137 598 erga
1159 548 1399 597 religionem
1426 547 1486 583 fui
1508 545 1687 582 affectus

119 612 180 650 vt,
203 608 564 657 quemadmodum
592 607 764 644 minime
791 617 924 642 essem
953 603 1286 653 superstitiosus,
1316 603 1377 638 ita
1404 613 1538 649 neque
1567 600 1688 636 nouis

119 662 388 712 opinionibus
417 662 712 711 dogmatisque
737 659 860 697 facile
891 658 1093 696 cederem.
1144 657 1196 694 In
1228 669 1312 705 quo
1338 668 1422 692 non
1451 654 1686 692 authorita-

119 721 207 754 tem
235 720 406 754 tantum
433 721 553 754 tuam
581 720 751 753 secutus
779 726 885 758 sum,
917 712 989 750 sed
1016 724 1181 761 semper
1208 712 1337 748 etiam
1367 710 1617 758 magistrum
1646 712 1689 744 te
1709 720 1750 750 30

120 771 223 809 mihi
244 772 457 821 proposui,
476 775 524 807 vt
546 770 659 819 quod
675 782 700 806 a
717 772 760 806 te
777 767 1041 818 probaretur,
1057 771 1100 804 et
1117 766 1159 803 id
1177 767 1264 815 ipse
1287 764 1488 814 amplecti
1509 774 1688 812 possem,

120 825 320 874 quodque
337 826 591 869 reiiceretur,
610 823 715 861 illud
736 827 779 860 et
800 835 876 872 ego
897 821 1128 858 anathema
1144 832 1232 858 esse
1254 819 1356 856 mihi
1378 817 1688 868 persuaderem.

121 880 316 928 Eumque
338 880 527 916 animum
550 880 610 916 ita
631 877 758 915 semel
781 876 1030 914 confirmaui
1053 878 1102 912 vt
1126 887 1211 912 non
1232 886 1379 911 verear
1399 885 1451 909 ne
1473 873 1566 921 quis
1588 871 1691 915 mihi

119 947 216 971 eum
238 938 452 977 excantet.
503 932 775 971 Consuetudo
802 931 905 968 mihi
931 943 1025 968 cum
1054 929 1336 978 Dogmatistis
1361 927 1492 971 nulla,
1519 939 1570 963 ne
1594 938 1690 962 cum

121 988 194 1025 illo
229 988 401 1037 quidem
436 1001 462 1025 a
496 1000 580 1037 quo
613 991 662 1024 vt
696 998 889 1023 cauerem
930 984 1182 1022 nominatim
1219 982 1435 1020 monuisti.
1486 981 1537 1018 Id
1576 979 1692 1029 quod
1712 991 1751 1021 35

121 1042 274 1080 faciam
296 1047 409 1080 certe
431 1042 581 1080 deinde
603 1041 656 1078 ob
679 1040 721 1078 id
741 1041 871 1078 etiam
897 1040 1030 1088 magis
1056 1037 1217 1082 sedulo,
1240 1037 1354 1086 quod
1380 1040 1423 1073 te
1448 1048 1546 1084 erga
1572 1034 1691 1071 illum

120 1109 207 1134 non
228 1097 441 1134 immerito
462 1097 519 1134 sic
539 1097 778 1133 animatum
799 1094 980 1131 videam.
1030 1092 1338 1130 Amerbachius
1359 1090 1629 1128 doctissimus
1650 1092 1693 1125 et

122 1151 447 1189 candidissimus
473 1152 551 1196 vir,
579 1155 623 1188 et
653 1150 755 1187 mihi
786 1149 938 1186 studiis
967 1147 1201 1196 eademque
1231 1145 1489 1195 professione
1521 1144 1691 1181 coniun-

122 1209 229 1251 ctus,
251 1218 337 1243 non
362 1206 462 1243 sinit
487 1209 535 1242 vt
560 1218 625 1242 me
651 1204 894 1242 solitudinis
920 1204 1081 1240 interea
1105 1201 1292 1239 taedeat.
1344 1200 1400 1237 Et
1421 1199 1536 1237 domi
1559 1198 1694 1235 habeo

123 1250 379 1297 Frobenium
408 1266 455 1297 a'c
484 1258 798 1309 Sigismundum
827 1257 1063 1301 Gelenium‚
1095 1268 1277 1305 quorum
1308 1254 1601 1292 familiaritate
1629 1264 1694 1289 me
1714 1264 1756 1294 40

124 1314 335 1351 oblectem
356 1314 566 1363 siquando
588 1326 738 1351 vacare
760 1326 785 1350 a
807 1312 987 1350 lectione
1009 1311 1140 1348 lubet.
1193 1310 1307 1347 Vale.

179 1368 369 1406 Basileae
392 1382 417 1406 x
440 1367 690 1406 Decembrio
712 1380 824 1405 anno
843 1376 959 1414 1533.

558 1569 688 1607 2889.
751 1565 819 1605 To
852 1564 999 1606 Loms
1033 1575 1090 1604 OF
1123 1563 1267 1604 VERS.

175 1656 384 1701 Epistolae
403 1656 625 1690 Vniuersae
644 1667 682 1701 p.
708 1666 813 1689 1112.
1329 1651 1535 1694 Freiburg.

175 1706 302 1739 Lond.
324 1706 446 1739 xxvii.
467 1708 536 1750 46:
565 1706 647 1739 LB.
672 1708 778 1748 1263.
1236 1712 1275 1734 11
1298 1700 1520 1734 December
1542 1709 1647 1741 1533.

171 1789 273 1826 [This
290 1789 400 1819 letter
415 1789 489 1820 and
507 1781 576 1829 Ep.
595 1789 680 1826 2890
696 1788 817 1819 would
835 1798 933 1818 seem
950 1790 988 1817 to
1006 1787 1100 1817 have
1118 1786 1209 1816 been
1223 1785 1371 1815 written
1390 1783 1495 1813 when
1512 1782 1699 1822 Cognatus

126 1832 213 1873 paid
237 1833 292 1863 his
312 1833 444 1863 second
465 1833 552 1863 visit
572 1837 611 1863 to
630 1833 835 1872 Besancon,
859 1841 917 1861 see
938 1831 1008 1870 Ep.
1027 1831 1109 1869 2381
1133 1829 1268 1860 introd.
1318 1828 1427 1858 Louis
1447 1826 1492 1856 de
1515 1826 1605 1856 Vers
1627 1825 1699 1855 had

125 1876 275 1916 already
287 1876 477 1907 conferred
494 1886 541 1906 on
558 1876 633 1907 him
646 1886 668 1906 a
681 1875 854 1911 benefice,
868 1874 942 1905 and
956 1875 1019 1904 the
1033 1883 1193 1914 purpose
1210 1873 1247 1902 of
1265 1873 1327 1902 the
1342 1876 1489 1911 present
1505 1870 1614 1900 letter
1626 1869 1700 1899 and

126 1920 164 1950 of
181 1920 251 1960 Ep.
270 1921 356 1957 2890
372 1930 489 1950 seems
506 1925 544 1950 to
562 1920 606 1950 be
624 1924 663 1950 to
680 1923 829 1959 suggest
846 1919 930 1949 that
947 1918 1134 1958 Cognatus
1154 1917 1273 1956 might
1294 1916 1385 1947 both
1403 1914 1489 1944 hold
1507 1914 1570 1943 the
1588 1913 1701 1953 living

127 1963 201 1993 and
219 1965 393 1994 continue
411 1968 450 1994 to
468 1964 584 1994 reside
598 1964 687 1993 with
696 1963 874 1993 Erasmus
887 1961 947 1998 (cf.
967 1961 1082 1991 Lond.
1102 1961 1216 1990 xxvii.
1231 1969 1284 1998 53.
1298 1959 1359 1989 LB
1375 1967 1491 1993 1200:
1504 1958 1572 1997 Ep.
1588 1959 1698 1995 3062).

172 2007 282 2037 Louis
299 2007 344 2037 de
362 2007 451 2038 Vers
468 2007 647 2047 belonged
664 2011 703 2038 to
720 2007 783 2037 the
801 2005 928 2045 family
945 2006 982 2035 of
999 2005 1063 2035 the
1081 2004 1474 2041 Vers-en-inontagnc;
1501 2000 1699 2041 Cognatus'

128 2050 370 2091 grandfather
385 2050 543 2081 married
560 2051 672 2081 Marie
689 2050 734 2080 de
753 2050 906 2089 Hugues
922 2050 959 2079 01
977 2049 1040 2079 the
1058 2058 1157 2078 same
1176 2047 1315 2086 family.
1365 2046 1474 2075 Louis
1496 2055 1569 2075 was
1586 2045 1702 2074 abbot

128 2094 166 2125 of
186 2095 250 2125 the
267 2094 466 2125 Cistercian
484 2095 723 2125 monasteries
740 2094 776 2124 of
795 2092 1124 2125 Mont-Ste-Marie‚
1147 2099 1307 2129 1509-53‚
1326 2089 1399 2119 and
1417 2089 1454 2119 of
1473 2089 1524 2118 La
1541 2088 1700 2121 Charite.

132 2147 213 2176 1525
231 2148 272 2169 or
292 2141 374 2175 1526
392 2138 447 2168 till
465 2139 521 2168 his
537 2138 662 2174 death,
681 2147 699 2176 5
717 2138 802 2167 Dec.
825 2146 917 2175 1553.
967 2136 1035 2166 His
1053 2135 1157 2166 tromb
1176 2136 1211 2164 in
1232 2132 1607 2173 Grangos-Ste—Marie
1627 2131 1701 2162 still

128 2182 255 2213 exists.
304 2181 492 2221 Cognatus
508 2181 701 2212 dedicated
719 2186 758 2212 to
776 2181 850 2210 him
870 2181 924 2210 his
943 2178 1095 2217 Οἰκέτης,
1114 2179 1192 2209 siue
1209 2178 1248 2207 de
1266 2178 1376 2217 officio
1387 2176 1611 2216 famulorum
1628 2175 1702 2205 and

129 2225 263 2265 speaks
284 2226 322 2255 of
344 2226 420 2255 him
440 2226 543 2256 there
564 2235 604 2256 as
624 2226 680 2255 his
702 2225 889 2255 Mecoenas
909 2224 1007 2263 (Cog.
1030 2223 1071 2252 E.
1094 2223 1116 2256 1,
1136 2232 1172 2262 p.
1200 2222 1289 2258 218).
1337 2221 1401 2251 See
1423 2221 1464 2250 Ε.
1487 2220 1626 2255 Monot‚
1650 2219 1703 2249 La

130 2268 429 2300 manche-comte*
443 2279 492 2300 au
508 2269 634 2300 milieu
650 2269 699 2300 du
716 2269 791 2299 aevffi
806 2268 920 2304 siecle,
939 2265 1268 2300 Lons-le-Saunier,
1290 2274 1384 2304 1907,
1403 2275 1438 2304 p.
1458 2264 1526 2303 70]

243 2355 442 2382 ERASMVS
463 2355 558 2383 ROT.
582 2355 801 2382 LODOVICO
824 2354 988 2381 MONTIS
1010 2353 1041 2380 S.
1066 2352 1236 2379 MARIAE
1259 2352 1312 2378 ET
1334 2350 1592 2378 CHARITATIS

780 2409 937 2436 ABBATI
959 2408 990 2435 S.
1015 2408 1054 2434 D.

188 2470 474 2508 REVERENDE
514 2470 694 2508 Domine
735 2482 782 2507 ac
818 2473 940 2519 pater
973 2468 1076 2506 1111111
1108 2467 1256 2505 multis
1291 2465 1533 2504 nominibus
1569 2465 1700 2513 suspi-

132 2525 290 2570 ciende,
313 2524 529 2562 Gilbertus
550 2524 766 2574 Cognatus
788 2524 890 2561 mihi
917 2525 1001 2560 iam
1026 2523 1254 2573 plusquam
1281 2521 1508 2558 triennium
1536 2519 1702 2556 fidelem

131 2583 175 2617 et
210 2579 481 2617 commodum
517 2580 733 2629 praestitit
764 2578 1000 2618 famulum:
1033 2590 1157 2626 quem
1193 2589 1270 2625 ego
1306 2580 1449 2612 tamen
1483 2574 1535 2611 ob
1567 2585 1703 2610 mores

133 2634 326 2671 liberales
356 2647 441 2671 non
468 2637 557 2671 tam
589 2646 665 2683 pro
694 2633 857 2671 famulo
888 2633 1016 2670 habui
1047 2644 1176 2681 quam
1208 2643 1284 2680 pro
1315 2630 1558 2667 conuictorc
1588 2632 1631 2664 ct
1662 2628 1703 2663 in

133 2689 373 2726 studiorum
396 2688 612 2725 laboribus
633 2689 758 2725 socio.
811 2687 992 2725 Proinde
1014 2690 1057 2724 et
1079 2691 1179 2723 tuae
1198 2685 1248 2722 R.
1265 2683 1537 2733 amplitudini
1560 2687 1700 2727 gratu-
1724 2702 1741 2731 5

135 2742 198 2780 lor
219 2743 349 2780 talem
371 2746 613 2792 cognatum,
636 2747 679 2781 et
701 2742 761 2779 illi
782 2741 920 2779 multo
941 2741 1074 2790 magis
1096 2744 1186 2777 tam
1209 2740 1391 2776 amicum
1415 2743 1454 2774 ct
1474 2737 1702 2785 benignum

179 2832 276 2862 2888.
302 2840 399 2861 21—2.
427 2831 461 2860 id
483 2855 488 2860 .
511 2855 516 2860 .
539 2855 544 2859 .
565 2830 680 2861 literis
696 2841 738 2868 y:
765 2840 832 2861 om.
851 2841 877 2859 ε.
985 2838 1036 2858 21.
1066 2838 1161 2858 nunc
1180 2837 1250 2858 om.
1270 2839 1302 2864 γ.
1407 2835 1456 2865 24.
1484 2825 1571 2854 mihi
1590 2834 1656 2854 om.
1676 2836 1701 2853 ε.

135 2884 187 2912 ²9-
214 2887 249 2905 e:
277 2874 461 2905 crederem
478 2887 510 2912 γ.
634 2883 685 2913 30.
712 2874 824 2904 ctiam
842 2882 986 2913 sempor
1004 2885 1028 2902 ε.
1168 2881 1218 2910 31.
1240 2871 1275 2900 id
1293 2874 1326 2900 et
1348 2882 1372 2899 ε.

670 2956 766 2986 2888,
792 2964 843 2995 35.
870 2955 946 2993 1110]
963 2955 1166 2994 Grynaeus.
