1966 3379
503 112 619 150 THE
653 111 951 149 DONATION
983 110 1054 148 TO
1085 109 1405 148 GOCLENIUS
1655 111 1733 148 413

223 217 477 255 MAGNIFICO
491 216 658 254 Clariss.
676 216 1069 264 Eruditissimisque
1086 215 1257 252 Rectori
1271 227 1318 251 ac
1334 215 1522 251 omnium
1538 214 1734 252 ordinum

167 272 353 321 inclytae
376 271 629 309 Academiae
652 271 880 308 Louanien.
905 270 1150 307 doctoribus
1177 268 1580 318 professoribusque,
1604 269 1734 306 domi-

168 328 232 364 nis
254 326 357 364 mihi
378 326 608 376 plurimum
630 324 899 362 honorandis.

222 396 261 434 S.
299 397 343 434 P.
404 396 625 446 Magnifice
660 396 829 433 domine
864 399 1015 438 rector,
1051 394 1271 431 clarissimi
1310 394 1499 431 omnium
1540 394 1736 431 ordinum

168 452 374 495 doctores,
416 452 494 488 viri
534 451 901 500 praestantissimi.
961 449 1164 486 Erasmus
1201 448 1529 491 Roterodamus,
1566 449 1775 493 vnicum5

168 507 331 556 patriae
366 510 537 543 nostrae
572 510 616 542 et
655 506 842 542 omnium
884 504 1105 541 literarum
1145 503 1272 540 decus
1311 502 1465 539 abhinc
1506 504 1736 540 triennium

169 561 297 611 paulo
332 564 431 597 ante
466 573 595 609 quam
636 559 690 596 ad
730 571 903 608 superos
938 559 1175 607 emigraret,
1212 557 1425 607 pontificis
1466 557 1650 594 Romani
1690 570 1737 594 ac

168 615 357 653 Caesaris
388 615 569 664 Augusti
599 613 906 663 diplomatibus
939 614 1175 650 instructus
1212 616 1520 649 testamentum
1550 611 1662 655 fecit,
1696 613 1737 648 in

169 683 253 719 quo
275 670 385 706 inter
405 673 572 706 caetera
593 669 720 711 cauit,
744 672 793 705 vt
813 681 890 717 ego
911 672 1185 716 nuncupatus
1211 667 1356 704 haeres
1378 667 1599 716 pecuniam
1623 666 1739 715 apud

169 724 411 762 Conradum
434 723 681 761 Goclenium
708 722 946 772 depositam
973 723 1021 766 ei,
1045 726 1094 759 vt
1122 723 1162 758 in
1192 721 1405 759 mandatis
1432 721 1674 770 accepisset,
1698 721 1739 758 in
1762 736 1799 756 10

169 779 404 816 Brabantia
425 777 751 827 dispensandam
774 777 1068 826 relinquerem.

225 833 353 871 Cuius
374 846 474 870 sane
496 832 734 870 voluntatis
756 831 1004 871 Goclenium
1028 831 1176 868 statim
1202 830 1256 868 ab
1282 831 1447 867 Erasmi
1470 834 1606 867 morte
1628 842 1737 867 com-

170 889 326 931 monui,
351 887 454 924 nihil
481 900 614 936 aeque
640 899 888 936 persuasum
919 886 1079 923 habens
1100 890 1230 935 atque
1253 889 1301 922 vt
1324 885 1518 922 vltimam
1549 885 1582 921 is
1609 889 1738 922 testa-

169 943 273 980 toris
294 942 562 979 voluntatem
581 954 709 990 quam
732 942 916 991 primum
939 945 1233 989 exequeretur.
1294 940 1447 977 Verum
1470 952 1564 976 cum
1588 940 1629 976 in
1652 939 1740 976 dies

168 997 234 1034 hic
275 997 558 1034 increbrescat
596 995 845 1034 Goclenium
886 996 1000 1033 haud
1041 996 1101 1032 ita
1140 995 1301 1032 dudum
1345 1008 1387 1032 re
1427 994 1586 1031 infecta
1626 994 1739 1031 vitae
1762 1008 1799 1037 15

169 1056 408 1089 extremum
431 1052 627 1101 spiritum
649 1051 843 1095 edidisse,
863 1063 910 1087 ac
932 1050 1151 1099 depositae
1173 1050 1375 1099 pecuniae
1398 1049 1544 1086 fiscum
1568 1048 1740 1085 insidias

170 1106 354 1151 tendere,
378 1110 427 1143 vt
455 1110 636 1143 mortem
665 1106 744 1142 viri
772 1105 1022 1142 eruditionis
1047 1105 1215 1142 nomine
1244 1105 1417 1153 insignis
1446 1104 1505 1140 ita
1534 1103 1741 1140 mandato

171 1161 360 1198 nondum
383 1161 487 1198 satis
508 1160 670 1198 factum
693 1173 781 1197 esse
803 1173 887 1197 non
910 1172 1081 1209 possum
1105 1172 1188 1197 non
1210 1158 1403 1196 dolenter
1424 1158 1545 1195 ferre.

226 1216 379 1264 Itaque
415 1228 509 1252 cum
547 1215 600 1252 ob
636 1215 879 1252 huiusmodi
913 1215 1235 1252 cunctacionem
1272 1214 1474 1263 pecuniae
1507 1212 1630 1250 isthic
1660 1212 1740 1249 dis-

172 1270 412 1320 pensandae
450 1271 514 1307 ius
559 1271 600 1307 in
645 1283 710 1307 me
754 1269 1006 1307 deuolutum
1046 1269 1228 1313 credam,
1270 1281 1358 1311 VOS,
1400 1269 1512 1305 viros
1551 1268 1741 1305 omnium
1761 1279 1802 1301 20

171 1325 476 1374 integerrimos,
496 1325 591 1362 huic
614 1325 778 1362 muneri
799 1324 1023 1374 praeficere
1041 1325 1177 1373 cupio,
1196 1328 1329 1372 vtque
1352 1323 1596 1373 praedictae
1618 1335 1740 1371 pecu-

171 1380 264 1417 niae
281 1380 640 1429 dispensationem
664 1380 704 1416 in
728 1392 803 1416 vos
820 1380 1002 1428 recipere
1025 1391 1074 1416 ne
1096 1379 1344 1428 grauemini,
1363 1390 1438 1415 vos
1458 1378 1588 1414 etiam
1611 1381 1741 1426 atque

170 1435 300 1472 etiam
330 1447 442 1483 rogo,
469 1434 510 1471 id
539 1434 652 1483 quod
680 1435 894 1483 paratiore
922 1433 1149 1471 voluntate
1178 1445 1253 1469 vos
1281 1433 1472 1470 facturos
1499 1431 1677 1475 confido,
1700 1432 1742 1468 in

172 1489 318 1539 primis
346 1489 459 1538 quod
488 1489 654 1538 publice
683 1490 898 1534 interesse,
927 1492 975 1525 vt
1004 1488 1180 1526 vltimae
1209 1491 1465 1524 testatorum
1495 1486 1743 1524 voluntates

171 1545 335 1581 exitum
356 1557 478 1581 suum
502 1543 702 1587 habeant,
720 1556 805 1581 non
828 1544 1043 1592 ignoratis,
1062 1543 1158 1580 dein
1180 1542 1295 1591 quod
1316 1543 1431 1591 pium
1456 1541 1532 1579 hoc
1554 1541 1742 1591 legatum
1763 1552 1803 1582 25

171 1603 237 1636 est
272 1603 315 1636 et
345 1598 399 1635 ab
430 1611 479 1636 eo
510 1598 704 1636 relictum
736 1599 807 1647 qui
838 1598 889 1635 de
920 1598 1054 1643 vobis,
1086 1602 1218 1646 atque
1247 1597 1355 1634 adeo
1386 1597 1437 1634 de
1468 1597 1668 1633 vniuersa
1700 1608 1743 1633 re

172 1653 372 1698 literaria,
402 1665 532 1702 quam
562 1654 722 1702 optime
751 1654 927 1690 meritus
957 1657 1034 1698 est,
1066 1657 1282 1702 postremo
1310 1651 1424 1700 quod
1455 1651 1742 1688 emolumento

171 1708 415 1745 academiae
443 1712 610 1745 vestrae
639 1708 771 1745 cedet.
831 1707 919 1745 Nec
944 1708 1055 1745 enim
1081 1706 1198 1744 aliud
1226 1720 1305 1756 ago
1333 1719 1462 1756 quam
1491 1710 1539 1743 vt
1567 1706 1745 1755 pecunia

172 1762 367 1812 deposita
388 1763 429 1799 in
453 1775 552 1800 Vsus
573 1762 772 1800 Goclenio
797 1763 1081 1812 praescriptos
1102 1765 1298 1799 vertatur
1319 1765 1407 1805 aut,
1430 1761 1463 1798 si
1485 1760 1589 1797 nihil
1611 1760 1742 1797 nomi-

172 1818 308 1854 natim
337 1822 512 1855 cautum
540 1817 655 1867 apud
683 1829 759 1855 vos
788 1821 921 1862 extet,
953 1822 1001 1854 vt
1032 1820 1175 1854 vestra
1205 1816 1477 1866 prouidentia
1507 1816 1549 1852 in
1579 1827 1744 1852 annuos
1764 1825 1805 1856 30

172 1871 335 1910 reditus
369 1871 612 1917 collocetur,
648 1872 761 1909 vnde
794 1872 961 1921 aliquot
995 1871 1174 1909 studiosi
1210 1883 1416 1920 pauperes
1451 1871 1492 1907 in
1527 1869 1745 1908 academia

173 1931 315 1964 vestra
337 1927 507 1964 educari
531 1940 578 1964 ac
600 1927 813 1964 subleuari
834 1927 1011 1977 possint.

228 1981 350 2027 Quod
375 1982 408 2018 si
434 1982 511 2019 hoc
538 1983 723 2019 muneris
749 1995 824 2019 vos
849 1994 933 2019 non
959 1981 1197 2018 detrectare
1223 1993 1403 2023 sensero,
1427 1979 1688 2023 testamenti,
1712 1979 1744 2015 si

173 2049 280 2085 opus
315 2037 381 2079 sit,
414 2037 515 2074 item
552 2036 836 2086 diplomatum
873 2036 1085 2086 pontificis
1116 2035 1301 2073 Romani
1331 2048 1379 2072 ac
1410 2034 1600 2072 Caesaris
1630 2038 1673 2071 et
1704 2034 1745 2070 in

174 2104 340 2128 summa
357 2092 560 2136 omnium,
578 2104 687 2141 quae
703 2091 757 2129 ad
775 2091 1063 2141 infringendas
1079 2090 1443 2138 eliminandasque
1465 2089 1552 2126 fisci
1574 2088 1746 2126 insidias
1765 2097 1805 2128 35

175 2147 384 2195 pertinere
412 2147 680 2196 putaueritis,
702 2146 899 2196 exempla
926 2146 1014 2183 siue
1042 2145 1299 2183 documenta
1326 2144 1407 2182 fide
1433 2144 1560 2193 digna
1588 2143 1641 2180 ad
1671 2155 1746 2180 vos

174 2202 467 2238 transmittere
489 2214 583 2238 sum
605 2206 792 2251 paratus.

231 2255 347 2293 Haec
383 2256 522 2293 scribo
561 2257 759 2305 angustia
800 2256 1004 2305 temporis
1044 2255 1254 2299 exclusus⁷
1291 2267 1386 2291 cum
1427 2254 1537 2291 forte
1574 2253 1746 2290 fortuna

175 2310 332 2347 clariss.
358 2310 406 2347 l).
432 2310 625 2355 Ioannes,
650 2311 714 2347 vir
735 2311 884 2348 harum
915 2311 1027 2348 lator
1047 2323 1099 2347 ex
1132 2309 1259 2347 Italia
1281 2309 1445 2346 rediens
1468 2309 1556 2345 heri
1578 2321 1643 2345 me
1667 2307 1745 2344 sub

177 2377 396 2414 vesperam
420 2365 661 2408 salutasset,
689 2365 812 2402 hodie
838 2378 1004 2402 summo
1036 2377 1159 2402 mane
1191 2365 1329 2401 isthuc
1362 2365 1441 2400 iter
1472 2364 1743 2411 ingressurus.
1765 2372 1807 2402 40

177 2419 260 2457 Vos
291 2420 430 2466 igitur,
463 2432 547 2468 qua
577 2420 679 2457 estis
710 2420 992 2464 humanitate,
1025 2419 1131 2456 hanc
1161 2432 1298 2456 meam
1325 2417 1745 2467 extemporalitatem

179 2474 276 2511 boni
304 2474 524 2517 consulite,
547 2479 590 2511 et
618 2475 719 2523 quid
749 2475 837 2524 spei
869 2475 920 2512 de
948 2474 1069 2511 vobis
1096 2474 1196 2511 mihi
1229 2473 1550 2522 concipiendum
1584 2472 1650 2512 sit,
1679 2470 1743 2507 vel

180 2529 350 2578 proprio
371 2529 526 2566 nuncio
548 2529 793 2577 significate.

233 2583 345 2620 Bene
379 2583 530 2627 valete,
561 2585 638 2620 viri
669 2584 900 2629 clarissimi,
928 2583 1130 2633 postridie
1164 2583 1350 2621 Paschae
1382 2582 1504 2619 Anno
1536 2591 1745 2618 MDxxxix

180 2638 367 2675 Basileae
389 2651 679 2688 praepropere.
1767 2644 1806 2674 45

643 2693 727 2730 VV.
752 2706 819 2743 pp.
846 2694 1038 2743 paratiss
1064 2693 1137 2730 Bo.
1161 2691 1399 2730 Ainerbach
1424 2691 1502 2727 LL.
1528 2690 1689 2727 doctor.

485 2790 537 2820 30.
564 2781 607 2811 D.
628 2781 785 2812 Ioannes
802 2781 883 2811 add.
903 2781 962 2812 scd
977 2786 1099 2822 postest
1117 2791 1204 2811 cras.
1226 2781 1254 2812 A
1264 2780 1430 2811 merbach.
