<?xml version="1.0" encoding="UTF-8"?>
<!DOCTYPE html PUBLIC "-//W3C//DTD XHTML 1.0 Transitional//EN"
    "http://www.w3.org/TR/xhtml1/DTD/xhtml1-transitional.dtd">
<html xmlns="http://www.w3.org/1999/xhtml" xml:lang="en" lang="en">
 <head>
  <title>
</title>
<meta http-equiv="Content-Type" content="text/html;charset=utf-8" />
  <meta name='ocr-system' content='tesseract 3.04.00' />
  <meta name='ocr-capabilities' content='ocr_page ocr_carea ocr_par ocr_line ocrx_word'/>
</head>
<body>
  <div class='ocr_page' id='page_1' title='image "./opusepistolarum10eras_0076.png"; bbox 0 0 1966 3379; ppageno 0'>
   <div class='ocr_carea' id='block_1_1' title="bbox 247 142 1826 191">
    <p class='ocr_par' dir='ltr' id='par_1_1' title="bbox 247 142 1826 191">
     <span class='ocr_line' id='line_1_1' title="bbox 247 142 1826 191; baseline 0 -11"><span class='ocrx_word' id='word_1_1' title='bbox 247 145 300 180; x_wconf 78' lang='lat'>44</span> <span class='ocrx_word' id='word_1_2' title='bbox 682 142 939 181; x_wconf 74' lang='lat' dir='ltr'>LETTERS</span> <span class='ocrx_word' id='word_1_3' title='bbox 971 142 1041 180; x_wconf 82' lang='lat' dir='ltr'>OF</span> <span class='ocrx_word' id='word_1_4' title='bbox 1072 142 1339 181; x_wconf 78' lang='lat' dir='ltr'>ERASMUS</span> <span class='ocrx_word' id='word_1_5' title='bbox 1705 144 1826 191; x_wconf 82' lang='lat'>[1532</span> 
     </span>
    </p>
   </div>
   <div class='ocr_carea' id='block_1_2' title="bbox 189 248 1828 614">
    <p class='ocr_par' dir='ltr' id='par_1_2' title="bbox 189 248 1828 614">
     <span class='ocr_line' id='line_1_2' title="bbox 248 248 1827 297; baseline -0.001 -11"><span class='ocrx_word' id='word_1_6' title='bbox 248 248 431 286; x_wconf 89' lang='lat' dir='ltr'>carbone</span> <span class='ocrx_word' id='word_1_7' title='bbox 466 249 620 285; x_wconf 86' lang='lat' dir='ltr'>notari.</span> <span class='ocrx_word' id='word_1_8' title='bbox 680 248 820 297; x_wconf 85' lang='lat' dir='ltr'>Atque</span> <span class='ocrx_word' id='word_1_9' title='bbox 855 249 913 284; x_wconf 87' lang='lat' dir='ltr'>ita</span> <span class='ocrx_word' id='word_1_10' title='bbox 956 248 1003 285; x_wconf 20' lang='lat' dir='ltr'>fit*</span> <span class='ocrx_word' id='word_1_11' title='bbox 1037 251 1096 289; x_wconf 80' lang='lat' dir='ltr'>vt,</span> <span class='ocrx_word' id='word_1_12' title='bbox 1134 260 1479 296; x_wconf 82' lang='lat' dir='ltr'>quoquouersum</span> <span class='ocrx_word' id='word_1_13' title='bbox 1514 260 1578 285; x_wconf 88' lang='lat' dir='ltr'>me</span> <span class='ocrx_word' id='word_1_14' title='bbox 1616 251 1750 292; x_wconf 89' lang='lat' dir='ltr'>verto,</span> <span class='ocrx_word' id='word_1_15' title='bbox 1785 248 1827 284; x_wconf 94' lang='lat' dir='ltr'>in</span> 
     </span>
     <span class='ocr_line' id='line_1_3' title="bbox 247 302 1826 351; baseline -0.001 -11"><span class='ocrx_word' id='word_1_16' title='bbox 247 304 393 340; x_wconf 91' lang='lat' dir='ltr'>eodem</span> <span class='ocrx_word' id='word_1_17' title='bbox 429 303 522 339; x_wconf 87' lang='lat' dir='ltr'>luto</span> <span class='ocrx_word' id='word_1_18' title='bbox 559 302 777 339; x_wconf 75' lang='lat' dir='ltr'>haesitem.</span> <span class='ocrx_word' id='word_1_19' title='bbox 837 303 1091 351; x_wconf 78' lang='lat' dir='ltr'>Quanquam</span> <span class='ocrx_word' id='word_1_20' title='bbox 1127 302 1240 351; x_wconf 77' lang='lat' dir='ltr'>quod</span> <span class='ocrx_word' id='word_1_21' title='bbox 1278 302 1330 338; x_wconf 83' lang='lat' dir='ltr'>ad</span> <span class='ocrx_word' id='word_1_22' title='bbox 1369 306 1411 338; x_wconf 91' lang='lat' dir='ltr'>te</span> <span class='ocrx_word' id='word_1_23' title='bbox 1447 302 1617 350; x_wconf 88' lang='lat' dir='ltr'>quidem</span> <span class='ocrx_word' id='word_1_24' title='bbox 1654 303 1826 347; x_wconf 79' lang='lat' dir='ltr'>attinet,</span> 
     </span>
     <span class='ocr_line' id='line_1_4' title="bbox 250 356 1826 406; baseline -0.001 -12"><span class='ocrx_word' id='word_1_25' title='bbox 250 358 422 395; x_wconf 80' lang='lat' dir='ltr'>meliora</span> <span class='ocrx_word' id='word_1_26' title='bbox 446 357 545 394; x_wconf 88' lang='lat' dir='ltr'>mihi</span> <span class='ocrx_word' id='word_1_27' title='bbox 576 357 799 406; x_wconf 61' lang='lat' dir='ltr'>polliceor„·</span> <span class='ocrx_word' id='word_1_28' title='bbox 834 362 873 394; x_wconf 89' lang='lat' dir='ltr'>et</span> <span class='ocrx_word' id='word_1_29' title='bbox 905 356 1018 405; x_wconf 72' lang='lat' dir='ltr'>quod</span> <span class='ocrx_word' id='word_1_30' title='bbox 1049 357 1266 406; x_wconf 77' lang='lat' dir='ltr'>praefatus</span> <span class='ocrx_word' id='word_1_31' title='bbox 1296 358 1373 393; x_wconf 76' lang='lat' dir='ltr'>sim</span> <span class='ocrx_word' id='word_1_32' title='bbox 1406 356 1617 393; x_wconf 86' lang='lat' dir='ltr'>libertatis</span> <span class='ocrx_word' id='word_1_33' title='bbox 1644 357 1826 397; x_wconf 79' lang='lat' dir='ltr'>veniam,</span> 
     </span>
     <span class='ocr_line' id='line_1_5' title="bbox 246 411 1827 461; baseline -0.001 -12"><span class='ocrx_word' id='word_1_34' title='bbox 246 417 289 449; x_wconf 82' lang='lat' dir='ltr'>et</span> <span class='ocrx_word' id='word_1_35' title='bbox 318 412 431 461; x_wconf 87' lang='lat' dir='ltr'>quod</span> <span class='ocrx_word' id='word_1_36' title='bbox 463 412 501 448; x_wconf 89' lang='lat' dir='ltr'>id</span> <span class='ocrx_word' id='word_1_37' title='bbox 531 412 688 449; x_wconf 78' lang='lat' dir='ltr'>laboris</span> <span class='ocrx_word' id='word_1_38' title='bbox 716 417 758 449; x_wconf 84' lang='lat' dir='ltr'>te</span> <span class='ocrx_word' id='word_1_39' title='bbox 789 412 1049 461; x_wconf 63' lang='lat' dir='ltr'>efflagitante</span> <span class='ocrx_word' id='word_1_40' title='bbox 1080 426 1101 448; x_wconf 83' lang='lat' dir='ltr'>a</span> <span class='ocrx_word' id='word_1_41' title='bbox 1135 412 1257 449; x_wconf 84' lang='lat' dir='ltr'>nobis</span> <span class='ocrx_word' id='word_1_42' title='bbox 1288 411 1545 448; x_wconf 80' lang='lat' dir='ltr'>desudatum</span> <span class='ocrx_word' id='word_1_43' title='bbox 1578 412 1645 448; x_wconf 85' lang='lat' dir='ltr'>sit.</span> <span class='ocrx_word' id='word_1_44' title='bbox 1706 411 1827 457; x_wconf 85' lang='lat' dir='ltr'>Quod</span> 
     </span>
     <span class='ocr_line' id='line_1_6' title="bbox 189 466 1828 516; baseline -0.001 -12"><span class='ocrx_word' id='word_1_45' title='bbox 189 480 227 509; x_wconf 83' lang='lat'>25</span> <span class='ocrx_word' id='word_1_46' title='bbox 248 468 326 504; x_wconf 82' lang='lat' dir='ltr'>nisi</span> <span class='ocrx_word' id='word_1_47' title='bbox 361 472 408 504; x_wconf 93' lang='lat' dir='ltr'>tu</span> <span class='ocrx_word' id='word_1_48' title='bbox 443 467 710 511; x_wconf 64' lang='lat' dir='ltr'>obtrusissos,</span> <span class='ocrx_word' id='word_1_49' title='bbox 743 467 960 504; x_wconf 85' lang='lat' dir='ltr'>decretum</span> <span class='ocrx_word' id='word_1_50' title='bbox 993 471 1085 504; x_wconf 80' lang='lat' dir='ltr'>erat</span> <span class='ocrx_word' id='word_1_51' title='bbox 1118 466 1286 503; x_wconf 82' lang='lat' dir='ltr'>silentio</span> <span class='ocrx_word' id='word_1_52' title='bbox 1318 466 1455 503; x_wconf 86' lang='lat' dir='ltr'>multo</span> <span class='ocrx_word' id='word_1_53' title='bbox 1488 467 1828 516; x_wconf 74' lang='lat' dir='ltr'>pertinacissimo</span> 
     </span>
     <span class='ocr_line' id='line_1_7' title="bbox 250 521 777 570; baseline -0.002 -11"><span class='ocrx_word' id='word_1_54' title='bbox 250 526 375 559; x_wconf 81' lang='lat' dir='ltr'>meae&#39;</span> <span class='ocrx_word' id='word_1_55' title='bbox 389 523 522 570; x_wconf 80' lang='lat' dir='ltr'>quieti</span> <span class='ocrx_word' id='word_1_56' title='bbox 545 521 777 558; x_wconf 84' lang='lat' dir='ltr'>consulere.</span> 
     </span>
     <span class='ocr_line' id='line_1_8' title="bbox 304 576 840 614; baseline -0.002 -1"><span class='ocrx_word' id='word_1_57' title='bbox 304 577 417 613; x_wconf 88' lang='lat' dir='ltr'>Bene</span> <span class='ocrx_word' id='word_1_58' title='bbox 440 576 533 614; x_wconf 80' lang='lat' dir='ltr'>vale</span> <span class='ocrx_word' id='word_1_59' title='bbox 557 578 621 613; x_wconf 77' lang='lat' dir='ltr'>vir</span> <span class='ocrx_word' id='word_1_60' title='bbox 642 578 840 614; x_wconf 80' lang='lat' dir='ltr'>ornatiss.</span> 
     </span>
    </p>
   </div>
   <div class='ocr_carea' id='block_1_3' title="bbox 556 704 1523 759">
    <p class='ocr_par' dir='ltr' id='par_1_3' title="bbox 556 704 1523 759">
     <span class='ocr_line' id='line_1_9' title="bbox 556 704 1523 759; baseline 0 -15"><span class='ocrx_word' id='word_1_61' title='bbox 556 705 824 759; x_wconf 69' lang='lat'>²⁶⁶⁷266820⁶9</span> <span class='ocrx_word' id='word_1_62' title='bbox 888 705 954 744; x_wconf 86' lang='lat' dir='ltr'>To</span> <span class='ocrx_word' id='word_1_63' title='bbox 990 705 1221 744; x_wconf 61' lang='lat' dir='ltr'>Animosa</span> <span class='ocrx_word' id='word_1_64' title='bbox 1256 704 1523 744; x_wconf 76' lang='lat' dir='ltr'>PELARGrs.</span> 
     </span>
    </p>
   </div>
   <div class='ocr_carea' id='block_1_4' title="bbox 300 783 1779 876">
    <p class='ocr_par' dir='ltr' id='par_1_4' title="bbox 300 783 1779 876">
     <span class='ocr_line' id='line_1_10' title="bbox 300 783 1689 828; baseline -0.002 -10"><span class='ocrx_word' id='word_1_65' title='bbox 300 784 501 828; x_wconf 78' lang='lat' dir='ltr'>Pelargus‚</span> <span class='ocrx_word' id='word_1_66' title='bbox 524 784 699 817; x_wconf 75' lang='lat' dir='ltr'>Bellaria</span> <span class='ocrx_word' id='word_1_67' title='bbox 720 784 765 817; x_wconf 80' lang='lat' dir='ltr'>f⁴¹.</span> <span class='ocrx_word' id='word_1_68' title='bbox 789 784 840 817; x_wconf 88' lang='lat' dir='ltr'>H.</span> <span class='ocrx_word' id='word_1_69' title='bbox 1440 783 1689 825; x_wconf 58' lang='lat' dir='ltr'>sFrciburg.)=</span> 
     </span>
     <span class='ocr_line' id='line_1_11' title="bbox 1344 832 1779 876; baseline 0 -11"><span class='ocrx_word' id='word_1_70' title='bbox 1344 838 1397 865; x_wconf 61' lang='lat' dir='ltr'>sc.</span> <span class='ocrx_word' id='word_1_71' title='bbox 1419 832 1518 876; x_wconf 80' lang='lat' dir='ltr'>July</span> <span class='ocrx_word' id='word_1_72' title='bbox 1539 833 1627 865; x_wconf 82' lang='lat' dir='ltr'>init.</span> <span class='ocrx_word' id='word_1_73' title='bbox 1652 838 1779 875; x_wconf 58' lang='lat'>1532.)</span> 
     </span>
    </p>
   </div>
   <div class='ocr_carea' id='block_1_5' title="bbox 704 926 1367 953">
    <p class='ocr_par' dir='ltr' id='par_1_5' title="bbox 704 926 1367 953">
     <span class='ocr_line' id='line_1_12' title="bbox 704 926 1367 953; baseline 0 0"><span class='ocrx_word' id='word_1_74' title='bbox 704 927 904 953; x_wconf 63' lang='lat' dir='ltr'>ERASMVS</span> <span class='ocrx_word' id='word_1_75' title='bbox 927 927 1021 953; x_wconf 81' lang='lat' dir='ltr'><strong>ROT.</strong></span> <span class='ocrx_word' id='word_1_76' title='bbox 1049 927 1087 953; x_wconf 83' lang='lat' dir='ltr'>D.</span> <span class='ocrx_word' id='word_1_77' title='bbox 1112 926 1312 953; x_wconf 71' lang='lat' dir='ltr'>PELARGO</span> <span class='ocrx_word' id='word_1_78' title='bbox 1335 928 1367 953; x_wconf 72' lang='lat' dir='ltr'>S.</span> 
     </span>
    </p>
   </div>
   <div class='ocr_carea' id='block_1_6' title="bbox 248 986 1829 1189">
    <p class='ocr_par' dir='ltr' id='par_1_6' title="bbox 248 986 1829 1147">
     <span class='ocr_line' id='line_1_13' title="bbox 304 986 1828 1036; baseline -0.002 -10"><span class='ocrx_word' id='word_1_79' title='bbox 304 988 499 1026; x_wconf 75' lang='lat' dir='ltr'>CONTVLI</span> <span class='ocrx_word' id='word_1_80' title='bbox 522 988 837 1025; x_wconf 80' lang='lat' dir='ltr'>Annotationes</span> <span class='ocrx_word' id='word_1_81' title='bbox 860 992 968 1024; x_wconf 85' lang='lat' dir='ltr'>tuas.</span> <span class='ocrx_word' id='word_1_82' title='bbox 1032 987 1160 1024; x_wconf 75' lang='lat' dir='ltr'>Mitto</span> <span class='ocrx_word' id='word_1_83' title='bbox 1181 987 1291 1036; x_wconf 73' lang='lat' dir='ltr'>grati</span> <span class='ocrx_word' id='word_1_84' title='bbox 1321 987 1450 1024; x_wconf 88' lang='lat' dir='ltr'>animi</span> <span class='ocrx_word' id='word_1_85' title='bbox 1477 986 1721 1036; x_wconf 79' lang='lat' dir='ltr'>symbolum</span> <span class='ocrx_word' id='word_1_86' title='bbox 1744 987 1828 1024; x_wconf 84' lang='lat' dir='ltr'>exi-</span> 
     </span>
     <span class='ocr_line' id='line_1_14' title="bbox 248 1041 1829 1093; baseline -0.001 -13"><span class='ocrx_word' id='word_1_87' title='bbox 248 1056 392 1093; x_wconf 83' lang='lat' dir='ltr'>guum,</span> <span class='ocrx_word' id='word_1_88' title='bbox 427 1043 540 1092; x_wconf 86' lang='lat' dir='ltr'>quod</span> <span class='ocrx_word' id='word_1_89' title='bbox 574 1044 741 1080; x_wconf 80' lang='lat' dir='ltr'>vtinam</span> <span class='ocrx_word' id='word_1_90' title='bbox 768 1042 846 1079; x_wconf 88' lang='lat' dir='ltr'>tibi</span> <span class='ocrx_word' id='word_1_91' title='bbox 876 1042 1189 1091; x_wconf 73' lang='lat' dir='ltr'>multiplicetur</span> <span class='ocrx_word' id='word_1_92' title='bbox 1215 1042 1256 1078; x_wconf 92' lang='lat' dir='ltr'>in</span> <span class='ocrx_word' id='word_1_93' title='bbox 1277 1041 1424 1079; x_wconf 71' lang='lat' dir='ltr'>‘millcl</span> <span class='ocrx_word' id='word_1_94' title='bbox 1460 1042 1645 1090; x_wconf 82' lang='lat' dir='ltr'>Reliqua</span> <span class='ocrx_word' id='word_1_95' title='bbox 1673 1054 1829 1086; x_wconf 87' lang='lat' dir='ltr'>coram,</span> 
     </span>
     <span class='ocr_line' id='line_1_15' title="bbox 249 1096 1277 1147; baseline -0.002 -12"><span class='ocrx_word' id='word_1_96' title='bbox 249 1111 380 1147; x_wconf 89' lang='lat' dir='ltr'>quum</span> <span class='ocrx_word' id='word_1_97' title='bbox 404 1098 484 1135; x_wconf 88' lang='lat' dir='ltr'>tibi</span> <span class='ocrx_word' id='word_1_98' title='bbox 505 1097 778 1135; x_wconf 85' lang='lat' dir='ltr'>commodum</span> <span class='ocrx_word' id='word_1_99' title='bbox 800 1098 882 1135; x_wconf 88' lang='lat' dir='ltr'>erit</span> <span class='ocrx_word' id='word_1_100' title='bbox 905 1097 1100 1145; x_wconf 80' lang='lat' dir='ltr'>colloqui.</span> <span class='ocrx_word' id='word_1_101' title='bbox 1162 1096 1277 1134; x_wconf 81' lang='lat' dir='ltr'>Vale.</span> 
     </span>
    </p>

    <p class='ocr_par' dir='ltr' id='par_1_7' title="bbox 1164 1152 1773 1189">
     <span class='ocr_line' id='line_1_16' title="bbox 1164 1152 1773 1189; baseline 0.002 -1"><span class='ocrx_word' id='word_1_102' title='bbox 1164 1152 1366 1189; x_wconf 81' lang='lat' dir='ltr'>Erasmus</span> <span class='ocrx_word' id='word_1_103' title='bbox 1390 1152 1490 1189; x_wconf 77' lang='lat' dir='ltr'>Rot.</span> <span class='ocrx_word' id='word_1_104' title='bbox 1515 1164 1609 1189; x_wconf 86' lang='lat' dir='ltr'>mea</span> <span class='ocrx_word' id='word_1_105' title='bbox 1632 1164 1773 1189; x_wconf 77' lang='lat' dir='ltr'>mann.</span> 
     </span>
    </p>
   </div>
   <div class='ocr_carea' id='block_1_7' title="bbox 546 1294 1528 1334">
    <p class='ocr_par' dir='ltr' id='par_1_8' title="bbox 546 1294 1528 1334">
     <span class='ocr_line' id='line_1_17' title="bbox 546 1294 1528 1334; baseline 0.002 -2"><span class='ocrx_word' id='word_1_106' title='bbox 546 1294 752 1333; x_wconf 66' lang='lat'><strong>2⁶⁶82669.</strong></span> <span class='ocrx_word' id='word_1_107' title='bbox 820 1294 957 1334; x_wconf 74' lang='lat' dir='ltr'><strong>FROM</strong></span> <span class='ocrx_word' id='word_1_108' title='bbox 994 1294 1226 1334; x_wconf 76' lang='lat' dir='ltr'>AMBRosE</span> <span class='ocrx_word' id='word_1_109' title='bbox 1260 1294 1528 1334; x_wconf 62' lang='lat' dir='ltr'>PELARGrs.</span> 
     </span>
    </p>
   </div>
   <div class='ocr_carea' id='block_1_8' title="bbox 299 1373 1780 1467">
    <p class='ocr_par' dir='ltr' id='par_1_9' title="bbox 299 1373 1780 1467">
     <span class='ocr_line' id='line_1_18' title="bbox 299 1373 1695 1417; baseline 0.001 -11"><span class='ocrx_word' id='word_1_110' title='bbox 299 1374 501 1417; x_wconf 73' lang='lat' dir='ltr'>pelargus,</span> <span class='ocrx_word' id='word_1_111' title='bbox 523 1373 701 1407; x_wconf 85' lang='lat' dir='ltr'>Bellaria</span> <span class='ocrx_word' id='word_1_112' title='bbox 721 1373 767 1406; x_wconf 44' lang='lat' dir='ltr'>fo·</span> <span class='ocrx_word' id='word_1_113' title='bbox 790 1373 841 1407; x_wconf 88' lang='lat' dir='ltr'>H.</span> <span class='ocrx_word' id='word_1_114' title='bbox 1445 1374 1695 1417; x_wconf 54' lang='lat' dir='ltr'>‹sFreiburgg›</span> 
     </span>
     <span class='ocr_line' id='line_1_19' title="bbox 1368 1423 1780 1467; baseline 0 -11"><span class='ocrx_word' id='word_1_115' title='bbox 1368 1435 1399 1456; x_wconf 88' lang='lat' dir='ltr'>c.</span> <span class='ocrx_word' id='word_1_116' title='bbox 1420 1423 1519 1467; x_wconf 62' lang='lat' dir='ltr'>,July</span> <span class='ocrx_word' id='word_1_117' title='bbox 1541 1423 1628 1456; x_wconf 89' lang='lat' dir='ltr'>init.</span> <span class='ocrx_word' id='word_1_118' title='bbox 1655 1429 1780 1466; x_wconf 43' lang='lat'>1532&gt;</span> 
     </span>
    </p>
   </div>
   <div class='ocr_carea' id='block_1_9' title="bbox 626 1517 1455 1544">
    <p class='ocr_par' dir='ltr' id='par_1_10' title="bbox 626 1517 1455 1544">
     <span class='ocr_line' id='line_1_20' title="bbox 626 1517 1455 1544; baseline 0 -1"><span class='ocrx_word' id='word_1_119' title='bbox 626 1517 729 1544; x_wconf 76' lang='grc' dir='ltr'>ΑΜΒ.</span> <span class='ocrx_word' id='word_1_120' title='bbox 755 1517 980 1543; x_wconf 72' lang='lat' dir='ltr'>PELARGVS</span> <span class='ocrx_word' id='word_1_121' title='bbox 1004 1517 1178 1543; x_wconf 76' lang='lat' dir='ltr'>ERASMO</span> <span class='ocrx_word' id='word_1_122' title='bbox 1201 1517 1296 1544; x_wconf 84' lang='lat' dir='ltr'>ROT.</span> <span class='ocrx_word' id='word_1_123' title='bbox 1321 1518 1400 1543; x_wconf 72' lang='lat' dir='ltr'>SVO</span> <span class='ocrx_word' id='word_1_124' title='bbox 1423 1519 1455 1543; x_wconf 72' lang='lat' dir='ltr'>S.</span> 
     </span>
    </p>
   </div>
   <div class='ocr_carea' id='block_1_10' title="bbox 192 1577 1830 2230">
    <p class='ocr_par' dir='ltr' id='par_1_11' title="bbox 248 1577 1830 1792">
     <span class='ocr_line' id='line_1_21' title="bbox 304 1577 1829 1627; baseline 0.001 -13"><span class='ocrx_word' id='word_1_125' title='bbox 304 1577 371 1614; x_wconf 80' lang='lat' dir='ltr'>DE</span> <span class='ocrx_word' id='word_1_126' title='bbox 413 1577 640 1614; x_wconf 85' lang='lat' dir='ltr'>honorario</span> <span class='ocrx_word' id='word_1_127' title='bbox 681 1590 866 1621; x_wconf 85' lang='lat' dir='ltr'>munere,</span> <span class='ocrx_word' id='word_1_128' title='bbox 909 1590 1044 1626; x_wconf 84' lang='lat' dir='ltr'>neque</span> <span class='ocrx_word' id='word_1_129' title='bbox 1084 1579 1235 1627; x_wconf 78' lang='lat' dir='ltr'>exiguo</span> <span class='ocrx_word' id='word_1_130' title='bbox 1271 1590 1406 1627; x_wconf 86' lang='lat' dir='ltr'>neque</span> <span class='ocrx_word' id='word_1_131' title='bbox 1446 1590 1531 1615; x_wconf 88' lang='lat' dir='ltr'>non</span> <span class='ocrx_word' id='word_1_132' title='bbox 1572 1582 1829 1627; x_wconf 85' lang='lat' dir='ltr'>opportuno,</span> 
     </span>
     <span class='ocr_line' id='line_1_22' title="bbox 248 1632 1829 1682; baseline 0 -13"><span class='ocrx_word' id='word_1_133' title='bbox 248 1633 431 1682; x_wconf 81' lang='lat' dir='ltr'>gratiam</span> <span class='ocrx_word' id='word_1_134' title='bbox 470 1632 617 1675; x_wconf 79' lang='lat' dir='ltr'>habeo,</span> <span class='ocrx_word' id='word_1_135' title='bbox 652 1632 725 1669; x_wconf 89' lang='lat' dir='ltr'>sed</span> <span class='ocrx_word' id='word_1_136' title='bbox 761 1645 811 1670; x_wconf 82' lang='lat' dir='ltr'>ex</span> <span class='ocrx_word' id='word_1_137' title='bbox 848 1632 1053 1681; x_wconf 85' lang='lat' dir='ltr'>epistolae</span> <span class='ocrx_word' id='word_1_138' title='bbox 1089 1637 1189 1669; x_wconf 87' lang='lat' dir='ltr'>tuae</span> <span class='ocrx_word' id='word_1_139' title='bbox 1230 1632 1481 1670; x_wconf 85' lang='lat' dir='ltr'>Laconismo</span> <span class='ocrx_word' id='word_1_140' title='bbox 1517 1633 1687 1670; x_wconf 78' lang='lat' dir='ltr'>subolet</span> <span class='ocrx_word' id='word_1_141' title='bbox 1727 1633 1829 1670; x_wconf 91' lang='lat' dir='ltr'>mihi</span> 
     </span>
     <span class='ocr_line' id='line_1_23' title="bbox 249 1687 1830 1737; baseline 0 -13"><span class='ocrx_word' id='word_1_142' title='bbox 249 1688 390 1725; x_wconf 86' lang='lat' dir='ltr'>nescio</span> <span class='ocrx_word' id='word_1_143' title='bbox 411 1687 513 1736; x_wconf 82' lang='lat' dir='ltr'>quid</span> <span class='ocrx_word' id='word_1_144' title='bbox 535 1687 792 1732; x_wconf 66' lang='lat' dir='ltr'>offensionis,</span> <span class='ocrx_word' id='word_1_145' title='bbox 815 1688 934 1724; x_wconf 86' lang='lat' dir='ltr'>cuius</span> <span class='ocrx_word' id='word_1_146' title='bbox 956 1700 1129 1724; x_wconf 84' lang='lat' dir='ltr'>causam</span> <span class='ocrx_word' id='word_1_147' title='bbox 1151 1687 1402 1724; x_wconf 87' lang='lat' dir='ltr'>addiuinare</span> <span class='ocrx_word' id='word_1_148' title='bbox 1424 1701 1508 1724; x_wconf 87' lang='lat' dir='ltr'>non</span> <span class='ocrx_word' id='word_1_149' title='bbox 1538 1700 1725 1737; x_wconf 85' lang='lat' dir='ltr'>possum,</span> <span class='ocrx_word' id='word_1_150' title='bbox 1750 1688 1830 1724; x_wconf 90' lang='lat' dir='ltr'>nisi</span> 
     </span>
     <span class='ocr_line' id='line_1_24' title="bbox 248 1741 1828 1792; baseline 0.001 -14"><span class='ocrx_word' id='word_1_151' title='bbox 248 1742 360 1780; x_wconf 82' lang='lat' dir='ltr'>forte</span> <span class='ocrx_word' id='word_1_152' title='bbox 381 1742 598 1779; x_wconf 80' lang='lat' dir='ltr'>exhibitus</span> <span class='ocrx_word' id='word_1_153' title='bbox 621 1741 791 1779; x_wconf 89' lang='lat' dir='ltr'>libellus</span> <span class='ocrx_word' id='word_1_154' title='bbox 813 1741 1082 1779; x_wconf 78' lang='lat' dir='ltr'>stomachum</span> <span class='ocrx_word' id='word_1_155' title='bbox 1106 1742 1185 1779; x_wconf 93' lang='lat' dir='ltr'>tibi</span> <span class='ocrx_word' id='word_1_156' title='bbox 1206 1743 1489 1792; x_wconf 81' lang='lat' dir='ltr'>exasperauit.</span> <span class='ocrx_word' id='word_1_157' title='bbox 1551 1742 1673 1788; x_wconf 85' lang='lat' dir='ltr'>Quod</span> <span class='ocrx_word' id='word_1_158' title='bbox 1695 1743 1729 1779; x_wconf 89' lang='lat' dir='ltr'>si</span> <span class='ocrx_word' id='word_1_159' title='bbox 1750 1746 1828 1787; x_wconf 87' lang='lat' dir='ltr'>est,</span> 
     </span>
    </p>

    <p class='ocr_par' dir='ltr' id='par_1_12' title="bbox 211 1797 1830 2067">
     <span class='ocr_line' id='line_1_25' title="bbox 211 1797 1830 1846; baseline 0.001 -13"><span class='ocrx_word' id='word_1_160' title='bbox 211 1815 229 1844; x_wconf 85' lang='lat'>5</span> <span class='ocrx_word' id='word_1_161' title='bbox 250 1802 327 1834; x_wconf 85' lang='lat' dir='ltr'>aut</span> <span class='ocrx_word' id='word_1_162' title='bbox 352 1797 555 1834; x_wconf 81' lang='lat' dir='ltr'>adhibeto</span> <span class='ocrx_word' id='word_1_163' title='bbox 584 1798 819 1846; x_wconf 79' lang='lat' dir='ltr'>spongiam,</span> <span class='ocrx_word' id='word_1_164' title='bbox 842 1802 919 1834; x_wconf 86' lang='lat' dir='ltr'>aut</span> <span class='ocrx_word' id='word_1_165' title='bbox 947 1797 979 1833; x_wconf 91' lang='lat' dir='ltr'>si</span> <span class='ocrx_word' id='word_1_166' title='bbox 1008 1797 1192 1842; x_wconf 84' lang='lat' dir='ltr'>videtur,</span> <span class='ocrx_word' id='word_1_167' title='bbox 1216 1797 1407 1834; x_wconf 87' lang='lat' dir='ltr'>libellum</span> <span class='ocrx_word' id='word_1_168' title='bbox 1437 1798 1656 1835; x_wconf 86' lang='lat' dir='ltr'>submoue.</span> <span class='ocrx_word' id='word_1_169' title='bbox 1717 1797 1830 1835; x_wconf 87' lang='lat' dir='ltr'>Malo</span> 
     </span>
     <span class='ocr_line' id='line_1_26' title="bbox 249 1851 1827 1901; baseline 0.001 -13"><span class='ocrx_word' id='word_1_170' title='bbox 249 1853 363 1889; x_wconf 88' lang='lat' dir='ltr'>enim</span> <span class='ocrx_word' id='word_1_171' title='bbox 392 1851 442 1889; x_wconf 85' lang='lat' dir='ltr'>de</span> <span class='ocrx_word' id='word_1_172' title='bbox 471 1851 544 1897; x_wconf 85' lang='lat' dir='ltr'>illo</span> <span class='ocrx_word' id='word_1_173' title='bbox 573 1852 804 1901; x_wconf 86' lang='lat' dir='ltr'>periclitari</span> <span class='ocrx_word' id='word_1_174' title='bbox 836 1864 965 1901; x_wconf 87' lang='lat' dir='ltr'>quam</span> <span class='ocrx_word' id='word_1_175' title='bbox 995 1852 1207 1889; x_wconf 80' lang='lat' dir='ltr'>amicitiae</span> <span class='ocrx_word' id='word_1_176' title='bbox 1236 1858 1407 1891; x_wconf 81' lang='lat' dir='ltr'>nostrae</span> <span class='ocrx_word' id='word_1_177' title='bbox 1438 1853 1647 1890; x_wconf 87' lang='lat' dir='ltr'>iacturam</span> <span class='ocrx_word' id='word_1_178' title='bbox 1677 1851 1827 1890; x_wconf 85' lang='lat' dir='ltr'>facere.</span> 
     </span>
     <span class='ocr_line' id='line_1_27' title="bbox 249 1906 1830 1956; baseline 0.001 -13"><span class='ocrx_word' id='word_1_179' title='bbox 249 1906 359 1944; x_wconf 86' lang='lat' dir='ltr'>Fieri</span> <span class='ocrx_word' id='word_1_180' title='bbox 400 1906 509 1944; x_wconf 90' lang='lat' dir='ltr'>forte</span> <span class='ocrx_word' id='word_1_181' title='bbox 550 1907 694 1956; x_wconf 85' lang='lat' dir='ltr'>potuit</span> <span class='ocrx_word' id='word_1_182' title='bbox 735 1911 784 1944; x_wconf 87' lang='lat' dir='ltr'>vt</span> <span class='ocrx_word' id='word_1_183' title='bbox 824 1907 998 1944; x_wconf 89' lang='lat' dir='ltr'>liberius</span> <span class='ocrx_word' id='word_1_184' title='bbox 1040 1907 1209 1944; x_wconf 88' lang='lat' dir='ltr'>interim</span> <span class='ocrx_word' id='word_1_185' title='bbox 1251 1907 1412 1955; x_wconf 85' lang='lat' dir='ltr'>aliquid</span> <span class='ocrx_word' id='word_1_186' title='bbox 1453 1907 1646 1944; x_wconf 79' lang='lat' dir='ltr'>dixerim.</span> <span class='ocrx_word' id='word_1_187' title='bbox 1706 1906 1830 1944; x_wconf 81' lang='lat' dir='ltr'>Certe</span> 
     </span>
     <span class='ocr_line' id='line_1_28' title="bbox 249 1961 1829 2011; baseline 0.001 -13"><span class='ocrx_word' id='word_1_188' title='bbox 249 1966 418 2011; x_wconf 89' lang='lat' dir='ltr'>praeter</span> <span class='ocrx_word' id='word_1_189' title='bbox 432 1974 580 1999; x_wconf 89' lang='lat' dir='ltr'>verum</span> <span class='ocrx_word' id='word_1_190' title='bbox 595 1966 638 1999; x_wconf 88' lang='lat' dir='ltr'>et</span> <span class='ocrx_word' id='word_1_191' title='bbox 654 1961 856 1999; x_wconf 87' lang='lat' dir='ltr'>decorum</span> <span class='ocrx_word' id='word_1_192' title='bbox 875 1961 979 1998; x_wconf 85' lang='lat' dir='ltr'>nihil</span> <span class='ocrx_word' id='word_1_193' title='bbox 998 1962 1162 2011; x_wconf 84' lang='lat' dir='ltr'>vspiam</span> <span class='ocrx_word' id='word_1_194' title='bbox 1181 1974 1246 1998; x_wconf 91' lang='lat' dir='ltr'>me</span> <span class='ocrx_word' id='word_1_195' title='bbox 1264 1962 1420 1999; x_wconf 80' lang='lat' dir='ltr'>dixisse</span> <span class='ocrx_word' id='word_1_196' title='bbox 1438 1962 1663 2000; x_wconf 83' lang='lat' dir='ltr'>confidam.</span> <span class='ocrx_word' id='word_1_197' title='bbox 1706 1961 1829 2008; x_wconf 85' lang='lat' dir='ltr'>Quod</span> 
     </span>
     <span class='ocr_line' id='line_1_29' title="bbox 250 2016 1830 2067; baseline 0.001 -14"><span class='ocrx_word' id='word_1_198' title='bbox 250 2017 284 2053; x_wconf 90' lang='lat' dir='ltr'>si</span> <span class='ocrx_word' id='word_1_199' title='bbox 305 2016 478 2053; x_wconf 80' lang='lat' dir='ltr'>aliunde</span> <span class='ocrx_word' id='word_1_200' title='bbox 500 2017 768 2054; x_wconf 86' lang='lat' dir='ltr'>stomachum</span> <span class='ocrx_word' id='word_1_201' title='bbox 799 2017 839 2053; x_wconf 86' lang='lat' dir='ltr'>in</span> <span class='ocrx_word' id='word_1_202' title='bbox 868 2029 934 2053; x_wconf 88' lang='lat' dir='ltr'>me</span> <span class='ocrx_word' id='word_1_203' title='bbox 963 2017 1216 2066; x_wconf 81' lang='lat' dir='ltr'>conceperis,</span> <span class='ocrx_word' id='word_1_204' title='bbox 1240 2016 1414 2054; x_wconf 86' lang='lat' dir='ltr'>obsecro</span> <span class='ocrx_word' id='word_1_205' title='bbox 1444 2022 1491 2054; x_wconf 77' lang='lat' dir='ltr'>vt</span> <span class='ocrx_word' id='word_1_206' title='bbox 1520 2016 1728 2067; x_wconf 83' lang='lat' dir='ltr'>significes</span> <span class='ocrx_word' id='word_1_207' title='bbox 1756 2029 1830 2066; x_wconf 91' lang='lat' dir='ltr'>per</span> 
     </span>
    </p>

    <p class='ocr_par' dir='ltr' id='par_1_13' title="bbox 192 2072 1827 2230">
     <span class='ocr_line' id='line_1_30' title="bbox 192 2072 1827 2121; baseline -0.001 -12"><span class='ocrx_word' id='word_1_208' title='bbox 192 2089 230 2109; x_wconf 90' lang='lat'>10</span> <span class='ocrx_word' id='word_1_209' title='bbox 249 2083 442 2120; x_wconf 83' lang='lat' dir='ltr'>puerum,</span> <span class='ocrx_word' id='word_1_210' title='bbox 466 2084 550 2121; x_wconf 89' lang='lat' dir='ltr'>quo</span> <span class='ocrx_word' id='word_1_211' title='bbox 571 2076 647 2108; x_wconf 86' lang='lat' dir='ltr'>aut</span> <span class='ocrx_word' id='word_1_212' title='bbox 669 2084 807 2108; x_wconf 87' lang='lat' dir='ltr'>meam</span> <span class='ocrx_word' id='word_1_213' title='bbox 838 2076 961 2108; x_wconf 87' lang='lat' dir='ltr'>tuear</span> <span class='ocrx_word' id='word_1_214' title='bbox 988 2072 1288 2116; x_wconf 76' lang='lat' dir='ltr'>innocentiam,</span> <span class='ocrx_word' id='word_1_215' title='bbox 1312 2076 1387 2108; x_wconf 86' lang='lat' dir='ltr'>aut</span> <span class='ocrx_word' id='word_1_216' title='bbox 1417 2073 1451 2108; x_wconf 80' lang='lat' dir='ltr'>si</span> <span class='ocrx_word' id='word_1_217' title='bbox 1479 2072 1581 2120; x_wconf 89' lang='lat' dir='ltr'>quid</span> <span class='ocrx_word' id='word_1_218' title='bbox 1610 2072 1722 2109; x_wconf 84' lang='lat' dir='ltr'>forte</span> <span class='ocrx_word' id='word_1_219' title='bbox 1749 2076 1827 2117; x_wconf 90' lang='lat' dir='ltr'>est,</span> 
     </span>
     <span class='ocr_line' id='line_1_31' title="bbox 251 2126 1827 2176; baseline 0.001 -14"><span class='ocrx_word' id='word_1_220' title='bbox 251 2126 459 2163; x_wconf 84' lang='lat' dir='ltr'>offensum</span> <span class='ocrx_word' id='word_1_221' title='bbox 482 2126 646 2175; x_wconf 82' lang='lat' dir='ltr'>placem</span> <span class='ocrx_word' id='word_1_222' title='bbox 669 2127 873 2163; x_wconf 86' lang='lat' dir='ltr'>animum.</span> <span class='ocrx_word' id='word_1_223' title='bbox 936 2126 1015 2163; x_wconf 86' lang='lat' dir='ltr'>Per</span> <span class='ocrx_word' id='word_1_224' title='bbox 1037 2127 1240 2176; x_wconf 83' lang='lat' dir='ltr'>pituitam</span> <span class='ocrx_word' id='word_1_225' title='bbox 1269 2126 1530 2176; x_wconf 82' lang='lat' dir='ltr'>fluoremque</span> <span class='ocrx_word' id='word_1_226' title='bbox 1560 2127 1713 2176; x_wconf 85' lang='lat' dir='ltr'>capitis</span> <span class='ocrx_word' id='word_1_227' title='bbox 1744 2139 1827 2164; x_wconf 90' lang='lat' dir='ltr'>non</span> 
     </span>
     <span class='ocr_line' id='line_1_32' title="bbox 250 2180 1230 2230; baseline 0.001 -13"><span class='ocrx_word' id='word_1_228' title='bbox 250 2180 348 2218; x_wconf 86' lang='lat' dir='ltr'>licet</span> <span class='ocrx_word' id='word_1_229' title='bbox 370 2186 419 2218; x_wconf 80' lang='lat' dir='ltr'>vt</span> <span class='ocrx_word' id='word_1_230' title='bbox 441 2182 527 2230; x_wconf 87' lang='lat' dir='ltr'>ipse</span> <span class='ocrx_word' id='word_1_231' title='bbox 550 2181 628 2218; x_wconf 90' lang='lat' dir='ltr'>tibi</span> <span class='ocrx_word' id='word_1_232' title='bbox 649 2181 773 2218; x_wconf 86' lang='lat' dir='ltr'>hodie</span> <span class='ocrx_word' id='word_1_233' title='bbox 795 2181 1054 2230; x_wconf 76' lang='lat' dir='ltr'>congrediar.</span> <span class='ocrx_word' id='word_1_234' title='bbox 1116 2181 1230 2218; x_wconf 83' lang='lat' dir='ltr'>Vale.</span> 
     </span>
    </p>
   </div>
   <div class='ocr_carea' id='block_1_11' title="bbox 584 2327 1487 2372">
    <p class='ocr_par' dir='ltr' id='par_1_14' title="bbox 584 2327 1487 2372">
     <span class='ocr_line' id='line_1_33' title="bbox 584 2327 1487 2372; baseline 0 -5"><span class='ocrx_word' id='word_1_235' title='bbox 584 2331 713 2368; x_wconf 78' lang='lat'><strong>2670.</strong></span> <span class='ocrx_word' id='word_1_236' title='bbox 781 2327 918 2367; x_wconf 75' lang='lat' dir='ltr'><strong>FROM</strong></span> <span class='ocrx_word' id='word_1_237' title='bbox 953 2328 1185 2372; x_wconf 78' lang='lat' dir='ltr'><strong>AMBROSE</strong></span> <span class='ocrx_word' id='word_1_238' title='bbox 1219 2327 1487 2367; x_wconf 76' lang='lat' dir='ltr'>PELARGUS.</span> 
     </span>
    </p>
   </div>
   <div class='ocr_carea' id='block_1_12' title="bbox 301 2406 1776 2500">
    <p class='ocr_par' dir='ltr' id='par_1_15' title="bbox 301 2406 1776 2500">
     <span class='ocr_line' id='line_1_34' title="bbox 301 2406 1694 2451; baseline -0.001 -11"><span class='ocrx_word' id='word_1_239' title='bbox 301 2407 503 2451; x_wconf 82' lang='lat' dir='ltr'>Pelargus,</span> <span class='ocrx_word' id='word_1_240' title='bbox 526 2407 702 2440; x_wconf 81' lang='lat' dir='ltr'>Bellaria</span> <span class='ocrx_word' id='word_1_241' title='bbox 722 2407 768 2441; x_wconf 47' lang='lat' dir='ltr'>fo,</span> <span class='ocrx_word' id='word_1_242' title='bbox 790 2408 842 2440; x_wconf 91' lang='lat' dir='ltr'>H.</span> <span class='ocrx_word' id='word_1_243' title='bbox 1445 2406 1694 2450; x_wconf 65' lang='lat' dir='ltr'>&lt;Freiburg.&gt;</span> 
     </span>
     <span class='ocr_line' id='line_1_35' title="bbox 1342 2456 1776 2500; baseline 0.009 -15"><span class='ocrx_word' id='word_1_244' title='bbox 1342 2462 1394 2492; x_wconf 50' lang='grc' dir='ltr'>(ο,</span> <span class='ocrx_word' id='word_1_245' title='bbox 1416 2456 1515 2500; x_wconf 83' lang='lat' dir='ltr'>July</span> <span class='ocrx_word' id='word_1_246' title='bbox 1536 2456 1623 2489; x_wconf 85' lang='lat' dir='ltr'>init.</span> <span class='ocrx_word' id='word_1_247' title='bbox 1649 2462 1776 2499; x_wconf 59' lang='lat'>1532.)</span> 
     </span>
    </p>
   </div>
   <div class='ocr_carea' id='block_1_13' title="bbox 673 2548 1400 2576">
    <p class='ocr_par' dir='ltr' id='par_1_16' title="bbox 673 2548 1400 2576">
     <span class='ocr_line' id='line_1_36' title="bbox 673 2548 1400 2576; baseline -0.001 -1"><span class='ocrx_word' id='word_1_248' title='bbox 673 2549 776 2576; x_wconf 83' lang='lat' dir='ltr'><strong>AMB.</strong></span> <span class='ocrx_word' id='word_1_249' title='bbox 800 2549 1027 2576; x_wconf 77' lang='lat' dir='ltr'>PELARGVS</span> <span class='ocrx_word' id='word_1_250' title='bbox 1052 2548 1227 2575; x_wconf 80' lang='lat' dir='ltr'><strong>ERASMO</strong></span> <span class='ocrx_word' id='word_1_251' title='bbox 1251 2548 1343 2575; x_wconf 79' lang='lat' dir='ltr'>SVO.</span> <span class='ocrx_word' id='word_1_252' title='bbox 1369 2548 1400 2574; x_wconf 83' lang='lat' dir='ltr'>S.</span> 
     </span>
    </p>
   </div>
   <div class='ocr_carea' id='block_1_14' title="bbox 252 2609 1827 2823">
    <p class='ocr_par' dir='ltr' id='par_1_17' title="bbox 252 2609 1827 2823">
     <span class='ocr_line' id='line_1_37' title="bbox 307 2609 1826 2658; baseline -0.001 -11"><span class='ocrx_word' id='word_1_253' title='bbox 307 2610 437 2656; x_wconf 79' lang='lat' dir='ltr'>QVVM</span> <span class='ocrx_word' id='word_1_254' title='bbox 460 2610 624 2647; x_wconf 89' lang='lat' dir='ltr'>decimo</span> <span class='ocrx_word' id='word_1_255' title='bbox 645 2610 699 2647; x_wconf 91' lang='lat' dir='ltr'>ab</span> <span class='ocrx_word' id='word_1_256' title='bbox 722 2610 818 2646; x_wconf 81' lang='lat' dir='ltr'>hinc</span> <span class='ocrx_word' id='word_1_257' title='bbox 845 2610 923 2655; x_wconf 90' lang='lat' dir='ltr'>die,</span> <span class='ocrx_word' id='word_1_258' title='bbox 947 2609 1145 2658; x_wconf 86' lang='lat' dir='ltr'>colloquii</span> <span class='ocrx_word' id='word_1_259' title='bbox 1179 2622 1308 2646; x_wconf 86' lang='lat' dir='ltr'>causa</span> <span class='ocrx_word' id='word_1_260' title='bbox 1337 2613 1378 2646; x_wconf 92' lang='lat' dir='ltr'>te</span> <span class='ocrx_word' id='word_1_261' title='bbox 1408 2609 1601 2653; x_wconf 84' lang='lat' dir='ltr'>conueni,</span> <span class='ocrx_word' id='word_1_262' title='bbox 1624 2609 1826 2647; x_wconf 79' lang='lat' dir='ltr'>videbare</span> 
     </span>
     <span class='ocr_line' id='line_1_38' title="bbox 252 2664 1826 2714; baseline -0.001 -12"><span class='ocrx_word' id='word_1_263' title='bbox 252 2669 301 2702; x_wconf 88' lang='lat' dir='ltr'>tu</span> <span class='ocrx_word' id='word_1_264' title='bbox 319 2665 490 2714; x_wconf 88' lang='lat' dir='ltr'>quidem</span> <span class='ocrx_word' id='word_1_265' title='bbox 509 2678 607 2713; x_wconf 79' lang='lat' dir='ltr'>erga</span> <span class='ocrx_word' id='word_1_266' title='bbox 625 2678 690 2702; x_wconf 89' lang='lat' dir='ltr'>me</span> <span class='ocrx_word' id='word_1_267' title='bbox 713 2665 906 2714; x_wconf 80' lang='lat' dir='ltr'>frigidior</span> <span class='ocrx_word' id='word_1_268' title='bbox 923 2677 1012 2702; x_wconf 81' lang='lat' dir='ltr'>esse</span> <span class='ocrx_word' id='word_1_269' title='bbox 1031 2677 1158 2713; x_wconf 82' lang='lat' dir='ltr'>quam</span> <span class='ocrx_word' id='word_1_270' title='bbox 1178 2676 1254 2713; x_wconf 88' lang='lat' dir='ltr'>pro</span> <span class='ocrx_word' id='word_1_271' title='bbox 1272 2676 1400 2709; x_wconf 87' lang='lat' dir='ltr'>more,</span> <span class='ocrx_word' id='word_1_272' title='bbox 1420 2676 1505 2712; x_wconf 86' lang='lat' dir='ltr'>quo</span> <span class='ocrx_word' id='word_1_273' title='bbox 1522 2664 1626 2701; x_wconf 91' lang='lat' dir='ltr'>mihi</span> <span class='ocrx_word' id='word_1_274' title='bbox 1645 2665 1826 2713; x_wconf 88' lang='lat' dir='ltr'>suspitio</span> 
     </span>
     <span class='ocr_line' id='line_1_39' title="bbox 253 2718 1825 2768; baseline -0.001 -12"><span class='ocrx_word' id='word_1_275' title='bbox 253 2720 409 2756; x_wconf 82' lang='lat' dir='ltr'>iniecta</span> <span class='ocrx_word' id='word_1_276' title='bbox 431 2723 495 2756; x_wconf 86' lang='lat' dir='ltr'>est</span> <span class='ocrx_word' id='word_1_277' title='bbox 513 2719 753 2764; x_wconf 86' lang='lat' dir='ltr'>vehemens,</span> <span class='ocrx_word' id='word_1_278' title='bbox 774 2724 814 2756; x_wconf 87' lang='lat' dir='ltr'>te</span> <span class='ocrx_word' id='word_1_279' title='bbox 837 2719 1031 2756; x_wconf 84' lang='lat' dir='ltr'>nonnihil</span> <span class='ocrx_word' id='word_1_280' title='bbox 1055 2720 1097 2756; x_wconf 86' lang='lat' dir='ltr'>in</span> <span class='ocrx_word' id='word_1_281' title='bbox 1119 2731 1185 2756; x_wconf 85' lang='lat' dir='ltr'>me</span> <span class='ocrx_word' id='word_1_282' title='bbox 1207 2719 1450 2768; x_wconf 69' lang='lat' dir='ltr'>concepisse</span> <span class='ocrx_word' id='word_1_283' title='bbox 1472 2719 1696 2756; x_wconf 82' lang='lat' dir='ltr'>stomachi.</span> <span class='ocrx_word' id='word_1_284' title='bbox 1746 2718 1825 2755; x_wconf 92' lang='lat' dir='ltr'>Vbi</span> 
     </span>
     <span class='ocr_line' id='line_1_40' title="bbox 252 2773 1827 2823; baseline -0.001 -12"><span class='ocrx_word' id='word_1_285' title='bbox 252 2787 422 2811; x_wconf 85' lang='lat' dir='ltr'>causam</span> <span class='ocrx_word' id='word_1_286' title='bbox 452 2775 657 2823; x_wconf 79' lang='lat' dir='ltr'>expiscor,</span> <span class='ocrx_word' id='word_1_287' title='bbox 686 2775 874 2811; x_wconf 87' lang='lat' dir='ltr'>causaris</span> <span class='ocrx_word' id='word_1_288' title='bbox 904 2787 970 2811; x_wconf 89' lang='lat' dir='ltr'>me</span> <span class='ocrx_word' id='word_1_289' title='bbox 1000 2786 1084 2811; x_wconf 80' lang='lat' dir='ltr'>vno</span> <span class='ocrx_word' id='word_1_290' title='bbox 1112 2778 1155 2811; x_wconf 90' lang='lat' dir='ltr'>et</span> <span class='ocrx_word' id='word_1_291' title='bbox 1183 2773 1319 2810; x_wconf 86' lang='lat' dir='ltr'>altero</span> <span class='ocrx_word' id='word_1_292' title='bbox 1348 2773 1439 2810; x_wconf 89' lang='lat' dir='ltr'>loco</span> <span class='ocrx_word' id='word_1_293' title='bbox 1468 2786 1553 2810; x_wconf 90' lang='lat' dir='ltr'>non</span> <span class='ocrx_word' id='word_1_294' title='bbox 1582 2774 1687 2810; x_wconf 87' lang='lat' dir='ltr'>satis</span> <span class='ocrx_word' id='word_1_295' title='bbox 1716 2773 1827 2810; x_wconf 84' lang='lat' dir='ltr'>bona</span> 
     </span>
    </p>
   </div>
   <div class='ocr_carea' id='block_1_15' title="bbox 252 2872 1824 3044">
    <p class='ocr_par' dir='ltr' id='par_1_18' title="bbox 252 2872 1824 3044">
     <span class='ocr_line' id='line_1_41' title="bbox 297 2872 1823 2912; baseline -0.001 -10"><span class='ocrx_word' id='word_1_296' title='bbox 297 2873 392 2902; x_wconf 81' lang='lat'>2668.</span> <span class='ocrx_word' id='word_1_297' title='bbox 422 2882 449 2902; x_wconf 91' lang='lat'>1.</span> <span class='ocrx_word' id='word_1_298' title='bbox 476 2872 699 2912; x_wconf 74' lang='lat' dir='ltr'>symbolum]</span> <span class='ocrx_word' id='word_1_299' title='bbox 730 2872 766 2903; x_wconf 87' lang='lat' dir='ltr'>It</span> <span class='ocrx_word' id='word_1_300' title='bbox 795 2882 912 2902; x_wconf 84' lang='lat' dir='ltr'>seems</span> <span class='ocrx_word' id='word_1_301' title='bbox 941 2873 1003 2902; x_wconf 81' lang='lat' dir='ltr'>im·</span> <span class='ocrx_word' id='word_1_302' title='bbox 1075 2873 1331 2912; x_wconf 81' lang='lat' dir='ltr'>knowledging</span> <span class='ocrx_word' id='word_1_303' title='bbox 1348 2872 1389 2902; x_wconf 87' lang='lat' dir='ltr'>it.</span> <span class='ocrx_word' id='word_1_304' title='bbox 1438 2872 1527 2902; x_wconf 83' lang='lat' dir='ltr'>Like</span> <span class='ocrx_word' id='word_1_305' title='bbox 1546 2872 1608 2902; x_wconf 87' lang='lat' dir='ltr'>the</span> <span class='ocrx_word' id='word_1_306' title='bbox 1621 2872 1691 2911; x_wconf 68' lang='lat' dir='ltr'>gift</span> <span class='ocrx_word' id='word_1_307' title='bbox 1705 2872 1741 2901; x_wconf 84' lang='lat' dir='ltr'>of</span> <span class='ocrx_word' id='word_1_308' title='bbox 1756 2872 1823 2911; x_wconf 81' lang='lat' dir='ltr'>Ep.</span> 
     </span>
     <span class='ocr_line' id='line_1_42' title="bbox 253 2915 1823 2956; baseline -0.001 -10"><span class='ocrx_word' id='word_1_309' title='bbox 253 2917 412 2956; x_wconf 80' lang='lat' dir='ltr'>possible</span> <span class='ocrx_word' id='word_1_310' title='bbox 433 2921 472 2946; x_wconf 89' lang='lat' dir='ltr'>to</span> <span class='ocrx_word' id='word_1_311' title='bbox 493 2916 696 2950; x_wconf 82' lang='lat' dir='ltr'>determine</span> <span class='ocrx_word' id='word_1_312' title='bbox 721 2917 785 2947; x_wconf 81' lang='lat' dir='ltr'>the</span> <span class='ocrx_word' id='word_1_313' title='bbox 811 2921 943 2946; x_wconf 84' lang='lat' dir='ltr'>nature</span> <span class='ocrx_word' id='word_1_314' title='bbox 968 2917 1004 2946; x_wconf 79' lang='lat' dir='ltr'>of</span> <span class='ocrx_word' id='word_1_315' title='bbox 1075 2917 1199 2956; x_wconf 77' lang='lat' dir='ltr'>2832it</span> <span class='ocrx_word' id='word_1_316' title='bbox 1211 2916 1581 2946; x_wconf 81' lang='lat' dir='ltr'>seemstohavebeen</span> <span class='ocrx_word' id='word_1_317' title='bbox 1592 2915 1823 2955; x_wconf 80' lang='lat' dir='ltr'>symbolical;</span> 
     </span>
     <span class='ocr_line' id='line_1_43' title="bbox 252 2958 1824 3000; baseline -0.001 -10"><span class='ocrx_word' id='word_1_318' title='bbox 252 2960 316 2991; x_wconf 77' lang='lat' dir='ltr'>the</span> <span class='ocrx_word' id='word_1_319' title='bbox 341 2961 421 3000; x_wconf 77' lang='lat' dir='ltr'>gift,</span> <span class='ocrx_word' id='word_1_320' title='bbox 447 2960 565 2990; x_wconf 84' lang='lat' dir='ltr'>either</span> <span class='ocrx_word' id='word_1_321' title='bbox 594 2960 687 2990; x_wconf 80' lang='lat' dir='ltr'>from</span> <span class='ocrx_word' id='word_1_322' title='bbox 716 2960 791 2990; x_wconf 85' lang='lat' dir='ltr'>this</span> <span class='ocrx_word' id='word_1_323' title='bbox 818 2960 939 2995; x_wconf 85' lang='lat' dir='ltr'>letter,</span> <span class='ocrx_word' id='word_1_324' title='bbox 966 2970 1006 2990; x_wconf 91' lang='lat' dir='ltr'>or</span> <span class='ocrx_word' id='word_1_325' title='bbox 1073 2960 1145 2990; x_wconf 80' lang='lat' dir='ltr'>and</span> <span class='ocrx_word' id='word_1_326' title='bbox 1172 2964 1210 2990; x_wconf 91' lang='lat' dir='ltr'>to</span> <span class='ocrx_word' id='word_1_327' title='bbox 1236 2960 1330 2990; x_wconf 84' lang='lat' dir='ltr'>have</span> <span class='ocrx_word' id='word_1_328' title='bbox 1355 2959 1580 2999; x_wconf 83' lang='lat' dir='ltr'>symbolized</span> <span class='ocrx_word' id='word_1_329' title='bbox 1603 2958 1824 2999; x_wconf 81' lang='lat' dir='ltr'>multiplica-</span> 
     </span>
     <span class='ocr_line' id='line_1_44' title="bbox 253 3003 1412 3044; baseline -0.001 -10"><span class='ocrx_word' id='word_1_330' title='bbox 253 3004 347 3034; x_wconf 86' lang='lat' dir='ltr'>from</span> <span class='ocrx_word' id='word_1_331' title='bbox 369 3003 554 3044; x_wconf 82' lang='lat' dir='ltr'>Pelargus&#39;</span> <span class='ocrx_word' id='word_1_332' title='bbox 579 3003 689 3034; x_wconf 87' lang='lat' dir='ltr'>letter</span> <span class='ocrx_word' id='word_1_333' title='bbox 710 3003 794 3044; x_wconf 81' lang='lat' dir='ltr'>(Ep.</span> <span class='ocrx_word' id='word_1_334' title='bbox 824 3005 922 3041; x_wconf 70' lang='lat'>2669)</span> <span class='ocrx_word' id='word_1_335' title='bbox 947 3013 1002 3034; x_wconf 85' lang='lat' dir='ltr'>ac·</span> <span class='ocrx_word' id='word_1_336' title='bbox 1073 3005 1151 3034; x_wconf 86' lang='lat' dir='ltr'>tion</span> <span class='ocrx_word' id='word_1_337' title='bbox 1169 3005 1205 3034; x_wconf 76' lang='lat' dir='ltr'>of</span> <span class='ocrx_word' id='word_1_338' title='bbox 1223 3004 1412 3043; x_wconf 82' lang='lat' dir='ltr'>blessings.</span> 
     </span>
    </p>
   </div>
  </div>
 </body>
</html>
