1966 3379
235 132 314 169 364
693 130 950 169 LETTERS
981 130 1051 168 or
1082 128 1350 168 ERASMUS
1686 130 1809 177 [1534

290 236 351 273 De
374 248 458 284 quo
479 235 671 286 profecto
688 235 892 273 dolemus.
935 235 991 272 At
1009 247 1228 285 speramus
1246 238 1287 272 te
1305 234 1369 271 his
1386 234 1529 272 vernis
1545 232 1809 283 temporibus

177 305 213 333 15
236 291 439 340 pristinae
466 291 779 328 restituendum
809 291 996 335 sanitati,
1020 294 1069 327 vt
1094 289 1456 339 quemadmodum
1482 292 1525 326 et
1551 292 1597 325 tu
1624 288 1745 325 nobis
1764 300 1809 325 es

234 345 450 395 pollicitus
470 350 514 382 et
534 358 610 383 nos
633 346 695 382 tui
718 345 888 382 videndi
914 350 1110 382 tenemur
1132 344 1354 393 desyderio
1375 347 1527 393 optata
1549 342 1630 379 huc
1653 343 1809 379 reuerti

234 401 367 449 possis
412 400 721 438 incolumitate.
777 400 932 436 Scribis
976 399 1127 436 deinde
1173 403 1214 435 tc
1259 398 1479 435 cuiusdam
1527 397 1808 442 Franciscani,

234 454 395 492 Nic-olai
424 455 631 497 Herborn,
658 454 864 504 generalis
889 454 1165 491 commissarii
1191 453 1458 497 cismontani,
1482 452 1667 501 quadam
1695 463 1808 489 noua

231 509 445 547 aeditione
459 510 751 547 narrationum
766 522 891 558 super
905 508 1138 557 Euangelia
1151 507 1542 557 Quadragesimalia
1556 519 1639 543 non
1657 518 1807 556 parum

173 578 213 599 :o
232 577 320 601 csse
346 564 582 609 turbatum,
606 568 757 613 vtpote
779 564 850 612 qui
872 564 926 600 ab
948 563 1020 600 illo
1042 563 1242 599 conuiciis
1263 563 1318 599 sis
1339 562 1530 599 affectus.
1575 561 1631 598 Et
1652 565 1701 598 vt
1721 573 1806 598 non

232 623 482 667 putaremus
517 619 568 656 de
604 619 776 655 somniis
811 618 865 655 ad
901 631 977 655 nos
1012 617 1204 661 scribere,
1243 617 1393 654 misisti
1428 629 1479 654 ex
1516 616 1589 653 illa
1622 615 1807 653 editione

233 674 419 722 paginas.
461 674 577 711 Scito
594 674 861 710 maiestatem
879 673 1126 709 Caesaream
1146 672 1303 720 vbique
1326 673 1366 708 in
1389 671 1451 708 his
1472 672 1558 708 suis
1579 671 1808 720 prouinciis

232 728 352 765 firmo
373 728 513 765 edicto
539 728 735 765 omnibus
761 727 1041 776 typographis
1066 727 1343 776 prohibuisse,
1365 739 1415 763 nc
1438 725 1542 763 talia
1563 730 1640 762 aut
1661 737 1804 762 mona-

231 782 406 820 chorum
442 787 519 820 aut
549 783 729 820 aliorum
761 783 921 831 scripta
951 794 1062 818 noua
1093 781 1254 830 absque
1285 793 1491 818 consensu
1523 784 1600 818 aut
1630 792 1806 817 censura

171 850 210 880 25
232 838 469 875 maiestatis
495 850 607 883 suae,
634 841 711 874 aut
735 850 879 874 corum
907 837 977 885 qui
1004 835 1058 873 ad
1084 836 1161 873 hoc
1187 840 1288 873 sunt
1313 836 1536 885 designati,
1562 835 1802 872 ederentur.

232 892 405 941 Egoque
436 905 487 929 ex
524 893 660 929 officio
696 893 738 928 in
775 891 852 928 hac
888 904 930 928 re
966 904 1049 928 non
1084 891 1283 939 exiguam
1319 891 1515 940 praestiti
1549 902 1720 939 operam
1758 894 1807 926 vt

231 947 467 984 maiestatis
488 959 588 984 suae
609 947 795 983 edictum
816 947 971 994 vbique
993 945 1302 983 obscruaretur.
1345 945 1505 983 Tamen
1528 949 1576 982 vt
1598 944 1646 981 fit
1664 944 1804 994 vulgo,

230 1002 368 1039 caueri
391 1003 520 1039 etiam
547 1002 678 1038 firmis
702 1001 852 1038 edictis
878 1001 919 1037 in
944 1004 1086 1038 totum
1111 1013 1195 1038 non
1222 1004 1377 1050 potest,
1400 1001 1503 1048 quin
1528 999 1677 1036 furtim
1702 1011 1803 1036 non-

230 1056 349 1093 nulla
370 1057 639 1093 emittantur.
682 1056 777 1093 Non
799 1060 943 1093 tamen
970 1060 1011 1092 te
1038 1055 1140 1092 haec
1167 1067 1338 1092 mouere
1364 1055 1535 1092 debent.
1577 1053 1687 1091 Nam
1711 1055 1805 1103 quis

170 1125 211 1154 30
230 1115 307 1155 est,
344 1112 416 1160 qui
451 1124 476 1148 a
511 1110 817 1148 malcuolorum
859 1110 1246 1147 obtrectationibus
1286 1110 1487 1147 immunis
1521 1122 1610 1146 esse
1646 1112 1803 1158 potest,

230 1166 323 1214 quis
352 1166 427 1210 vir,
456 1166 676 1213 tamet<si>
707 1166 813 1214 pius,
845 1169 922 1202 aut
953 1165 1003 1202 de
1034 1164 1198 1214 republ:
1230 1164 1473 1202 Christiana
1505 1164 1804 1209 benemeritus,

230 1221 402 1269 quinon
425 1220 747 1257 inconsideratis
768 1224 811 1256 et
832 1220 1067 1256 temerariis
1085 1219 1466 1268 obloquutionibus
1488 1219 1543 1256 sit
1565 1218 1803 1256 obnoxius?

230 1274 287 1312 Et
322 1276 584 1312 serenissima
619 1275 763 1324 regina
797 1274 944 1312 nolens
979 1273 1057 1311 tibi
1093 1287 1186 1311 eam
1223 1274 1461 1311 molestiam
1498 1286 1571 1311 seu
1607 1274 1803 1310 iniuriam

230 1329 373 1366 inferri
413 1343 437 1366 a
477 1329 672 1379 praefato
712 1329 1006 1374 Franciscano‚
1047 1329 1227 1378 scripsit,
1268 1333 1312 1366 et
1353 1329 1476 1366 iussit
1516 1328 1802 1365 marchionem

168 1396 208 1426 35
229 1383 526 1433 Antwerpiefi„
546 1388 593 1421 vt
611 1397 710 1421 mox
728 1384 865 1421 accito
886 1383 939 1421 ad
962 1397 1004 1421 se
1026 1383 1296 1433 typographo
1313 1383 1561 1434 supradicto
1578 1382 1803 1432 prohibeat

229 1451 303 1488 per
330 1440 597 1476 maiestatem
626 1451 760 1484 suam,
790 1452 842 1475 ne
870 1438 1114 1476 huiusmodi
1142 1438 1296 1476 librum
1329 1439 1444 1488 typis
1474 1437 1696 1475 absoluere
1727 1441 1804 1475 aut

229 1493 475 1531 absolutum
498 1493 725 1531 diucndere
750 1495 1075 1543 presum[m]at;
1107 1498 1152 1531 et
1173 1493 1324 1530 deinde
1352 1493 1406 1530 ob
1434 1492 1589 1530 aedicti
1611 1492 1802 1530 Caesarei

229 1549 638 1597 praeuaricationem
674 1549 716 1585 in
751 1548 963 1586 hominem
1001 1548 1223 1598 diligenter
1258 1548 1588 1585 animaduertat.
1645 1546 1799 1593 Quam-

229 1602 373 1640 obrem
405 1603 509 1640 nihil
545 1607 621 1647 ests,
658 1602 773 1652 quod
809 1607 988 1640 metuas.
1041 1602 1122 1640 Sed
1158 1615 1282 1652 perge
1318 1604 1360 1640 in
1396 1606 1472 1640 tuo
1508 1603 1728 1652 proposito
1758 1606 1802 1640 et

167 1670 209 1699 40
230 1658 435 1706 promisso
461 1658 541 1695 huc
566 1658 769 1695 redeundi
793 1658 848 1695 ad
876 1657 1001 1695 finem
1030 1657 1200 1707 Aprilis,
1226 1661 1303 1695 aut
1331 1657 1385 1695 ad
1414 1657 1456 1694 id
1485 1657 1690 1706 temporis
1717 1669 1802 1706 quo

228 1711 388 1761 absque
410 1712 668 1750 valetudinis
692 1716 792 1750 tuae
818 1713 981 1749 iactura
1008 1713 1051 1749 id
1077 1712 1164 1749 fieri
1191 1716 1333 1762 queat,
1356 1712 1460 1749 nihil
1486 1711 1537 1749 de
1559 1711 1801 1750 defensione

228 1767 291 1803 tui
319 1767 534 1804 dubitans.
577 1767 688 1804 Nam
717 1768 842 1804 sicuti
866 1771 910 1804 et
935 1767 1136 1804 Maiestas
1162 1780 1238 1804 sua
1264 1767 1480 1817 Reginalis
1504 1770 1548 1804 et
1572 1779 1648 1815 ego
1673 1771 1801 1804 antea

227 1821 281 1858 ad
303 1826 345 1858 te
368 1822 623 1871 scripsimuS,
645 1835 739 1859 eam
761 1826 854 1859 tum
877 1822 1047 1859 honoris
1073 1822 1135 1859 tui
1162 1826 1255 1859 tum
1281 1834 1484 1872 personae
1506 1825 1606 1858 tuae
1628 1821 1799 1859 adhibe-

228 1875 366 1913 bimus
392 1889 536 1913 curam
561 1880 609 1914 vt
630 1877 745 1926 apud
770 1889 846 1914 nos
871 1877 913 1914 in
940 1877 1081 1926 patria
1108 1881 1185 1914 tua
1212 1877 1254 1914 id
1282 1877 1438 1914 aetatis
1466 1876 1580 1925 quod
1608 1880 1801 1925 superest

165 1941 206 1972 45
227 1930 306 1967 tibi
330 1932 485 1980 quiete,
512 1944 654 1968 secure
679 1935 723 1968 et
750 1944 802 1969 ex
831 1936 908 1969 tuo
936 1931 1160 1969 commodo
1188 1932 1441 1981 transsigere
1470 1931 1603 1981 possis
1630 1930 1800 1969 Christo

227 1985 434 2023 adiutore.
477 1985 556 2031 Qui
579 1990 620 2023 te
642 1990 784 2023 seruet
804 1990 847 2023 et
870 1986 1065 2024 reducem
1087 1986 1208 2024 nobis
1229 1986 1474 2036 propediem
1496 1985 1710 2023 exhibeat.

282 2040 346 2077 Ex
370 2040 571 2078 Bruxella
593 2040 757 2079 Octauo
780 2041 927 2078 Marcii
952 2050 1068 2091 1534.

638 2231 766 2269 2913.
831 2229 898 2269 To
932 2229 1160 2269 ERASMUS
1194 2228 1388 2270 SCHETS.

274 2316 426 2350 British
446 2317 629 2351 Museum
649 2318 731 2351 MS.
753 2319 857 2352 Add.
880 2320 1012 2362 38512‚
1033 2319 1060 2353 f.
1083 2320 1141 2353 86.
1476 2318 1681 2362 Freiburg.

1418 2379 1430 2401 1
1442 2378 1455 2401 1
1479 2367 1619 2401 March
1642 2378 1747 2412 1534.

268 2450 341 2487 [An
370 2450 523 2490 original
549 2450 669 2485 letter,
695 2451 842 2482 written
868 2451 942 2482 and
967 2452 1166 2483 addressed
1192 2452 1242 2492 by
1266 2452 1475 2492 Cognatus:
1503 2452 1680 2482 Erasmus
1704 2451 1798 2483 adds

223 2494 286 2524 the
305 2493 391 2523 final
409 2498 581 2524 sentence
599 2495 672 2525 and
690 2495 753 2525 the
770 2496 959 2535 signature
977 2497 1013 2526 in
1031 2506 1052 2526 a
1069 2497 1189 2536 shaky
1206 2496 1334 2534 hand]

277 2568 316 2606 S.
345 2569 389 2606 P.
433 2569 512 2606 Per
534 2570 583 2608 D.
612 2570 884 2608 Tilmannum
911 2585 936 2609 a
962 2572 1092 2610 Fossa
1117 2572 1223 2610 duos
1248 2572 1473 2610 fasciculos
1499 2572 1621 2610 abste
1646 2573 1796 2623 recepi,

638 2669 734 2700 2912.
761 2672 813 2708 38.
840 2671 919 2701 OE:
947 2672 1269 2712 priuaricationem
1289 2671 1372 2702 MS.

221 2755 310 2796 they
332 2759 455 2786 aret-o
482 2756 525 2786 be
550 2757 694 2787 exciscd
720 2758 755 2787 in
781 2759 912 2789 favour
936 2759 974 2789 of

221 2799 285 2829 the
305 2803 379 2830 two
400 2803 592 2830 sentences
615 2801 799 2841 following
823 2803 889 2838 (Dc
906 2813 973 2842 quo

217 2843 372 2882 profecto
395 2867 401 2873 .
423 2868 428 2873 .
450 2866 458 2874 .
480 2844 752 2881 incolumitate),
772 2846 889 2876 which
911 2856 972 2877 are

220 2887 369 2917 written
398 2887 434 2916 in
463 2887 526 2917 the
552 2888 706 2925 margin.
753 2888 972 2920 Carondelet

221 2931 381 2970 perhaps
416 2934 500 2960 sent
535 2934 574 2961 to
611 2931 704 2961 Olah
740 2933 876 2973 merely
908 2934 972 2964 the

221 2974 336 3014 rough
354 2974 453 3005 draft
471 2974 509 3005 of
525 2974 581 3006 his
599 2974 718 3007 letter.

1086 2760 1182 2789 2912.
1224 2769 1277 2798 34.
1319 2759 1582 2798 marchionem]
1636 2760 1796 2791 william

1042 2813 1114 2833 van
1137 2803 1207 2833 den
1231 2803 1374 2839 VVerve,
1397 2803 1479 2834 who
1501 2803 1585 2834 held
1608 2803 1672 2834 the
1694 2804 1796 2834 office

1042 2847 1136 2877 from
1151 2856 1311 2885 1531-50.
1353 2847 1433 2884 (We
1445 2857 1521 2877 owe
1535 2847 1609 2877 this
1621 2848 1793 2878 informa-

1040 2891 1119 2921 tion
1138 2894 1177 2921 to
1195 2890 1282 2920 Miss
1299 2890 1346 2920 M.
1366 2891 1408 2921 E.
1427 2891 1700 2931 Kronenberg.)

1085 2934 1181 2964 2913.
1227 2944 1254 2964 1.
1287 2934 1539 2972 Tilmannum]
1569 2934 1794 2966 Tielmann’s

1040 2987 1248 3019 messenger
1279 2978 1433 3009 reached
1466 2978 1642 3019 Freiburg
1673 2989 1721 3009 on
1754 2988 1794 3010 22
