1966 3379
99 104 222 152 2808]
1589 106 1667 143 223

521 210 649 248 2808.
716 207 854 248 FROM
875 207 1008 248 JOHN
1030 207 1237 249 LOEBLE.

148 282 307 327 Leipzig
325 281 407 316 MS.
1358 284 1583 329 Augsburg.

148 332 231 365 EE.
256 333 336 375 184.
1330 343 1369 366 11
1391 333 1489 377 May
1512 344 1616 377 1533.

142 399 214 436 [An
231 398 385 439 original
401 398 523 434 letter,
541 398 690 428 written
707 397 780 427 and
794 397 992 428 addressed
1007 398 1056 438 by
1068 409 1090 428 a
1103 403 1300 440 seeretary,
1316 399 1443 440 signed
1459 400 1506 440 by
1521 401 1666 432 Loeble.

99 442 170 473 For
186 443 249 472 the
267 446 465 482 payments
484 440 645 472 referred
662 445 701 472 to
719 451 777 471 see
794 441 864 481 Ep.
884 442 980 471 2801.
1001 442 1074 479 2n.]

153 500 358 539 SALVTEM
385 504 429 538 et
450 500 659 550 quidquid
683 500 814 538 studii
841 505 885 538 et
912 501 1033 538 offitii
1061 506 1276 550 praestare
1305 515 1489 552 possum,
1513 504 1666 542 doctis-

98 557 201 593 sime
233 559 362 604 atque
395 556 662 605 integerrime
694 554 873 592 domine.
935 554 1233 593 Serenissimus
1266 557 1558 596 Romanorum
1594 572 1667 596 rex

97 609 392 647 Ferdinandus
419 614 513 655 etc.,
543 609 740 646 dominus
767 622 884 647 meus
911 611 1240 659 gratiosissimus
1265 612 1398 661 pridie
1426 612 1529 650 mihi
1557 626 1665 651 com-

96 665 223 706 misit,
241 664 354 701 datis
374 664 504 701 etiam
526 663 650 701 huius
664 664 730 701 rei
751 676 877 701 causa
894 664 948 701 ad
965 677 1031 701 me
1053 664 1185 703 literis
1207 667 1303 711 suis,
1322 670 1371 704 vt
1388 666 1668 706 dominationi

96 722 196 756 tuae
217 722 388 756 eentum
409 722 453 756 et
474 719 784 767 quinquaginta
804 730 953 756 aureos
982 718 1226 758 Rhenenses
1255 733 1330 758 suo
1358 722 1528 759 nomine
1556 722 1667 760 dono
1687 735 1704 765 5

97 774 324 818 mitterem,
356 773 406 810 D.
440 785 539 810 vero
570 772 754 810 Henrico
784 771 993 811 Glareano
1024 775 1346 824 quinquaginta,
1378 777 1445 813 cui
1478 789 1667 815 summae

96 827 470 865 reuerendissimus
491 827 687 865 dominus
708 839 826 865 meus
854 827 1078 865 cardinalis
1107 828 1381 867 Tridentinus
1409 830 1563 868 adiecit
1591 844 1666 869 suo

97 883 265 919 nomine
286 881 366 919 tibi
386 894 535 919 aureos
557 882 867 931 quinquaginta
891 881 1255 929 adnumerandos;
1288 897 1416 933 quam
1443 887 1665 934 pecuniam

96 937 307 986 recepturi
320 937 420 973 estis
434 935 707 985 Argentorati
721 948 745 973 a
760 936 917 974 Ioanne
929 936 1034 974 Ebel
1048 941 1092 975 et
1106 937 1353 976 Hieronimo
1363 939 1665 987 Hirschkoren‚

96 991 218 1028 sociis
248 991 583 1040 negotiatoribus
614 990 830 1040 quondam
862 991 1063 1029 Friderici
1095 991 1331 1039 Brechters,
1363 994 1518 1043 quibus
1546 1008 1664 1044 prae·
1689 1016 1728 1036 10

96 1045 287 1082 sentibus
303 1045 440 1082 scribo
456 1049 499 1082 et
515 1046 750 1090 committo,
766 1050 814 1083 vt
830 1045 884 1083 ad
899 1058 1196 1096 quamcunque
1211 1052 1398 1086 vestram
1412 1050 1666 1098 peticionem

96 1099 172 1137 hos
202 1099 407 1137 ducentos
437 1103 480 1137 et
499 1100 823 1149 ,quinquaginta
857 1113 1007 1138 aureos
1040 1101 1119 1139 tibi
1154 1102 1432 1141 adnumerare
1468 1104 1664 1151 debeant,

97 1153 212 1203 quod
232 1158 276 1192 et
296 1153 484 1191 facturos
505 1155 592 1191 sine
614 1154 701 1191 vlla
722 1167 840 1192 mora
861 1167 1107 1205 persuasum
1136 1156 1284 1195 habeo.

150 1207 385 1253 Caeterum,
402 1209 466 1246 vir
487 1209 740 1254 doctissime,
759 1211 950 1247 narrauit
972 1210 1075 1248 mihi
1097 1211 1147 1248 D.
1172 1211 1354 1250 Ioannes
1375 1211 1526 1250 Choler
1546 1226 1663 1263 prae-

95 1264 259 1313 positus
274 1262 496 1308 Curiensis,
512 1263 695 1313 qualiter
709 1263 758 1301 D.
776 1264 821 1301 T.
837 1277 972 1314 nuper
986 1264 1047 1302 illi
1063 1267 1277 1316 scripserit
1293 1267 1447 1304 iterum
1463 1272 1505 1306 te
1522 1281 1546 1305 a
1564 1269 1666 1306 meis
1688 1283 1725 1312 15

95 1318 442 1368 procuratoribus
456 1318 581 1356 isthic
596 1318 855 1368 interpellari
871 1319 922 1357 de
936 1319 1143 1358 soluenda
1156 1321 1307 1359 domus
1321 1335 1438 1359 meae
1452 1324 1664 1372 pensione,

95 1372 249 1422 quibus
277 1372 473 1422 equidem
502 1374 629 1410 tot-ies
656 1374 958 1411 interminatus
986 1387 1078 1412 sum
1106 1388 1158 1413 ne
1187 1375 1289 1425 quid
1317 1389 1341 1413 a
1366 1380 1409 1414 te
1434 1378 1664 1427 exigerent,

94 1439 242 1464 verum
264 1427 400 1465 solum
422 1427 705 1477 intelligerent
727 1433 889 1477 quanta
911 1430 1090 1478 pecunia
1111 1433 1253 1468 tecum
1274 1435 1385 1469 esset
1406 1437 1665 1470 conuentum

94 1481 302 1531 aedesque
319 1481 496 1527 locatae,
514 1482 861 1532 quandoquidem
878 1484 1165 1522 serenissimus
1183 1484 1276 1523 Rex
1294 1484 1410 1524 illam
1427 1488 1664 1536 pecuniam,

94 1548 224 1585 quam
240 1536 343 1574 mihi
364 1536 503 1581 debes,
521 1549 606 1574 non
623 1536 719 1575 vult
739 1550 763 1574 a
784 1541 826 1575 te
844 1542 892 1575 vt
913 1539 1117 1588 accipiam
1139 1539 1213 1577 sed
1229 1543 1279 1577 vt
1300 1540 1379 1578 sibi
1400 1541 1664 1587 ascriberem,
1685 1555 1726 1577 20

95 1603 279 1640 namque
300 1603 421 1629 suam
442 1592 599 1641 regiam
620 1593 889 1630 maiestatem
910 1592 1012 1631 mihi
1040 1606 1129 1631 esse
1156 1594 1368 1632 daturam.
1420 1595 1515 1633 Tuli
1536 1597 1666 1646 igitur

95 1647 160 1693 (vt
174 1645 316 1693 debui)
334 1647 534 1695 egerrime
552 1650 594 1683 te
611 1659 635 1684 a
651 1647 755 1684 meis
773 1647 903 1696 (quod
920 1648 1092 1686 minime
1109 1648 1267 1697 decuit)
1284 1649 1514 1696 molestari,
1532 1664 1665 1700 quum

92 1712 177 1737 non
206 1700 343 1737 solum
375 1700 452 1738 hac
484 1704 525 1738 te
555 1713 656 1738 cura
685 1701 863 1739 liberum
894 1706 937 1739 et
967 1703 1199 1741 immunem
1228 1716 1316 1742 esse
1347 1705 1487 1751 velim,
1517 1718 1665 1744 verum

93 1755 222 1792 etiam
240 1754 318 1792 hoo
335 1755 518 1804 postulo,
536 1759 585 1793 vt
602 1756 635 1792 si
651 1756 744 1804 quis
761 1759 803 1794 te
817 1757 859 1793 in
876 1760 1093 1806 posterum
1110 1758 1294 1808 amplius
1311 1759 1664 1809 interpellauerit,

94 1808 190 1846 huic
210 1821 329 1847 meae
349 1809 555 1859 epistolae
576 1809 701 1847 fidem
718 1811 972 1860 praetendas
989 1816 1032 1849 te
1053 1812 1156 1850 mihi
1176 1826 1348 1862 prorsus
1365 1814 1469 1852 nihil
1486 1814 1638 1853 debere
1655 1830 1663 1862 3
1685 1828 1725 1858 25

93 1867 265 1901 tantum
287 1876 386 1902 sane
407 1864 541 1909 abest,
564 1868 612 1902 vt
640 1877 665 1902 a
692 1869 734 1902 te
758 1865 920 1915 aliquid
947 1870 1090 1916 petam
1115 1872 1192 1905 aut
1217 1868 1304 1906 vlla
1328 1870 1496 1907 ratione
1523 1873 1664 1907 extor-

94 1930 221 1967 quere
235 1917 374 1964 velim,
390 1920 522 1968 magis
537 1919 663 1957 velim
680 1919 876 1958 fortunas
892 1925 1007 1958 me'as
1020 1934 1166 1960 omnes
1180 1922 1259 1960 tibi
1276 1923 1440 1961 dicatas
1457 1937 1558 1969 esse,
1574 1924 1663 1962 vbi-

93 1985 259 2022 eunque
280 1973 359 2010 tibi
380 1974 475 2010 vsui
495 1986 583 2011 esse
606 1975 781 2023 possint.
842 1974 1034 2025 Denique
1062 1977 1119 2014 sie
1140 1976 1220 2014 tibi
1246 1978 1503 2027 persuadeas
1524 1979 1663 2025 velim,

93 2027 196 2064 mihi
217 2027 321 2065 nihil
342 2028 570 2077 quicquam
591 2030 724 2078 magis
745 2029 788 2066 in
804 2031 916 2067 votis
937 2042 1026 2068 esse
1048 2043 1176 2080 quam
1198 2031 1249 2069 de
1271 2036 1313 2070 te
1334 2034 1494 2082 optime
1515 2035 1664 2072 mereri

93 2082 410 2132 commodisque
431 2083 528 2128 tuis,
551 2095 803 2133 quocunque
824 2084 967 2122 studio
988 2097 1172 2134 possum,
1195 2087 1409 2125 inseruire.
1471 2088 1585 2126 Vale.
1684 2099 1725 2129 30

148 2136 261 2174 Data
282 2136 500 2186 Augustae
522 2137 835 2176 Vindelicorum
859 2149 880 2187 5
903 2139 966 2177 Id.
990 2140 1075 2177 Mai
1096 2140 1220 2179 Anno
1241 2140 1399 2179 Salutis
1423 2152 1539 2191 1533.

916 2194 1033 2232 Tuus
1054 2207 1105 2232 ex
1128 2197 1269 2240 animo
1291 2196 1428 2234 bonus
1449 2198 1610 2235 amicus

980 2249 1161 2287 Ioannes
1182 2250 1313 2289 Lo'ble
1335 2264 1374 2301 p.
1393 2264 1447 2289 m.
1464 2265 1503 2302 p.
1522 2265 1552 2290 s.

148 2315 390 2355 Clarissimo
416 2321 546 2367 atque
574 2318 819 2356 doctissimo
845 2318 884 2357 S.
915 2319 1168 2370 Theologiae
1196 2321 1384 2368 Doctori,
1407 2322 1457 2360 D.
1487 2323 1665 2361 Erasmo

94 2369 398 2417 Roterodamo,
420 2372 568 2410 Amico
589 2385 664 2411 suo
685 2373 872 2412 colendo.
924 2374 1155 2414 Fmssvssm.
1684 2394 1724 2424 35

358 2530 487 2568 2809.
552 2528 619 2569 To
641 2529 772 2569 JOHN
797 2528 993 2571 GEORGE
1015 2529 1394 2572 PAUNGARTNER.

143 2605 203 2638 De
222 2605 538 2650 Praeparatione
556 2618 595 2651 p.
620 2618 700 2651 143.
1365 2612 1571 2655 Freiburg.

142 2654 192 2687 N.
213 2665 250 2698 p.
276 2656 390 2699 1084:
420 2656 545 2689 Lond.
567 2657 690 2690 xxvii.
714 2658 779 2691 18:
808 2658 891 2691 LB.
917 2668 1021 2703 1249.
1326 2671 1367 2694 12
1390 2661 1485 2705 May
1508 2671 1613 2704 1533.

138 2715 229 2752 [The
246 2715 333 2746 date
355 2717 385 2746 is
407 2717 607 2748 confirmed
628 2718 677 2758 by
695 2719 758 2749 the
779 2719 961 2750 reference
984 2724 1023 2751 to
1045 2721 1108 2751 the
1129 2721 1340 2752 dedication
1365 2723 1402 2752 of
1427 2723 1491 2753 the
1517 2723 1663 2762 Aliquot

94 2758 274 2790 Homiliae
291 2760 532 2799 Chrysostomi
549 2766 589 2792 to
606 2762 706 2792 John
724 2762 979 2803 Paungartner
997 2764 1080 2804 (Ep.
1102 2766 1229 2805 2774).]

285 2829 378 2856 DES.
404 2830 524 2858 ΕΒΔΞ.
548 2831 643 2858 ROT.
668 2832 825 2859 IOANNI
846 2833 1040 2861 GEORGIO
1062 2835 1418 2862 PAVNGARTNERO
1441 2836 1472 2862 S.

148 2882 192 2920 SI
227 2883 381 2921 librum
417 2898 542 2934 quem
578 2887 689 2935 patri
724 2887 863 2925 dicaui
894 2888 1036 2926 videre
1067 2891 1196 2939 cupis,
1228 2890 1294 2927 fac
1325 2902 1376 2926 ex
1408 2891 1497 2939 ipso
1529 2894 1660 2939 petas.

94 2936 204 2975 Nam
230 2937 295 2976 hic
323 2938 465 2978 nullus
493 2942 687 2987 occurrit,
710 2943 782 2993 qui
810 2942 1008 2994 dignetur
1035 2944 1289 2982 sarcinulam
1317 2946 1540 2995 suscipere.
1601 2945 1662 2983 De
