1966 3379
244 108 322 145 376
698 107 957 147 LETTERS
988 108 1059 147 OF
1089 108 1357 147 ERASMUS
1689 111 1812 160 [1534

243 211 571 261 deportandum.
632 212 883 262 Arguerent,
907 213 1057 262 inquis,
1081 216 1124 250 te
1146 213 1474 251 inconstanciae.
1535 212 1708 251 Vtinam
1735 213 1812 251 hoc

242 268 400 304 crimen
423 267 465 304 in
487 280 554 304 me
576 267 753 304 hereret.

185 339 222 368 15
299 321 487 359 Marchio
508 322 611 359 nihil
634 322 759 359 faciet
784 321 982 367 Hillenio,
1000 321 1120 359 fauet
1142 322 1356 371 funigeriS.
1409 322 1463 359 Et
1487 323 1568 359 iam
1593 322 1813 360 volumina

242 375 449 413 distracta
471 381 583 413 sunt.
626 376 877 425 Quanquam
902 376 971 413 ille
993 376 1175 413 stolidus
1197 376 1303 413 liber
1326 376 1431 414 haut
1452 376 1637 414 multum
1659 377 1814 415 officiet

242 442 335 467 meo
358 432 528 468 nomini.
589 431 669 468 Hic
696 432 826 468 timeo
849 432 1045 479 grauiora
1074 444 1097 468 a
1124 436 1336 468 sect-arum
1365 431 1617 476 fautoribus,
1641 432 1713 480 qui
1735 432 1813 469 sibi

242 485 503 534 persuadent
534 485 759 523 Erasmum
792 487 833 522 in
864 498 982 523 mora
1012 498 1114 529 esse,
1147 497 1232 534 quo
1262 486 1401 522 minus
1433 487 1603 535 impune
1635 490 1814 535 regnent

242 539 410 588 vbique.
472 540 654 577 Lutcrus
679 541 819 577 emisit
848 540 1074 589 epistolam
1103 540 1353 589 simpliciter
1374 540 1577 577 furiosam
1601 553 1675 578 nec
1698 540 1813 578 aliud

182 611 222 632 20
242 595 476 643 spirantem
499 607 627 643 quam
651 595 794 631 odium
819 594 1095 644 parricidiale.
1158 594 1218 631 De
1245 599 1320 632 tuo
1349 595 1389 631 in
1413 608 1478 632 me
1501 595 1656 640 studio,
1681 594 1813 632 Olahe

241 648 498 693 charissime,
530 649 721 698 profecto
752 661 981 686 memorem
1013 662 1171 693 moneS,
1204 662 1279 686 nec
1310 662 1403 686 sum
1435 650 1605 699 ignarus
1635 654 1741 698 quot
1771 654 1815 686 et

242 704 414 751 quantis
437 704 681 741 nominibus
698 703 777 740 tibi
794 703 984 741 debeam.
1038 703 1087 740 Id
1106 704 1271 740 vtinam
1290 704 1425 741 officio
1442 705 1642 753 quopiam
1662 705 1812 752 insigni

242 769 395 806 queam
418 758 645 795 declarare
696 758 877 795 Gratum
900 763 965 795 est
987 757 1100 807 quod
1117 758 1264 795 scribis
1286 758 1337 795 de
1355 758 1528 803 Leuino,
1552 758 1624 795 sed
1646 759 1812 795 vtinam

242 811 310 850 ille
331 812 402 852 τὰς
421 817 557 861 χεῖρας
578 812 804 860 ποτιφέρων
826 812 1043 849 fortunam
1068 813 1299 850 inuocaret.
1359 812 1576 862 Significat
1599 817 1640 850 te
1663 825 1812 862 parare

181 884 220 915 25
241 867 426 904 reditum
448 868 490 904 in
519 867 794 915 Hungariam,
818 867 931 916 quod
957 872 1004 904 vt
1033 867 1111 904 tibi
1138 879 1311 916 praecor
1339 880 1467 916 quam
1496 867 1813 905 foelicissimum

240 934 328 958 esse
345 936 351 966 ;
382 922 443 959 ita-
459 921 562 958 mihi
578 922 772 959 futurum
790 927 853 959 est
872 922 1188 959 incommodum
1206 922 1294 959 siue
1312 922 1449 967 redeo,
1467 923 1554 959 siue
1572 935 1656 960 non
1674 922 1811 960 redeo.

246 975 376 1025 Τηλοῦ
395 976 504 1024 φίλοι
529 975 705 1016 ναίοντες
733 976 804 1013 οὐκ
830 975 927 1013 εἰσὶν
951 976 1072 1024 φίλοι.
1133 975 1228 1022 ΟΓΟ,
1252 985 1301 1014 Vt
1321 977 1436 1027 apud
1460 976 1510 1014 R.
1535 977 1585 1014 D.
1608 977 1811 1026 archiepi-

241 1043 416 1080 scopum
440 1031 793 1068 Panormitanum
821 1031 875 1068 sis
901 1031 1006 1068 mihi
1026 1031 1231 1081 epistolae
1254 1032 1357 1076 vice,
1380 1032 1502 1080 eique
1527 1044 1621 1069 mco
1644 1033 1813 1069 nomine

240 1086 399 1134 gratias
421 1098 520 1135 agas
541 1090 596 1130 et,
620 1086 653 1122 si
675 1086 945 1123 commodum
967 1085 1196 1131 videbitur,
1221 1086 1296 1123 has
1318 1086 1376 1123 illi
1406 1086 1573 1124 litteras
1598 1086 1811 1124 exhibeas.

180 1157 222 1187 30
243 1139 321 1176 Vix
353 1140 465 1177 enim
498 1140 598 1177 haec
629 1141 751 1190 potui
782 1140 963 1178 scribere
994 1153 1094 1190 prae
1125 1141 1328 1178 cruciatu.
1388 1140 1520 1178 Crede
1552 1140 1654 1178 mihi
1686 1140 1812 1178 nullis

241 1194 526 1232 hortamentis
548 1207 654 1244 opus
675 1200 739 1233 est
761 1195 814 1232 ad
837 1195 1034 1232 reditum.
1088 1195 1185 1233 Non
1206 1195 1331 1233 deero
1354 1197 1576 1233 occasioni.
1628 1195 1811 1233 Serenis-

241 1249 370 1286 simae
394 1249 580 1298 Reginae
603 1262 777 1299 praecor
803 1251 946 1287 omnia
973 1249 1096 1287 laeta.
1158 1250 1264 1287 Duci
1287 1250 1454 1288 Arscoti
1477 1250 1660 1288 salutem
1683 1250 1811 1300 pluri-

241 1315 366 1340 mam.
427 1303 599 1341 Danum
622 1305 725 1341 meis
747 1304 886 1341 verbis
909 1304 1072 1342 saluere
1094 1304 1203 1342 iube.
1260 1305 1459 1342 Fortasse
1482 1306 1724 1355 suspicatur
1745 1317 1811 1342 me

241 1358 411 1403 iratum,
434 1358 549 1407 quod
570 1371 655 1396 non
676 1358 870 1396 scribam.
931 1359 1105 1396 Morbus
1126 1360 1169 1396 in
1191 1372 1317 1397 causa
1339 1364 1416 1405 est,
1439 1372 1525 1397 non
1547 1360 1726 1398 animus.

180 1429 220 1459 35
297 1412 399 1450 Vale
420 1412 617 1463 Friburgi
639 1424 688 1451 22
713 1413 779 1451 die
801 1413 934 1464 April:
962 1424 1078 1463 1534.

882 1539 996 1567 LEGE
1018 1540 1161 1567 SOLVS.

295 1591 388 1630 Scio
405 1593 507 1642 quid
524 1597 704 1631 venetur
722 1594 873 1632 Petrus
891 1594 1181 1640 Montfortius‚
1200 1607 1275 1632 nec
1292 1594 1351 1632 illi
1368 1595 1539 1633 inuideo
1556 1607 1810 1633 successum.

241 1647 335 1684 Mea
356 1660 484 1685 causa
511 1661 595 1685 non
619 1653 683 1686 est
709 1649 824 1698 quod
849 1649 910 1686 illi
933 1649 1080 1687 faueat
1106 1651 1344 1699 quisquam.
1405 1649 1523 1687 Nulli
1548 1651 1709 1687 amicus
1731 1655 1809 1696 est,

241 1702 321 1739 nisi
342 1702 420 1739 sibi
442 1703 532 1752 ipsi.
578 1703 682 1741 Mihi
703 1708 816 1741 certe
838 1705 999 1741 amicus
1019 1717 1105 1742 non
1127 1710 1203 1742 est.
1252 1705 1330 1742 Est
1351 1717 1504 1754 magno
1526 1709 1811 1755 promptoque

179 1771 221 1802 40
241 1757 420 1805 ingenio,
443 1757 515 1794 sed
537 1757 672 1803 vafro,
695 1771 819 1803 vano,
842 1758 1037 1796 fastuoso
1057 1764 1099 1796 et
1122 1759 1305 1797 sordido.
1366 1759 1478 1797 Caue
1500 1760 1728 1808 quicquam
1750 1759 1812 1797 illi

240 1811 398 1848 credas.
459 1812 702 1861 Extorquet
727 1813 913 1862 vndique
938 1813 1342 1851 commendationes.
1402 1813 1567 1851 Ambiit
1595 1818 1644 1851 vt
1669 1814 1722 1851 ad
1744 1827 1810 1852 me

240 1865 445 1915 perferret
474 1879 630 1904 m-unus
661 1867 949 1913 honorarium,
982 1869 1096 1917 quod
1124 1881 1196 1905 sex
1226 1868 1483 1906 Hollandiae
1514 1869 1711 1906 ciuitates
1742 1868 1810 1906 de-

240 1925 475 1957 creuerant.
536 1921 706 1959 Decreti
739 1926 864 1960 erant
896 1922 1043 1960 floreni
1072 1922 1236 1960 Carolei
1265 1924 1457 1960 trecenti.
1518 1923 1596 1960 Ille
1632 1923 1811 1972 pertulit

239 1974 459 2020 ducentos,
496 1975 569 2012 sed
608 1976 749 2014 verbis
784 1977 1027 2015 dumtaxat.
1089 1977 1155 2015 Me
1191 1982 1284 2015 tum
1319 1978 1507 2027 grauiter
1542 1977 1810 2016 laborantem

178 2043 219 2074 45
240 2029 430 2078 vrgebat,
453 2042 585 2079 Vsque
607 2031 661 2068 ad
684 2032 798 2069 vitae
820 2032 1022 2077 taedium,
1046 2037 1095 2070 vt
1115 2032 1341 2070 scriberem
1359 2032 1504 2082 longas
1521 2045 1569 2070 ac
1586 2032 1810 2070 mendaces

239 2083 294 2120 ad
315 2083 549 2130 Caesarem,
568 2085 623 2122 ad
639 2084 1041 2124 Commendatorem
1062 2087 1165 2124 mihi
1183 2088 1389 2136 ignotum,
1407 2087 1462 2124 ad
1479 2087 1809 2125 Thesaurarium

239 2137 508 2184 Hollandiae‚
531 2144 575 2177 et
596 2140 650 2177 ad
672 2140 789 2178 alios.
850 2141 1093 2179 Maluissem
1115 2143 1153 2179 ei
1174 2154 1398 2179 numerare
1424 2142 1581 2179 bonam
1606 2143 1810 2191 pecuniae

239 2205 449 2230 summam
471 2206 599 2243 quam
621 2207 670 2232 eo
692 2195 836 2233 labore
858 2197 1045 2234 cruciare
1068 2196 1371 2234 valetudinem.
1432 2196 1588 2234 Pastus
1609 2201 1673 2233 est
1695 2196 1810 2234 domi

238 2259 355 2285 meae
372 2260 468 2285 cum
486 2261 562 2286 suo
576 2249 736 2299 collega
750 2250 838 2288 dies
855 2251 1032 2300 aliquot.
1074 2251 1161 2288 Nec
1177 2252 1262 2300 egit
1278 2251 1450 2300 gratias.
1493 2251 1572 2288 Per
1589 2250 1810 2296 Quirinum

178 2315 220 2344 50
238 2314 379 2339 meum
419 2315 504 2340 non
544 2303 743 2353 dignatus
778 2310 843 2342 est
879 2307 962 2343 tria
1001 2306 1133 2343 verba
1172 2306 1365 2343 scribere.
1425 2305 1554 2350 Haec,
1596 2306 1654 2342 mi
1693 2305 1808 2351 Olae,

238 2357 431 2406 oportuit
453 2360 495 2394 te
517 2359 631 2395 scire.
692 2359 1058 2398 Dissimulandum
1084 2364 1243 2398 tamen.
1303 2360 1645 2409 Loquacissimus
1665 2364 1742 2405 est,
1765 2364 1809 2398 et

238 2415 381 2460 posset
402 2411 564 2457 ledere;
597 2413 711 2462 quod
733 2415 867 2452 cuiuis
888 2414 1138 2452 facillimum
1161 2419 1236 2452 est.
1297 2414 1412 2452 Vale.

285 2493 440 2568 isquE:
469 2498 651 2525 sectorum
669 2495 751 2526 MS.
859 2507 911 2536 33.
937 2497 1018 2528 OE:
1046 2498 1160 2529 Danis
1177 2496 1259 2528 MS.
1373 2507 1426 2537 49.
1452 2507 1555 2528 meae
1572 2497 1808 2537 scripsimus:

238 2546 309 2567 mel
325 2555 338 2566 A
350 2549 353 2555 ⁸
403 2561 409 2567 .

285 2622 333 2652 15.
361 2613 536 2652 Marchio]
555 2614 602 2645 Of
620 2615 819 2656 Antwerp;
845 2626 903 2647 see
917 2617 986 2657 Ep.
1100 2619 1154 2656 46.
1180 2616 1536 2655 Commendatorern]
1569 2617 1635 2647 We
1663 2616 1710 2647 do
1742 2621 1809 2648 not

239 2666 334 2694 2912.
355 2666 433 2696 34n.
1057 2660 1164 2691 know
1182 2661 1263 2691 who
1281 2661 1356 2691 this
1374 2670 1459 2691 was.

327 2701 502 2738 Hillenio]
535 2701 681 2732 Printer
712 2702 750 2732 of
785 2703 988 2735 Herborn's
1099 2706 1196 2743 46—7.
1223 2705 1507 2735 Thesaurarium
1572 2704 1807 2742 Hollandiae]

239 2744 347 2777 book,
360 2754 418 2774 see
432 2744 530 2784 Epp.
545 2746 642 2782 2896.
660 2755 737 2778 12n.
754 2748 849 2784 2899.
862 2757 986 2784 9-1on.
1056 2747 1214 2778 Vincent
1231 2748 1430 2783 Cornelius,
1446 2753 1485 2778 to
1498 2748 1617 2778 whom
1632 2748 1808 2779 Erasmus

283 2797 335 2826 27.
364 2786 484 2827 Τηλοῦ]
502 2788 567 2819 See
585 2789 698 2827 Adaq.
721 2791 813 2820 1286.
1056 2796 1171 2822 wrote
1189 2792 1286 2832 Epp.
1305 2792 1401 2829 2819,
1421 2801 1517 2830 2923.

284 2841 335 2870 33.
362 2832 524 2870 Danum]
562 2832 689 2863 James
727 2833 882 2873 Jaspar;
929 2845 987 2865 see
1101 2845 1154 2874 49.
1181 2835 1389 2873 Quirinum]
1433 2835 1586 2875 Hagius,
1630 2835 1712 2865 who
1754 2845 1806 2865 re-

238 2875 308 2915 Ep.
329 2884 413 2913 2570
430 2875 566 2906 introd.
1056 2878 1191 2909 turned
1219 2879 1313 2909 from
1342 2879 1398 2909 his
1425 2879 1558 2909 second
1589 2879 1743 2919 journey
1767 2883 1807 2909 to

239 2966 253 2993 t
282 2927 333 2992 35.
361 2919 615 2957 Montfortius]
641 2919 705 2950 See
730 2920 799 2961 Ep.
828 2922 912 2960 2389
935 2922 986 2952 in·
1055 2922 1227 2963 England
1244 2923 1281 2953 in
1299 2922 1363 2954 the
1381 2932 1541 2953 summer
1558 2923 1595 2953 of
1610 2931 1702 2961 1533.

259 2972 297 2993 ro
330 2987 335 2992 .
