1966 3379
216 123 294 159 284
646 121 904 159 LETTERS
936 121 1006 159 OF
1038 121 1304 160 ERASML‘S
1667 125 1789 171 [1533

215 226 344 277 paulo
371 226 595 264 lautiorem
624 227 869 276 praebeant,
893 228 1031 276 reipsa
1052 227 1358 275 gratitudinem
1385 240 1484 275 erga
1506 232 1548 264 te
1571 240 1708 264 meam
1732 229 1788 264 sic

216 281 453 325 declarabo,
477 294 562 330 quo
585 286 627 318 te
651 282 775 318 huius
798 283 839 318 in
862 295 927 318 me
952 282 1253 318 beneticentiae
1276 282 1448 318 minime
1471 283 1703 331 poeniteat.

271 336 512 383 Significaui
550 336 628 373 tibi
663 340 791 373 antea
826 350 877 373 ex
913 337 1146 373 amicorum
1184 336 1367 373 consiliis
1407 349 1558 385 cupere
1600 349 1665 373 nie
1705 337 1788 374 alio

216 391 357 428 studia
382 402 475 428 mea?
495 390 675 435 flectere,
697 395 740 428 et
762 391 994 440 aliquando
1016 391 1069 427 ad
1093 404 1266 440 scopum
1287 392 1460 440 propius
1477 391 1665 439 dirigere.
1708 391 1788 437 Qui

159 460 195 489 15
215 446 336 483 nobis
358 458 463 494 pene
485 446 682 483 omnibus
705 447 738 482 is
763 450 839 490 est,
863 451 911 483 vt
940 447 980 482 in
1009 445 1101 482 soro
1125 445 1189 482 vel
1219 445 1435 494 republica
1457 459 1578 482 vsum
1601 445 1786 495 aliquem

215 500 462 550 disciplinae
484 506 655 538 nostrae
676 500 967 537 exhibeamus,
1028 500 1128 537 lura
1155 501 1266 537 enim
1293 500 1434 537 ciuilia
1456 505 1686 549 vteunque,
1710 500 1788 537 hoe

215 559 292 599 est,
326 559 537 604 quantum
578 556 790 592 nostrat-ia
824 555 916 592 fora
953 555 1185 604 requirant,
1222 567 1351 604 prope
1388 555 1526 592 didici.
1588 556 1644 592 Et
1685 555 1787 593 haec

217 609 367 647 ltalica
387 611 638 647 exercitatio
659 623 743 647 non
766 623 916 659 parum
940 622 1005 646 me
1028 610 1150 655 iuuit,
1174 610 1452 658 tuebiturque
1478 610 1683 647 aduersus
1703 623 1786 655 eos,

215 665 288 713 qui
310 664 530 702 literarum
555 665 761 702 bonarum
784 665 998 702 studiosos
1021 665 1259 714 imperitiae
1282 665 1321 701 in
1342 664 1504 713 legibus
1522 664 1786 709 insimulant,

157 734 195 754 20
217 719 526 768 vulgatumque
548 719 670 757 nobis
691 719 969 756 Grammatici
991 720 1229 756 conuitium
1253 719 1472 756 obiiciunt.

269 773 451 811 Graecas
484 775 777 811 institutiones
819 774 927 811 luris
963 773 1109 810 Ciuilis
1151 774 1413 823 Hieronymo
1451 773 1659 811 Frobenio
1695 775 1787 811 misi

213 829 496 866 excudendas
558 829 784 866 Praefatus
806 842 899 866 sum
921 829 963 865 in
985 842 1055 866 eas
1077 828 1205 878 paulo
1228 829 1446 878 prolixius,
1469 842 1554 878 quo
1575 829 1788 866 studiosos

214 883 268 921 ad
300 884 543 933 indaganda
577 883 836 921 Graecorum
872 884 1180 921 commentaria
1215 884 1470 920 excitarem:
1514 888 1556 920 et
1592 883 1786 921 futurum

215 938 380 976 facilius
402 951 525 988 spero
542 943 602 984 vt,
626 939 659 975 si
681 943 851 976 nostrae
873 942 1014 975 sectae
1032 938 1223 975 homines
1238 938 1406 987 linguae
1423 951 1597 987 graecae
1615 951 1786 988 operam

156 1007 193 1036 25
215 993 315 1030 dare
346 994 576 1043 coeperint,
609 993 787 1031 latinam
819 1005 988 1042 quoque
1020 993 1266 1041 diligentius
1300 993 1512 1030 excolant.
1574 992 1639 1030 Ad
1676 1006 1785 1030 com-

214 1048 450 1097 parandam
481 1052 626 1086 autem
660 1049 775 1098 operi
807 1048 903 1085 huic
935 1047 1260 1093 authoritatem,
1283 1053 1327 1085 et
1357 1047 1461 1085 alias
1492 1047 1699 1096 quasdam
1733 1048 1787 1085 ob

213 1115 374 1147 causas„
397 1102 604 1140 suadente
627 1103 886 1152 iubenteque
910 1103 1073 1140 Mathia
1092 1102 1239 1148 Heldt,
1260 1102 1600 1152 procancellario,
1618 1102 1787 1140 Caesari

213 1159 471 1207 nuncupaui.
532 1158 588 1195 Et
604 1163 651 1195 vt
667 1158 768 1195 mihi
788 1158 865 1195 hoc
882 1157 992 1195 bona
1010 1157 1158 1195 Bembi
1174 1159 1298 1195 venia
1315 1157 1460 1195 liceret
1478 1157 1786 1207 praefationem

213 1213 291 1262 ipsi
312 1212 498 1255 exhibui,
521 1214 562 1249 in
584 1226 669 1262 qua
690 1225 765 1263 pro
787 1217 913 1250 tanto
934 1225 1107 1250 munere
1130 1212 1404 1250 honorificam
1422 1213 1510 1249 eius
1528 1213 1785 1250 mentionem

151 1281 193 1310 30
213 1268 381 1305 inserui.
443 1267 535 1313 Qua
555 1269 687 1305 etiam
709 1271 788 1304 τῶν
816 1271 966 1317 νεαρῶν
989 1267 1385 1305 emendatissimum
1407 1267 1788 1317 plenissimumque

212 1322 431 1372 exemplar
460 1322 514 1360 ab
544 1335 594 1360 eo
622 1323 874 1372 impetrauit
911 1335 1093 1371 quarum
1125 1321 1284 1360 aeditio
1310 1334 1459 1359 reuera
1486 1322 1787 1371 Nurenbergae

212 1381 278 1414 est·
309 1378 604 1427 praecipitata.
665 1376 796 1427 Spero
826 1390 892 1414 me
924 1377 1045 1414 bonis
1075 1378 1274 1427 auspiciis
1306 1377 1636 1414 Institutionum
1668 1390 1786 1426 opus,

213 1433 296 1468 iam
323 1432 423 1469 olim
451 1432 506 1469 ab
535 1432 737 1469 studiosis
765 1432 1068 1477 desideratum,
1096 1433 1364 1470 emissurum.
1426 1431 1536 1469 Nam
1568 1437 1644 1469 tua
1675 1444 1785 1469 com-

212 1486 431 1524 mendatio
453 1487 550 1532 iam,
574 1491 622 1524 vt
647 1488 797 1532 sentio,
819 1488 1162 1537 expectationem
1191 1487 1379 1536 aliquam
1409 1486 1460 1523 de
1489 1499 1554 1524 me
1582 1486 1696 1532 fecit,
1719 1487 1786 1524 cui

152 1554 192 1584 35
212 1542 293 1578 etsi
314 1554 399 1578 non
420 1542 556 1591 primo
579 1543 728 1579 statim
746 1542 878 1587 foetu,
900 1554 1035 1591 eoque
1058 1542 1208 1587 alieno,
1232 1541 1501 1579 satisfecero:
1535 1546 1680 1579 tamen
1702 1554 1786 1590 quo

212 1595 444 1645 aliquando
466 1596 518 1634 de
540 1609 634 1634 meo
655 1610 766 1646 penu
789 1609 874 1634 non
896 1598 1070 1634 omnino
1091 1597 1176 1634 tuis
1198 1596 1249 1633 (le
1272 1609 1337 1634 me
1360 1597 1595 1646 praeconiis
1613 1596 1787 1646 indigna

212 1650 459 1700 depromere
482 1651 584 1688 mihi
606 1651 744 1697 liceat,
767 1664 844 1701 pro
865 1651 1028 1689 viribus
1049 1652 1247 1689 conabor.

269 1705 423 1743 Verum
446 1719 557 1743 nunc
586 1706 896 1756 aliquantisper
925 1706 1170 1744 Aristotelis
1198 1706 1338 1744 adhuc
1368 1719 1521 1756 sequar
1549 1706 1785 1751 consilium,

213 1761 286 1809 qui
322 1761 460 1798 virum
500 1774 677 1810 egenum
719 1761 872 1799 suadet
913 1762 1046 1811 magis
1085 1761 1260 1799 diuitias
1300 1774 1429 1810 quam
1467 1760 1786 1810 Philosophiam

152 1829 193 1859 40
213 1816 378 1852 sectari.
436 1815 497 1853 ‘At
518 1816 591 1853 vbi
612 1816 866 1853 mediocrem
890 1815 1123 1861 fortunam,
1147 1820 1277 1865 atque
1300 1829 1394 1853 eam
1417 1829 1525 1865 quae
1543 1815 1785 1853 studiorum

213 1871 345 1919 quieti
376 1874 420 1908 et
451 1871 676 1920 impendiis
707 1872 902 1915 sufficiat,
926 1883 1141 1921 peperero.
1164 1872 1408 1908 intermissa
1439 1871 1613 1908 omnino
1643 1870 1786 1907 studia

213 1928 401 1975 repetere
423 1925 603 1963 decreui.
665 1926 890 1975 Exponam
913 1930 1059 1963 autem
1082 1925 1160 1963 tibi
1179 1927 1371 1975 apertius
1387 1925 1611 1963 consilium
1630 1938 1784 1970 meum,

213 1980 328 2028 quod
360 1984 401 2018 te
432 1985 476 2018 et
506 1980 614 2018 velle
643 1984 687 2017 et
718 1993 839 2030 posse
870 1993 954 2018 non
990 1980 1144 2018 leuiter
1173 1993 1438 2030 promouere,
1476 1981 1572 2018 scio.
1635 1979 1786 2017 Habeo

212 2047 389 2084 magnos
410 2039 454 2072 et
475 2039 672 2085 potentes
694 2040 899 2085 patronos
922 2036 963 2073 in
986 2034 1225 2073 Germania.
1269 2035 1326 2072 Hi
1348 2048 1494 2073 omnes
1517 2034 1713 2079 suadent,
1737 2038 1786 2072 vt

151 2103 192 2133 45
213 2102 279 2126 me
319 2088 483 2139 Spiram
520 2090 750 2135 conferam,
786 2091 1133 2140 promittuntque
1169 2095 1229 2135 vt,
1267 2103 1363 2127 cum
1400 2090 1483 2127 illic
1519 2089 1783 2139 aliquamdiu

213 2143 477 2189 habitauero,
501 2145 680 2182 honesta
711 2145 856 2194 aliqua
887 2145 1075 2183 conditio
1106 2145 1335 2183 deferatur.
1398 2145 1455 2182 Et
1485 2144 1540 2182 ad
1571 2157 1663 2182 eam
1696 2157 1784 2181 rem

211 2199 451 2237 adiutorem
483 2212 653 2249 quoque
685 2213 726 2237 se
757 2199 873 2250 apud
903 2199 1125 2238 Caesarem
1157 2199 1261 2237 mihi
1291 2199 1487 2237 futurum
1519 2199 1570 2236 D.
1598 2199 1785 2236 Mathias

212 2253 428 2302 pollicitus
467 2259 544 2292 est.
605 2254 781 2292 Talibus
821 2254 994 2304 quidem
1035 2255 1290 2292 authoribus
1326 2254 1524 2292 lubenter
1560 2254 1783 2303 obsequar.

213 2307 366 2357 ltaque
388 2309 466 2346 sub
489 2309 686 2358 hyemem
708 2310 893 2359 patriam
916 2310 1097 2347 reuisere
1115 2309 1295 2355 decreui,
1314 2309 1395 2347 illic
1413 2322 1479 2346 me
1497 2309 1655 2346 viatico
1672 2321 1783 2346 com-

151 2376 193 2406 50
213 2364 470 2409 muniturus,
493 2369 542 2401 vt
563 2363 709 2414 Spirae
731 2377 797 2402 me
819 2368 1070 2410 sustentem,
1093 2364 1236 2413 quoad
1253 2365 1417 2402 occasio
1434 2363 1672 2413 exequendi
1690 2376 1782 2413 pro-

212 2418 329 2455 missi
358 2420 551 2468 patronis
583 2419 730 2456 oblat-a
761 2419 902 2456 fuerit.
964 2419 1052 2457 Nec
1080 2432 1129 2456 ea
1154 2432 1272 2457 mora
1294 2420 1436 2469 grauis
1458 2419 1562 2456 mihi
1583 2419 1676 2463 erit,
1699 2430 1784 2467 qua

212 2473 375 2510 interea
396 2473 564 2522 linguae
587 2478 630 2511 et
651 2474 832 2511 forensis
854 2474 1034 2511 actionis
1052 2487 1176 2512 vsum
1198 2474 1383 2523 aliquem
1406 2486 1663 2523 comparem,
1682 2477 1725 2510 et
1742 2473 1783 2509 in

211 2526 520 2565 aduocatorum
557 2529 767 2566 subselliis
798 2530 914 2578 prius
950 2529 1133 2574 sedeam,
1166 2529 1404 2578 legitimum
1435 2529 1568 2578 magis
1603 2527 1783 2577 gradum

212 2581 320 2627 inde,
344 2582 434 2620 Deo
455 2583 639 2628 volente,
661 2583 715 2620 ad
737 2583 891 2621 altiora
916 2583 1122 2621 facturus.

152 2649 192 2679 55
268 2635 384 2674 Vnus
406 2637 508 2674 mihi
531 2638 757 2687 scrupulus
774 2642 852 2683 est,
870 2650 996 2687 quem
1013 2639 1044 2675 si
1064 2638 1213 2676 tollere
1231 2642 1393 2688 potero,
1409 2637 1602 2675 foelicem
1621 2649 1781 2674 succes-

212 2703 305 2728 sum
347 2704 480 2741 spero.
541 2692 692 2730 Habeo
727 2692 892 2741 aliquot·
926 2706 1011 2730 non
1044 2693 1241 2743 vulgares
1276 2693 1434 2730 amicos
1474 2693 1516 2729 in
1556 2691 1783 2729 Germania

683 2779 735 2807 52.
761 2779 835 2810 qua
851 2770 1086 2809 scripsimus:
1112 2780 1186 2810 quo
1205 2769 1310 2800 VZE.

256 2866 306 2886 21.
332 2856 602 2894 institutiones]
615 2857 679 2887 See
691 2857 760 2897 Ep.
775 2866 959 2897 2791.59n.
1029 2858 1200 2898 together
1239 2857 1329 2888 with
1369 2857 1433 2887 the
1472 2867 1572 2887 same
1615 2855 1783 2887 author's

255 2909 306 2940 27.
333 2900 463 2937 Heldt]
481 2900 546 2931 See
564 2901 633 2940 Ep.
654 2903 748 2940 2767.
769 2911 848 2940 27n.
1028 2902 1169 2932 edition
1194 2901 1231 2932 of
1258 2901 1323 2932 the
1350 2901 1615 2936 Institutiones,
1643 2899 1784 2940 Viglius

255 2953 305 2982 31.
331 2943 483 2981 aeditio]
523 2944 600 2974 The
639 2945 823 2975 reference
856 2946 886 2975 is
921 2949 961 2976 to
1029 2946 1215 2976 mentions
1240 2945 1329 2975 with
1354 2945 1474 2985 praise
1498 2945 1535 2975 in
1556 2944 1612 2974 his
1636 2943 1782 2984 preface

211 2987 454 3018 Haloander's
485 2987 625 3018 edition
651 2989 688 3018 of
720 2997 814 3028 1531,
843 2989 961 3019 which
1030 2994 1068 3019 to
1085 2989 1149 3020 the
1165 2989 1428 3020 Institutiones.
