<?xml version="1.0" encoding="UTF-8"?>
<!DOCTYPE html PUBLIC "-//W3C//DTD XHTML 1.0 Transitional//EN"
    "http://www.w3.org/TR/xhtml1/DTD/xhtml1-transitional.dtd">
<html xmlns="http://www.w3.org/1999/xhtml" xml:lang="en" lang="en">
 <head>
  <title>
</title>
<meta http-equiv="Content-Type" content="text/html;charset=utf-8" />
  <meta name='ocr-system' content='tesseract 3.04.00' />
  <meta name='ocr-capabilities' content='ocr_page ocr_carea ocr_par ocr_line ocrx_word'/>
</head>
<body>
  <div class='ocr_page' id='page_1' title='image "./opusepistolarum10eras_0394.png"; bbox 0 0 1966 3379; ppageno 0'>
   <div class='ocr_carea' id='block_1_1' title="bbox 248 137 1828 194">
    <p class='ocr_par' dir='ltr' id='par_1_1' title="bbox 248 137 1828 194">
     <span class='ocr_line' id='line_1_1' title="bbox 248 137 1828 194; baseline 0.004 -21"><span class='ocrx_word' id='word_1_1' title='bbox 248 137 327 174; x_wconf 83' lang='lat'>358</span> <span class='ocrx_word' id='word_1_2' title='bbox 707 139 966 177; x_wconf 76' lang='lat' dir='ltr'>LETTERS</span> <span class='ocrx_word' id='word_1_3' title='bbox 998 139 1069 178; x_wconf 74' lang='grc'>01</span> <span class='ocrx_word' id='word_1_4' title='bbox 1099 139 1367 179; x_wconf 81' lang='lat' dir='ltr'>ERASMUS</span> <span class='ocrx_word' id='word_1_5' title='bbox 1704 144 1828 194; x_wconf 80' lang='lat'>[1534</span> 
     </span>
    </p>
   </div>
   <div class='ocr_carea' id='block_1_2' title="bbox 186 242 1833 2324">
    <p class='ocr_par' dir='ltr' id='par_1_2' title="bbox 248 242 1829 405">
     <span class='ocr_line' id='line_1_2' title="bbox 305 242 1829 296; baseline 0.004 -17"><span class='ocrx_word' id='word_1_6' title='bbox 305 242 501 292; x_wconf 80' lang='lat' dir='ltr'>Regnum</span> <span class='ocrx_word' id='word_1_7' title='bbox 528 243 907 282; x_wconf 85' lang='lat' dir='ltr'>Franciscanorum</span> <span class='ocrx_word' id='word_1_8' title='bbox 938 244 1059 282; x_wconf 91' lang='lat' dir='ltr'>floret</span> <span class='ocrx_word' id='word_1_9' title='bbox 1086 244 1164 282; x_wconf 90' lang='lat' dir='ltr'>sub</span> <span class='ocrx_word' id='word_1_10' title='bbox 1191 244 1269 282; x_wconf 95' lang='grc'>1100</span> <span class='ocrx_word' id='word_1_11' title='bbox 1298 244 1488 283; x_wconf 80' lang='lat' dir='ltr'>Caesare.</span> <span class='ocrx_word' id='word_1_12' title='bbox 1549 245 1611 283; x_wconf 93' lang='lat' dir='ltr'>De</span> <span class='ocrx_word' id='word_1_13' title='bbox 1637 259 1704 284; x_wconf 90' lang='lat' dir='ltr'>me</span> <span class='ocrx_word' id='word_1_14' title='bbox 1726 247 1829 296; x_wconf 91' lang='lat' dir='ltr'>quid</span> 
     </span>
     <span class='ocr_line' id='line_1_3' title="bbox 249 297 1827 347; baseline 0.003 -13"><span class='ocrx_word' id='word_1_15' title='bbox 249 297 304 334; x_wconf 92' lang='lat' dir='ltr'>sit</span> <span class='ocrx_word' id='word_1_16' title='bbox 334 297 542 343; x_wconf 84' lang='lat' dir='ltr'>futurum,</span> <span class='ocrx_word' id='word_1_17' title='bbox 575 298 784 336; x_wconf 76' lang='lat' dir='ltr'>Dominus</span> <span class='ocrx_word' id='word_1_18' title='bbox 815 299 995 342; x_wconf 83' lang='lat' dir='ltr'>viderit;</span> <span class='ocrx_word' id='word_1_19' title='bbox 1039 299 1143 336; x_wconf 89' lang='lat' dir='ltr'>nihil</span> <span class='ocrx_word' id='word_1_20' title='bbox 1174 300 1285 336; x_wconf 89' lang='lat' dir='ltr'>enim</span> <span class='ocrx_word' id='word_1_21' title='bbox 1318 300 1420 337; x_wconf 89' lang='lat' dir='ltr'>mihi</span> <span class='ocrx_word' id='word_1_22' title='bbox 1451 313 1563 338; x_wconf 87' lang='lat' dir='ltr'>nune</span> <span class='ocrx_word' id='word_1_23' title='bbox 1595 314 1719 339; x_wconf 89' lang='lat' dir='ltr'>curae</span> <span class='ocrx_word' id='word_1_24' title='bbox 1750 307 1827 347; x_wconf 90' lang='lat' dir='ltr'>est,</span> 
     </span>
     <span class='ocr_line' id='line_1_4' title="bbox 248 352 1827 405; baseline 0.004 -17"><span class='ocrx_word' id='word_1_25' title='bbox 248 352 328 388; x_wconf 88' lang='lat' dir='ltr'>nisi</span> <span class='ocrx_word' id='word_1_26' title='bbox 351 357 399 389; x_wconf 86' lang='lat' dir='ltr'>vt</span> <span class='ocrx_word' id='word_1_27' title='bbox 419 365 639 402; x_wconf 76' lang='lat' dir='ltr'>synceram</span> <span class='ocrx_word' id='word_1_28' title='bbox 662 355 965 391; x_wconf 73' lang='lat' dir='ltr'>conscientiam</span> <span class='ocrx_word' id='word_1_29' title='bbox 990 358 1200 403; x_wconf 76' lang='lat' dir='ltr'>praestem</span> <span class='ocrx_word' id='word_1_30' title='bbox 1219 353 1401 400; x_wconf 86' lang='lat' dir='ltr'>Christo,</span> <span class='ocrx_word' id='word_1_31' title='bbox 1419 354 1538 392; x_wconf 88' lang='lat' dir='ltr'>breui</span> <span class='ocrx_word' id='word_1_32' title='bbox 1556 355 1653 393; x_wconf 89' lang='lat' dir='ltr'>hine</span> <span class='ocrx_word' id='word_1_33' title='bbox 1675 357 1827 405; x_wconf 90' lang='lat' dir='ltr'>migra-</span> 
     </span>
    </p>

    <p class='ocr_par' dir='ltr' id='par_1_3' title="bbox 187 407 1830 680">
     <span class='ocr_line' id='line_1_5' title="bbox 187 407 1828 458; baseline 0.004 -17"><span class='ocrx_word' id='word_1_34' title='bbox 187 419 229 449; x_wconf 85' lang='lat'>50</span> <span class='ocrx_word' id='word_1_35' title='bbox 249 410 385 444; x_wconf 89' lang='lat' dir='ltr'>turus.</span> <span class='ocrx_word' id='word_1_36' title='bbox 446 407 623 445; x_wconf 89' lang='lat' dir='ltr'>Bonnae</span> <span class='ocrx_word' id='word_1_37' title='bbox 648 413 713 446; x_wconf 84' lang='lat' dir='ltr'>cst</span> <span class='ocrx_word' id='word_1_38' title='bbox 739 409 913 458; x_wconf 88' lang='lat' dir='ltr'>quidam</span> <span class='ocrx_word' id='word_1_39' title='bbox 944 409 1266 453; x_wconf 86' lang='lat' dir='ltr'>Franciscanus,</span> <span class='ocrx_word' id='word_1_40' title='bbox 1297 410 1466 447; x_wconf 87' lang='lat' dir='ltr'>nomine</span> <span class='ocrx_word' id='word_1_41' title='bbox 1494 409 1585 447; x_wconf 87' lang='lat' dir='ltr'>Nic.</span> <span class='ocrx_word' id='word_1_42' title='bbox 1616 410 1828 457; x_wconf 88' lang='lat' dir='ltr'>Herborn,</span> 
     </span>
     <span class='ocr_line' id='line_1_6' title="bbox 247 461 1828 513; baseline 0.003 -14"><span class='ocrx_word' id='word_1_43' title='bbox 247 461 537 511; x_wconf 81' lang='lat' dir='ltr'>amplissimae</span> <span class='ocrx_word' id='word_1_44' title='bbox 558 463 744 509; x_wconf 79' lang='lat' dir='ltr'>ditionis,</span> <span class='ocrx_word' id='word_1_45' title='bbox 767 465 923 513; x_wconf 86' lang='lat' dir='ltr'>quippe</span> <span class='ocrx_word' id='word_1_46' title='bbox 945 464 1261 501; x_wconf 87' lang='lat' dir='ltr'>commissarius</span> <span class='ocrx_word' id='word_1_47' title='bbox 1281 463 1599 502; x_wconf 86' lang='lat' dir='ltr'>Cismontanus.</span> <span class='ocrx_word' id='word_1_48' title='bbox 1659 465 1700 502; x_wconf 89' lang='lat' dir='ltr'>Is</span> <span class='ocrx_word' id='word_1_49' title='bbox 1722 465 1828 503; x_wconf 89' lang='lat' dir='ltr'>Ant-</span> 
     </span>
     <span class='ocr_line' id='line_1_7' title="bbox 247 517 1829 568; baseline 0.003 -14"><span class='ocrx_word' id='word_1_50' title='bbox 247 517 427 566; x_wconf 82' lang='lat' dir='ltr'>werpiae</span> <span class='ocrx_word' id='word_1_51' title='bbox 460 518 602 555; x_wconf 88' lang='lat' dir='ltr'>emisit</span> <span class='ocrx_word' id='word_1_52' title='bbox 633 518 788 555; x_wconf 89' lang='lat' dir='ltr'>librum</span> <span class='ocrx_word' id='word_1_53' title='bbox 825 518 1075 555; x_wconf 84' lang='lat' dir='ltr'>Sermonum</span> <span class='ocrx_word' id='word_1_54' title='bbox 1112 517 1565 567; x_wconf 86' lang='lat' dir='ltr'>Quadragesimalium‚</span> <span class='ocrx_word' id='word_1_55' title='bbox 1602 521 1722 568; x_wconf 81' lang='lat' dir='ltr'>quasi</span> <span class='ocrx_word' id='word_1_56' title='bbox 1757 533 1829 558; x_wconf 90' lang='lat' dir='ltr'>eos</span> 
     </span>
     <span class='ocr_line' id='line_1_8' title="bbox 249 570 1830 622; baseline 0.002 -13"><span class='ocrx_word' id='word_1_57' title='bbox 249 570 449 609; x_wconf 76' lang='lat' dir='ltr'>habuerit</span> <span class='ocrx_word' id='word_1_58' title='bbox 473 571 674 610; x_wconf 85' lang='lat' dir='ltr'>Coloniae</span> <span class='ocrx_word' id='word_1_59' title='bbox 699 573 814 622; x_wconf 86' lang='lat' dir='ltr'>apud</span> <span class='ocrx_word' id='word_1_60' title='bbox 838 573 1057 622; x_wconf 89' lang='lat' dir='ltr'>populum,</span> <span class='ocrx_word' id='word_1_61' title='bbox 1080 585 1212 621; x_wconf 93' lang='lat' dir='ltr'>quum</span> <span class='ocrx_word' id='word_1_62' title='bbox 1235 573 1395 610; x_wconf 89' lang='lat' dir='ltr'>scribat</span> <span class='ocrx_word' id='word_1_63' title='bbox 1416 573 1580 619; x_wconf 82' lang='lat' dir='ltr'>Latine,</span> <span class='ocrx_word' id='word_1_64' title='bbox 1603 587 1679 611; x_wconf 87' lang='lat' dir='ltr'>nec</span> <span class='ocrx_word' id='word_1_65' title='bbox 1700 575 1743 612; x_wconf 93' lang='lat' dir='ltr'>in</span> <span class='ocrx_word' id='word_1_66' title='bbox 1766 575 1830 613; x_wconf 90' lang='lat' dir='ltr'>his</span> 
     </span>
     <span class='ocr_line' id='line_1_9' title="bbox 247 626 1830 680; baseline 0.003 -16"><span class='ocrx_word' id='word_1_67' title='bbox 247 626 477 676; x_wconf 86' lang='lat' dir='ltr'>quicquam</span> <span class='ocrx_word' id='word_1_68' title='bbox 491 628 547 665; x_wconf 89' lang='lat' dir='ltr'>sit</span> <span class='ocrx_word' id='word_1_69' title='bbox 560 628 777 677; x_wconf 89' lang='lat' dir='ltr'>populare,</span> <span class='ocrx_word' id='word_1_70' title='bbox 793 632 965 665; x_wconf 84' lang='lat' dir='ltr'>tantum</span> <span class='ocrx_word' id='word_1_71' title='bbox 983 632 1129 665; x_wconf 85' lang='lat' dir='ltr'>autem</span> <span class='ocrx_word' id='word_1_72' title='bbox 1147 628 1404 677; x_wconf 87' lang='lat' dir='ltr'>ineptiarum</span> <span class='ocrx_word' id='word_1_73' title='bbox 1422 633 1471 666; x_wconf 83' lang='lat' dir='ltr'>vt</span> <span class='ocrx_word' id='word_1_74' title='bbox 1485 629 1628 666; x_wconf 89' lang='lat' dir='ltr'>nullus</span> <span class='ocrx_word' id='word_1_75' title='bbox 1645 630 1830 680; x_wconf 90' lang='lat' dir='ltr'>populus</span> 
     </span>
    </p>

    <p class='ocr_par' dir='ltr' id='par_1_4' title="bbox 187 680 1830 953">
     <span class='ocr_line' id='line_1_10' title="bbox 187 680 1829 723; baseline 0.003 -6"><span class='ocrx_word' id='word_1_76' title='bbox 187 693 227 723; x_wconf 85' lang='lat'>55</span> <span class='ocrx_word' id='word_1_77' title='bbox 248 680 415 719; x_wconf 85' lang='lat' dir='ltr'>laturus</span> <span class='ocrx_word' id='word_1_78' title='bbox 436 681 567 719; x_wconf 86' lang='lat' dir='ltr'>fuerit</span> <span class='ocrx_word' id='word_1_79' title='bbox 587 682 691 720; x_wconf 84' lang='lat' dir='ltr'>talia</span> <span class='ocrx_word' id='word_1_80' title='bbox 713 682 1066 720; x_wconf 83' lang='lat' dir='ltr'>deblaterantem.</span> <span class='ocrx_word' id='word_1_81' title='bbox 1126 682 1176 719; x_wconf 93' lang='lat' dir='ltr'>In</span> <span class='ocrx_word' id='word_1_82' title='bbox 1197 695 1246 719; x_wconf 91' lang='lat' dir='ltr'>eo</span> <span class='ocrx_word' id='word_1_83' title='bbox 1268 682 1376 720; x_wconf 92' lang='lat' dir='ltr'>libro</span> <span class='ocrx_word' id='word_1_84' title='bbox 1398 683 1517 720; x_wconf 85' lang='lat' dir='ltr'>nulla</span> <span class='ocrx_word' id='word_1_85' title='bbox 1538 684 1647 721; x_wconf 87' lang='lat' dir='ltr'>mica</span> <span class='ocrx_word' id='word_1_86' title='bbox 1668 688 1733 722; x_wconf 91' lang='lat' dir='ltr'>est</span> <span class='ocrx_word' id='word_1_87' title='bbox 1754 697 1829 722; x_wconf 89' lang='lat' dir='ltr'>nec</span> 
     </span>
     <span class='ocr_line' id='line_1_11' title="bbox 248 736 1829 788; baseline 0.003 -15"><span class='ocrx_word' id='word_1_88' title='bbox 248 736 404 786; x_wconf 90' lang='lat' dir='ltr'>ingenii</span> <span class='ocrx_word' id='word_1_89' title='bbox 439 749 514 774; x_wconf 89' lang='lat' dir='ltr'>nec</span> <span class='ocrx_word' id='word_1_90' title='bbox 547 736 772 774; x_wconf 85' lang='lat' dir='ltr'>facundiae</span> <span class='ocrx_word' id='word_1_91' title='bbox 808 750 882 774; x_wconf 90' lang='lat' dir='ltr'>nec</span> <span class='ocrx_word' id='word_1_92' title='bbox 916 737 1044 774; x_wconf 79' lang='lat' dir='ltr'>vllius</span> <span class='ocrx_word' id='word_1_93' title='bbox 1073 737 1339 782; x_wconf 85' lang='lat' dir='ltr'>eruditionis,</span> <span class='ocrx_word' id='word_1_94' title='bbox 1371 751 1420 775; x_wconf 88' lang='grc'>30</span> <span class='ocrx_word' id='word_1_95' title='bbox 1450 751 1502 775; x_wconf 86' lang='grc'>110</span> <span class='ocrx_word' id='word_1_96' title='bbox 1533 739 1627 788; x_wconf 91' lang='lat' dir='ltr'>piae</span> <span class='ocrx_word' id='word_1_97' title='bbox 1658 739 1829 788; x_wconf 89' lang='lat' dir='ltr'>quidem</span> 
     </span>
     <span class='ocr_line' id='line_1_12' title="bbox 248 791 1830 841; baseline 0.003 -13"><span class='ocrx_word' id='word_1_98' title='bbox 248 792 403 828; x_wconf 88' lang='lat' dir='ltr'>mentis</span> <span class='ocrx_word' id='word_1_99' title='bbox 431 791 565 829; x_wconf 88' lang='lat' dir='ltr'>vllum</span> <span class='ocrx_word' id='word_1_100' title='bbox 595 793 835 841; x_wconf 80' lang='lat' dir='ltr'>vestigium.</span> <span class='ocrx_word' id='word_1_101' title='bbox 898 792 1077 829; x_wconf 80' lang='lat' dir='ltr'>Videtur</span> <span class='ocrx_word' id='word_1_102' title='bbox 1105 793 1148 829; x_wconf 88' lang='lat' dir='ltr'>in</span> <span class='ocrx_word' id='word_1_103' title='bbox 1175 791 1252 829; x_wconf 93' lang='lat' dir='ltr'>hoc</span> <span class='ocrx_word' id='word_1_104' title='bbox 1279 796 1453 830; x_wconf 87' lang='lat' dir='ltr'>tantum</span> <span class='ocrx_word' id='word_1_105' title='bbox 1482 806 1531 830; x_wconf 91' lang='lat' dir='ltr'>ea</span> <span class='ocrx_word' id='word_1_106' title='bbox 1557 806 1830 832; x_wconf 86' lang='lat' dir='ltr'>coaeeruasse</span> 
     </span>
     <span class='ocr_line' id='line_1_13' title="bbox 249 846 1825 896; baseline 0.002 -13"><span class='ocrx_word' id='word_1_107' title='bbox 249 850 297 883; x_wconf 81' lang='lat' dir='ltr'>vt</span> <span class='ocrx_word' id='word_1_108' title='bbox 320 846 398 883; x_wconf 90' lang='lat' dir='ltr'>sub</span> <span class='ocrx_word' id='word_1_109' title='bbox 423 846 616 896; x_wconf 88' lang='lat' dir='ltr'>religioso</span> <span class='ocrx_word' id='word_1_110' title='bbox 638 846 768 884; x_wconf 88' lang='lat' dir='ltr'>titulo</span> <span class='ocrx_word' id='word_1_111' title='bbox 791 847 966 884; x_wconf 85' lang='lat' dir='ltr'>haberet</span> <span class='ocrx_word' id='word_1_112' title='bbox 991 847 1255 884; x_wconf 87' lang='lat' dir='ltr'>occasionem</span> <span class='ocrx_word' id='word_1_113' title='bbox 1281 847 1530 885; x_wconf 82' lang='lat' dir='ltr'>effundendi</span> <span class='ocrx_word' id='word_1_114' title='bbox 1552 861 1629 886; x_wconf 90' lang='lat' dir='ltr'>sua</span> <span class='ocrx_word' id='word_1_115' title='bbox 1650 861 1825 886; x_wconf 85' lang='lat' dir='ltr'>venena.</span> 
     </span>
     <span class='ocr_line' id='line_1_14' title="bbox 250 901 1830 953; baseline 0.002 -15"><span class='ocrx_word' id='word_1_116' title='bbox 250 901 314 938; x_wconf 83' lang='lat' dir='ltr'>Ex</span> <span class='ocrx_word' id='word_1_117' title='bbox 337 902 503 939; x_wconf 86' lang='lat' dir='ltr'>officina</span> <span class='ocrx_word' id='word_1_118' title='bbox 527 903 735 939; x_wconf 89' lang='lat' dir='ltr'>miserunt</span> <span class='ocrx_word' id='word_1_119' title='bbox 756 901 810 938; x_wconf 92' lang='lat' dir='ltr'>ad</span> <span class='ocrx_word' id='word_1_120' title='bbox 833 915 899 939; x_wconf 88' lang='lat' dir='ltr'>me</span> <span class='ocrx_word' id='word_1_121' title='bbox 926 906 1012 939; x_wconf 91' lang='lat' dir='ltr'>tres</span> <span class='ocrx_word' id='word_1_122' title='bbox 1042 901 1242 951; x_wconf 82' lang='lat' dir='ltr'>pagellaS,</span> <span class='ocrx_word' id='word_1_123' title='bbox 1266 902 1308 939; x_wconf 90' lang='lat' dir='ltr'>in</span> <span class='ocrx_word' id='word_1_124' title='bbox 1337 903 1549 952; x_wconf 89' lang='lat' dir='ltr'>specimen</span> <span class='ocrx_word' id='word_1_125' title='bbox 1571 907 1830 953; x_wconf 86' lang='lat' dir='ltr'>gustumque</span> 
     </span>
    </p>

    <p class='ocr_par' dir='ltr' id='par_1_5' title="bbox 187 956 1831 1226">
     <span class='ocr_line' id='line_1_15' title="bbox 187 956 1827 1006; baseline 0.002 -15"><span class='ocrx_word' id='word_1_126' title='bbox 187 962 230 990; x_wconf 81' lang='grc'>00</span> <span class='ocrx_word' id='word_1_127' title='bbox 248 956 462 1005; x_wconf 87' lang='lat' dir='ltr'>magnifici</span> <span class='ocrx_word' id='word_1_128' title='bbox 502 957 652 1006; x_wconf 90' lang='lat' dir='ltr'>operis.</span> <span class='ocrx_word' id='word_1_129' title='bbox 714 957 765 993; x_wconf 89' lang='lat' dir='ltr'>In</span> <span class='ocrx_word' id='word_1_130' title='bbox 807 970 904 1001; x_wconf 84' lang='lat' dir='ltr'>vna,</span> <span class='ocrx_word' id='word_1_131' title='bbox 943 961 1113 1006; x_wconf 89' lang='lat' dir='ltr'>praeter</span> <span class='ocrx_word' id='word_1_132' title='bbox 1152 956 1236 994; x_wconf 88' lang='lat' dir='ltr'>alia</span> <span class='ocrx_word' id='word_1_133' title='bbox 1277 958 1480 1001; x_wconf 86' lang='lat' dir='ltr'>conuicia,</span> <span class='ocrx_word' id='word_1_134' title='bbox 1518 957 1620 995; x_wconf 89' lang='lat' dir='ltr'>haec</span> <span class='ocrx_word' id='word_1_135' title='bbox 1657 958 1827 996; x_wconf 85' lang='lat' dir='ltr'>scribit:</span> 
     </span>
     <span class='ocr_line' id='line_1_16' title="bbox 249 1010 1829 1061; baseline 0.001 -13"><span class='ocrx_word' id='word_1_136' title='bbox 249 1010 463 1048; x_wconf 85' lang='lat' dir='ltr'>Lutherus</span> <span class='ocrx_word' id='word_1_137' title='bbox 498 1024 696 1061; x_wconf 86' lang='lat' dir='ltr'>magnam</span> <span class='ocrx_word' id='word_1_138' title='bbox 739 1011 953 1048; x_wconf 84' lang='lat' dir='ltr'>Ecclesiae</span> <span class='ocrx_word' id='word_1_139' title='bbox 988 1016 1157 1061; x_wconf 87' lang='lat' dir='ltr'>partem</span> <span class='ocrx_word' id='word_1_140' title='bbox 1193 1011 1247 1048; x_wconf 92' lang='lat' dir='ltr'>ad</span> <span class='ocrx_word' id='word_1_141' title='bbox 1285 1024 1327 1049; x_wconf 84' lang='lat' dir='ltr'>se</span> <span class='ocrx_word' id='word_1_142' title='bbox 1363 1013 1523 1057; x_wconf 83' lang='lat' dir='ltr'>traxit;</span> <span class='ocrx_word' id='word_1_143' title='bbox 1575 1012 1829 1050; x_wconf 91' lang='lat' dir='ltr'>nonnullam</span> 
     </span>
     <span class='ocr_line' id='line_1_17' title="bbox 248 1065 1829 1116; baseline 0.002 -14"><span class='ocrx_word' id='word_1_144' title='bbox 248 1065 467 1115; x_wconf 87' lang='lat' dir='ltr'>Zuinglius</span> <span class='ocrx_word' id='word_1_145' title='bbox 481 1070 523 1103; x_wconf 88' lang='lat' dir='ltr'>et</span> <span class='ocrx_word' id='word_1_146' title='bbox 539 1066 915 1116; x_wconf 76' lang='lat' dir='ltr'>Oecolampadius3</span> <span class='ocrx_word' id='word_1_147' title='bbox 940 1067 1173 1104; x_wconf 81' lang='lat' dir='ltr'>maximam</span> <span class='ocrx_word' id='word_1_148' title='bbox 1190 1066 1406 1104; x_wconf 88' lang='lat' dir='ltr'>Erasmus.</span> <span class='ocrx_word' id='word_1_149' title='bbox 1450 1067 1505 1104; x_wconf 91' lang='lat' dir='ltr'>Et</span> <span class='ocrx_word' id='word_1_150' title='bbox 1520 1067 1654 1113; x_wconf 83' lang='lat' dir='ltr'>addit,</span> <span class='ocrx_word' id='word_1_151' title='bbox 1670 1067 1829 1105; x_wconf 92' lang='lat' dir='ltr'>bonum</span> 
     </span>
     <span class='ocr_line' id='line_1_18' title="bbox 247 1121 1828 1168; baseline 0.002 -11"><span class='ocrx_word' id='word_1_152' title='bbox 247 1125 372 1166; x_wconf 88' lang='lat' dir='ltr'>esset,</span> <span class='ocrx_word' id='word_1_153' title='bbox 395 1121 428 1157; x_wconf 89' lang='lat' dir='ltr'>si</span> <span class='ocrx_word' id='word_1_154' title='bbox 451 1125 580 1158; x_wconf 84' lang='lat' dir='ltr'>natus</span> <span class='ocrx_word' id='word_1_155' title='bbox 602 1134 688 1158; x_wconf 89' lang='lat' dir='ltr'>non</span> <span class='ocrx_word' id='word_1_156' title='bbox 711 1121 860 1159; x_wconf 85' lang='lat' dir='ltr'>fuisset</span> <span class='ocrx_word' id='word_1_157' title='bbox 884 1121 1011 1158; x_wconf 84' lang='lat' dir='ltr'>homo</span> <span class='ocrx_word' id='word_1_158' title='bbox 1034 1121 1114 1158; x_wconf 90' lang='lat' dir='ltr'>ille.</span> <span class='ocrx_word' id='word_1_159' title='bbox 1176 1121 1226 1158; x_wconf 92' lang='lat' dir='ltr'>In</span> <span class='ocrx_word' id='word_1_160' title='bbox 1255 1121 1391 1159; x_wconf 87' lang='lat' dir='ltr'>altera</span> <span class='ocrx_word' id='word_1_161' title='bbox 1420 1127 1548 1159; x_wconf 77' lang='lat' dir='ltr'>vocat</span> <span class='ocrx_word' id='word_1_162' title='bbox 1578 1122 1828 1168; x_wconf 87' lang='lat' dir='ltr'>Lutherum,</span> 
     </span>
     <span class='ocr_line' id='line_1_19' title="bbox 248 1175 1831 1226; baseline 0.002 -14"><span class='ocrx_word' id='word_1_163' title='bbox 248 1175 502 1225; x_wconf 86' lang='lat' dir='ltr'>Zuinglium,</span> <span class='ocrx_word' id='word_1_164' title='bbox 539 1180 583 1213; x_wconf 91' lang='lat' dir='ltr'>et</span> <span class='ocrx_word' id='word_1_165' title='bbox 618 1175 997 1226; x_wconf 83' lang='lat' dir='ltr'>Oecolampadium</span> <span class='ocrx_word' id='word_1_166' title='bbox 1033 1175 1190 1213; x_wconf 81' lang='lat' dir='ltr'>milites</span> <span class='ocrx_word' id='word_1_167' title='bbox 1232 1175 1372 1221; x_wconf 84' lang='lat' dir='ltr'>Pilati,</span> <span class='ocrx_word' id='word_1_168' title='bbox 1414 1177 1487 1226; x_wconf 92' lang='lat' dir='ltr'>qui</span> <span class='ocrx_word' id='word_1_169' title='bbox 1527 1176 1831 1215; x_wconf 84' lang='lat' dir='ltr'>crucifixerunt</span> 
     </span>
    </p>

    <p class='ocr_par' dir='ltr' id='par_1_6' title="bbox 186 1229 1830 1500">
     <span class='ocr_line' id='line_1_20' title="bbox 186 1229 1828 1281; baseline 0.002 -15"><span class='ocrx_word' id='word_1_170' title='bbox 186 1235 228 1272; x_wconf 82' lang='lat'>65</span> <span class='ocrx_word' id='word_1_171' title='bbox 248 1229 478 1275; x_wconf 82' lang='lat' dir='ltr'>Christum,</span> <span class='ocrx_word' id='word_1_172' title='bbox 501 1243 567 1268; x_wconf 93' lang='lat' dir='ltr'>me</span> <span class='ocrx_word' id='word_1_173' title='bbox 588 1231 671 1268; x_wconf 90' lang='lat' dir='ltr'>illis</span> <span class='ocrx_word' id='word_1_174' title='bbox 693 1243 999 1277; x_wconf 85' lang='lat' dir='ltr'>annumerans;</span> <span class='ocrx_word' id='word_1_175' title='bbox 1023 1230 1196 1276; x_wconf 85' lang='lat' dir='ltr'>addens,</span> <span class='ocrx_word' id='word_1_176' title='bbox 1214 1243 1281 1268; x_wconf 90' lang='lat' dir='ltr'>me</span> <span class='ocrx_word' id='word_1_177' title='bbox 1303 1231 1450 1268; x_wconf 90' lang='lat' dir='ltr'>eodem</span> <span class='ocrx_word' id='word_1_178' title='bbox 1473 1232 1640 1281; x_wconf 88' lang='lat' dir='ltr'>spiritu,</span> <span class='ocrx_word' id='word_1_179' title='bbox 1663 1232 1828 1270; x_wconf 91' lang='lat' dir='ltr'>eodem-</span> 
     </span>
     <span class='ocr_line' id='line_1_21' title="bbox 248 1285 1830 1336; baseline 0.001 -14"><span class='ocrx_word' id='word_1_180' title='bbox 248 1297 330 1334; x_wconf 89' lang='lat' dir='ltr'>que</span> <span class='ocrx_word' id='word_1_181' title='bbox 361 1285 537 1322; x_wconf 90' lang='lat' dir='ltr'>consilio</span> <span class='ocrx_word' id='word_1_182' title='bbox 569 1286 797 1335; x_wconf 82' lang='lat' dir='ltr'>scripsisse,</span> <span class='ocrx_word' id='word_1_183' title='bbox 830 1298 914 1335; x_wconf 90' lang='lat' dir='ltr'>quo</span> <span class='ocrx_word' id='word_1_184' title='bbox 945 1286 1207 1336; x_wconf 87' lang='lat' dir='ltr'>seripserunt</span> <span class='ocrx_word' id='word_1_185' title='bbox 1239 1285 1324 1327; x_wconf 77' lang='lat' dir='ltr'>illi:</span> <span class='ocrx_word' id='word_1_186' title='bbox 1365 1285 1470 1323; x_wconf 90' lang='lat' dir='ltr'>nihil</span> <span class='ocrx_word' id='word_1_187' title='bbox 1502 1287 1718 1332; x_wconf 86' lang='lat' dir='ltr'>interesse,</span> <span class='ocrx_word' id='word_1_188' title='bbox 1750 1288 1830 1324; x_wconf 90' lang='lat' dir='ltr'>nisi</span> 
     </span>
     <span class='ocr_line' id='line_1_22' title="bbox 248 1339 1829 1390; baseline 0.002 -13"><span class='ocrx_word' id='word_1_189' title='bbox 248 1339 363 1388; x_wconf 89' lang='lat' dir='ltr'>quod</span> <span class='ocrx_word' id='word_1_190' title='bbox 394 1353 471 1389; x_wconf 86' lang='lat' dir='ltr'>ego</span> <span class='ocrx_word' id='word_1_191' title='bbox 501 1341 628 1386; x_wconf 87' lang='lat' dir='ltr'>iocor,</span> <span class='ocrx_word' id='word_1_192' title='bbox 658 1340 717 1377; x_wconf 90' lang='lat' dir='ltr'>illi</span> <span class='ocrx_word' id='word_1_193' title='bbox 749 1341 858 1378; x_wconf 90' lang='lat' dir='ltr'>serio</span> <span class='ocrx_word' id='word_1_194' title='bbox 889 1353 977 1378; x_wconf 89' lang='lat' dir='ltr'>rem</span> <span class='ocrx_word' id='word_1_195' title='bbox 1009 1345 1157 1390; x_wconf 89' lang='lat' dir='ltr'>agunt.</span> <span class='ocrx_word' id='word_1_196' title='bbox 1217 1340 1376 1378; x_wconf 88' lang='lat' dir='ltr'>Adiicit</span> <span class='ocrx_word' id='word_1_197' title='bbox 1406 1341 1570 1378; x_wconf 92' lang='lat' dir='ltr'>dictum</span> <span class='ocrx_word' id='word_1_198' title='bbox 1602 1341 1654 1379; x_wconf 92' lang='lat' dir='ltr'>de</span> <span class='ocrx_word' id='word_1_199' title='bbox 1684 1354 1829 1380; x_wconf 88' lang='lat' dir='ltr'>mona·</span> 
     </span>
     <span class='ocr_line' id='line_1_23' title="bbox 248 1394 1830 1446; baseline 0.001 -14"><span class='ocrx_word' id='word_1_200' title='bbox 248 1394 425 1432; x_wconf 90' lang='lat' dir='ltr'>chorum</span> <span class='ocrx_word' id='word_1_201' title='bbox 454 1395 580 1432; x_wconf 89' lang='lat' dir='ltr'>dictis</span> <span class='ocrx_word' id='word_1_202' title='bbox 607 1395 866 1441; x_wconf 89' lang='lat' dir='ltr'>melioribus,</span> <span class='ocrx_word' id='word_1_203' title='bbox 896 1409 963 1433; x_wconf 89' lang='lat' dir='ltr'>me</span> <span class='ocrx_word' id='word_1_204' title='bbox 990 1396 1182 1446; x_wconf 85' lang='lat' dir='ltr'>posuisse</span> <span class='ocrx_word' id='word_1_205' title='bbox 1211 1408 1305 1440; x_wconf 87' lang='lat' dir='ltr'>oua,</span> <span class='ocrx_word' id='word_1_206' title='bbox 1335 1395 1542 1433; x_wconf 87' lang='lat' dir='ltr'>Luterum</span> <span class='ocrx_word' id='word_1_207' title='bbox 1568 1401 1612 1434; x_wconf 87' lang='lat' dir='ltr'>et</span> <span class='ocrx_word' id='word_1_208' title='bbox 1639 1401 1830 1434; x_wconf 88' lang='lat' dir='ltr'>caeteros</span> 
     </span>
     <span class='ocr_line' id='line_1_24' title="bbox 247 1449 1830 1500; baseline 0.002 -14"><span class='ocrx_word' id='word_1_209' title='bbox 247 1449 475 1487; x_wconf 87' lang='lat' dir='ltr'>exclusisse</span> <span class='ocrx_word' id='word_1_210' title='bbox 496 1449 648 1500; x_wconf 91' lang='lat' dir='ltr'>pullos.</span> <span class='ocrx_word' id='word_1_211' title='bbox 708 1450 796 1488; x_wconf 90' lang='lat' dir='ltr'>Nec</span> <span class='ocrx_word' id='word_1_212' title='bbox 822 1450 975 1488; x_wconf 88' lang='lat' dir='ltr'>dubito</span> <span class='ocrx_word' id='word_1_213' title='bbox 996 1451 1098 1500; x_wconf 87' lang='lat' dir='ltr'>quin</span> <span class='ocrx_word' id='word_1_214' title='bbox 1120 1454 1264 1488; x_wconf 89' lang='lat' dir='ltr'>totum</span> <span class='ocrx_word' id='word_1_215' title='bbox 1287 1463 1394 1500; x_wconf 92' lang='lat' dir='ltr'>opus</span> <span class='ocrx_word' id='word_1_216' title='bbox 1414 1451 1623 1488; x_wconf 90' lang='lat' dir='ltr'>eiusmodi</span> <span class='ocrx_word' id='word_1_217' title='bbox 1644 1451 1830 1489; x_wconf 87' lang='lat' dir='ltr'>flosculis</span> 
     </span>
    </p>

    <p class='ocr_par' dir='ltr' id='par_1_7' title="bbox 187 1506 575 1554">
     <span class='ocr_line' id='line_1_25' title="bbox 187 1506 575 1554; baseline 0.008 -15"><span class='ocrx_word' id='word_1_218' title='bbox 187 1517 228 1548; x_wconf 93' lang='lat'>70</span> <span class='ocrx_word' id='word_1_219' title='bbox 247 1517 486 1554; x_wconf 89' lang='lat' dir='ltr'>respersum</span> <span class='ocrx_word' id='word_1_220' title='bbox 508 1506 575 1542; x_wconf 88' lang='lat' dir='ltr'>sit.</span> 
     </span>
    </p>

    <p class='ocr_par' dir='ltr' id='par_1_8' title="bbox 248 1558 1831 1775">
     <span class='ocr_line' id='line_1_26' title="bbox 303 1558 1830 1610; baseline 0.001 -13"><span class='ocrx_word' id='word_1_221' title='bbox 303 1558 504 1597; x_wconf 81' lang='lat' dir='ltr'>Scribunt</span> <span class='ocrx_word' id='word_1_222' title='bbox 539 1561 663 1597; x_wconf 88' lang='lat' dir='ltr'>amici</span> <span class='ocrx_word' id='word_1_223' title='bbox 700 1561 962 1610; x_wconf 72' lang='lat' dir='ltr'>synceriores</span> <span class='ocrx_word' id='word_1_224' title='bbox 998 1560 1076 1598; x_wconf 91' lang='grc'>1100</span> <span class='ocrx_word' id='word_1_225' title='bbox 1112 1573 1245 1610; x_wconf 89' lang='lat' dir='ltr'>genus</span> <span class='ocrx_word' id='word_1_226' title='bbox 1280 1561 1567 1598; x_wconf 89' lang='lat' dir='ltr'>animantium</span> <span class='ocrx_word' id='word_1_227' title='bbox 1604 1561 1709 1598; x_wconf 90' lang='lat' dir='ltr'>nihil</span> <span class='ocrx_word' id='word_1_228' title='bbox 1743 1573 1830 1599; x_wconf 90' lang='lat' dir='ltr'>non</span> 
     </span>
     <span class='ocr_line' id='line_1_27' title="bbox 248 1614 1831 1664; baseline 0.001 -13"><span class='ocrx_word' id='word_1_229' title='bbox 248 1627 371 1664; x_wconf 91' lang='lat' dir='ltr'>posse</span> <span class='ocrx_word' id='word_1_230' title='bbox 393 1615 435 1652; x_wconf 92' lang='lat' dir='ltr'>in</span> <span class='ocrx_word' id='word_1_231' title='bbox 459 1615 557 1652; x_wconf 86' lang='lat' dir='ltr'>aula</span> <span class='ocrx_word' id='word_1_232' title='bbox 578 1614 781 1653; x_wconf 85' lang='lat' dir='ltr'>Caesaris.</span> <span class='ocrx_word' id='word_1_233' title='bbox 825 1615 962 1653; x_wconf 80' lang='lat' dir='ltr'>Maria</span> <span class='ocrx_word' id='word_1_234' title='bbox 984 1615 1088 1652; x_wconf 86' lang='lat' dir='ltr'>nihil</span> <span class='ocrx_word' id='word_1_235' title='bbox 1106 1615 1223 1652; x_wconf 89' lang='lat' dir='ltr'>aliud</span> <span class='ocrx_word' id='word_1_236' title='bbox 1240 1619 1305 1652; x_wconf 90' lang='lat' dir='ltr'>est</span> <span class='ocrx_word' id='word_1_237' title='bbox 1323 1628 1451 1664; x_wconf 89' lang='lat' dir='ltr'>quam</span> <span class='ocrx_word' id='word_1_238' title='bbox 1470 1615 1645 1653; x_wconf 84' lang='lat' dir='ltr'>alumna</span> <span class='ocrx_word' id='word_1_239' title='bbox 1658 1620 1831 1654; x_wconf 87' lang='lat' dir='ltr'>nostrae</span> 
     </span>
     <span class='ocr_line' id='line_1_28' title="bbox 248 1669 1828 1720; baseline 0.001 -14"><span class='ocrx_word' id='word_1_240' title='bbox 248 1670 426 1719; x_wconf 90' lang='lat' dir='ltr'>patriae.</span> <span class='ocrx_word' id='word_1_241' title='bbox 469 1669 753 1719; x_wconf 87' lang='lat' dir='ltr'>Montegnius,</span> <span class='ocrx_word' id='word_1_242' title='bbox 772 1671 845 1720; x_wconf 89' lang='lat' dir='ltr'>qui</span> <span class='ocrx_word' id='word_1_243' title='bbox 862 1670 1095 1720; x_wconf 88' lang='lat' dir='ltr'>plurimum</span> <span class='ocrx_word' id='word_1_244' title='bbox 1114 1669 1242 1715; x_wconf 77' lang='lat' dir='ltr'>valet,</span> <span class='ocrx_word' id='word_1_245' title='bbox 1261 1674 1382 1708; x_wconf 86' lang='lat' dir='ltr'>totus</span> <span class='ocrx_word' id='word_1_246' title='bbox 1399 1674 1465 1708; x_wconf 86' lang='lat' dir='ltr'>est</span> <span class='ocrx_word' id='word_1_247' title='bbox 1479 1683 1503 1707; x_wconf 89' lang='lat' dir='ltr'>a</span> <span class='ocrx_word' id='word_1_248' title='bbox 1520 1670 1828 1708; x_wconf 85' lang='lat' dir='ltr'>Franciscanis.</span> 
     </span>
     <span class='ocr_line' id='line_1_29' title="bbox 249 1723 1830 1775; baseline 0.001 -14"><span class='ocrx_word' id='word_1_249' title='bbox 249 1723 372 1762; x_wconf 91' lang='lat' dir='ltr'>Card.</span> <span class='ocrx_word' id='word_1_250' title='bbox 405 1724 623 1762; x_wconf 88' lang='lat' dir='ltr'>Leodiens.</span> <span class='ocrx_word' id='word_1_251' title='bbox 657 1738 812 1775; x_wconf 87' lang='lat' dir='ltr'>anceps</span> <span class='ocrx_word' id='word_1_252' title='bbox 843 1730 908 1763; x_wconf 89' lang='lat' dir='ltr'>est</span> <span class='ocrx_word' id='word_1_253' title='bbox 939 1725 1124 1771; x_wconf 88' lang='lat' dir='ltr'>amieus;</span> <span class='ocrx_word' id='word_1_254' title='bbox 1167 1726 1398 1762; x_wconf 88' lang='lat' dir='ltr'>acerrimus</span> <span class='ocrx_word' id='word_1_255' title='bbox 1428 1725 1636 1771; x_wconf 88' lang='lat' dir='ltr'>inimicus,</span> <span class='ocrx_word' id='word_1_256' title='bbox 1666 1726 1699 1763; x_wconf 88' lang='lat' dir='ltr'>si</span> <span class='ocrx_word' id='word_1_257' title='bbox 1727 1725 1830 1775; x_wconf 93' lang='lat' dir='ltr'>quid</span> 
     </span>
    </p>

    <p class='ocr_par' dir='ltr' id='par_1_9' title="bbox 188 1779 1831 2049">
     <span class='ocr_line' id='line_1_30' title="bbox 188 1779 1828 1830; baseline 0.001 -14"><span class='ocrx_word' id='word_1_258' title='bbox 188 1791 228 1821; x_wconf 83' lang='lat'>75</span> <span class='ocrx_word' id='word_1_259' title='bbox 249 1779 504 1817; x_wconf 85' lang='lat' dir='ltr'>offendatur.</span> <span class='ocrx_word' id='word_1_260' title='bbox 565 1779 920 1830; x_wconf 84' lang='lat' dir='ltr'>Archiepiseopus</span> <span class='ocrx_word' id='word_1_261' title='bbox 949 1780 1286 1818; x_wconf 76' lang='lat' dir='ltr'>panormitanus</span> <span class='ocrx_word' id='word_1_262' title='bbox 1312 1779 1590 1829; x_wconf 82' lang='grc' dir='ltr'>χρηστόλογος</span> <span class='ocrx_word' id='word_1_263' title='bbox 1611 1785 1688 1826; x_wconf 91' lang='lat' dir='ltr'>est,</span> <span class='ocrx_word' id='word_1_264' title='bbox 1711 1793 1828 1830; x_wconf 88' lang='lat' dir='ltr'>prae-</span> 
     </span>
     <span class='ocr_line' id='line_1_31' title="bbox 249 1833 1831 1885; baseline 0.001 -14"><span class='ocrx_word' id='word_1_265' title='bbox 249 1838 368 1871; x_wconf 87' lang='lat' dir='ltr'>terea</span> <span class='ocrx_word' id='word_1_266' title='bbox 407 1834 524 1871; x_wconf 91' lang='lat' dir='ltr'>nihil.</span> <span class='ocrx_word' id='word_1_267' title='bbox 586 1834 708 1880; x_wconf 88' lang='lat' dir='ltr'>Quod</span> <span class='ocrx_word' id='word_1_268' title='bbox 745 1836 779 1872; x_wconf 90' lang='lat' dir='ltr'>si</span> <span class='ocrx_word' id='word_1_269' title='bbox 815 1835 1032 1872; x_wconf 87' lang='lat' dir='ltr'>tumultus</span> <span class='ocrx_word' id='word_1_270' title='bbox 1068 1835 1262 1873; x_wconf 88' lang='lat' dir='ltr'>oriantur</span> <span class='ocrx_word' id='word_1_271' title='bbox 1297 1835 1339 1872; x_wconf 91' lang='lat' dir='ltr'>in</span> <span class='ocrx_word' id='word_1_272' title='bbox 1375 1833 1615 1881; x_wconf 88' lang='lat' dir='ltr'>Germania,</span> <span class='ocrx_word' id='word_1_273' title='bbox 1651 1847 1728 1885; x_wconf 86' lang='lat' dir='ltr'>ego</span> <span class='ocrx_word' id='word_1_274' title='bbox 1764 1835 1831 1873; x_wconf 90' lang='grc'>1110</span> 
     </span>
     <span class='ocr_line' id='line_1_32' title="bbox 250 1888 1830 1938; baseline 0.001 -12"><span class='ocrx_word' id='word_1_275' title='bbox 250 1888 425 1938; x_wconf 88' lang='lat' dir='ltr'>pulchre</span> <span class='ocrx_word' id='word_1_276' title='bbox 448 1889 572 1927; x_wconf 81' lang='lat' dir='ltr'>sedeo</span> <span class='ocrx_word' id='word_1_277' title='bbox 597 1891 708 1927; x_wconf 86' lang='lat' dir='ltr'>inter</span> <span class='ocrx_word' id='word_1_278' title='bbox 736 1903 905 1928; x_wconf 83' lang='lat' dir='ltr'>sacrum</span> <span class='ocrx_word' id='word_1_279' title='bbox 933 1894 977 1927; x_wconf 89' lang='lat' dir='ltr'>et</span> <span class='ocrx_word' id='word_1_280' title='bbox 1003 1903 1167 1927; x_wconf 83' lang='lat' dir='ltr'>saxum.</span> <span class='ocrx_word' id='word_1_281' title='bbox 1228 1889 1309 1927; x_wconf 84' lang='lat' dir='ltr'>Sed</span> <span class='ocrx_word' id='word_1_282' title='bbox 1330 1889 1382 1927; x_wconf 91' lang='lat' dir='ltr'>de</span> <span class='ocrx_word' id='word_1_283' title='bbox 1404 1903 1471 1927; x_wconf 90' lang='lat' dir='ltr'>me</span> <span class='ocrx_word' id='word_1_284' title='bbox 1491 1902 1576 1927; x_wconf 88' lang='lat' dir='ltr'>non</span> <span class='ocrx_word' id='word_1_285' title='bbox 1597 1889 1830 1928; x_wconf 89' lang='lat' dir='ltr'>admodum</span> 
     </span>
     <span class='ocr_line' id='line_1_33' title="bbox 250 1943 1831 1995; baseline 0.001 -14"><span class='ocrx_word' id='word_1_286' title='bbox 250 1943 457 1981; x_wconf 86' lang='lat' dir='ltr'>sollicitus</span> <span class='ocrx_word' id='word_1_287' title='bbox 488 1957 595 1989; x_wconf 91' lang='lat' dir='ltr'>sum,</span> <span class='ocrx_word' id='word_1_288' title='bbox 621 1957 697 1994; x_wconf 87' lang='lat' dir='ltr'>ego</span> <span class='ocrx_word' id='word_1_289' title='bbox 727 1946 839 1982; x_wconf 88' lang='lat' dir='ltr'>enim</span> <span class='ocrx_word' id='word_1_290' title='bbox 870 1946 954 1982; x_wconf 80' lang='lat' dir='ltr'>iam</span> <span class='ocrx_word' id='word_1_291' title='bbox 985 1944 1297 1995; x_wconf 86' lang='lat' dir='ltr'>propemodum</span> <span class='ocrx_word' id='word_1_292' title='bbox 1328 1945 1371 1981; x_wconf 93' lang='lat' dir='ltr'>in</span> <span class='ocrx_word' id='word_1_293' title='bbox 1401 1949 1530 1994; x_wconf 90' lang='lat' dir='ltr'>portu</span> <span class='ocrx_word' id='word_1_294' title='bbox 1561 1945 1728 1994; x_wconf 86' lang='lat' dir='ltr'>nauigo.</span> <span class='ocrx_word' id='word_1_295' title='bbox 1788 1943 1831 1982; x_wconf 87' lang='lat' dir='ltr'>Si</span> 
     </span>
     <span class='ocr_line' id='line_1_34' title="bbox 249 1998 1831 2049; baseline 0.001 -14"><span class='ocrx_word' id='word_1_296' title='bbox 249 1998 395 2036; x_wconf 86' lang='lat' dir='ltr'>licebit</span> <span class='ocrx_word' id='word_1_297' title='bbox 424 1999 549 2036; x_wconf 87' lang='lat' dir='ltr'>isthic</span> <span class='ocrx_word' id='word_1_298' title='bbox 581 2000 803 2037; x_wconf 89' lang='lat' dir='ltr'>commode</span> <span class='ocrx_word' id='word_1_299' title='bbox 835 2000 1102 2045; x_wconf 89' lang='lat' dir='ltr'>commorari,</span> <span class='ocrx_word' id='word_1_300' title='bbox 1134 2000 1265 2037; x_wconf 88' lang='lat' dir='ltr'>etiam</span> <span class='ocrx_word' id='word_1_301' title='bbox 1297 2003 1468 2037; x_wconf 86' lang='lat' dir='ltr'>mutata</span> <span class='ocrx_word' id='word_1_302' title='bbox 1498 1999 1711 2049; x_wconf 86' lang='lat' dir='ltr'>religione,</span> <span class='ocrx_word' id='word_1_303' title='bbox 1745 2012 1831 2037; x_wconf 91' lang='lat' dir='ltr'>non</span> 
     </span>
    </p>

    <p class='ocr_par' dir='ltr' id='par_1_10' title="bbox 188 2054 791 2103">
     <span class='ocr_line' id='line_1_35' title="bbox 188 2054 791 2103; baseline 0.008 -16"><span class='ocrx_word' id='word_1_304' title='bbox 188 2058 230 2087; x_wconf 86' lang='lat'>80</span> <span class='ocrx_word' id='word_1_305' title='bbox 251 2054 457 2091; x_wconf 83' lang='lat' dir='ltr'>suaserim</span> <span class='ocrx_word' id='word_1_306' title='bbox 480 2055 791 2103; x_wconf 88' lang='lat' dir='ltr'>migrationem.</span> 
     </span>
    </p>

    <p class='ocr_par' dir='ltr' id='par_1_11' title="bbox 248 2108 1833 2324">
     <span class='ocr_line' id='line_1_36' title="bbox 304 2108 1831 2159; baseline 0.001 -14"><span class='ocrx_word' id='word_1_307' title='bbox 304 2108 367 2146; x_wconf 91' lang='lat' dir='ltr'>De</span> <span class='ocrx_word' id='word_1_308' title='bbox 398 2108 590 2158; x_wconf 87' lang='lat' dir='ltr'>Fuggero</span> <span class='ocrx_word' id='word_1_309' title='bbox 618 2122 670 2146; x_wconf 85' lang='lat' dir='ltr'>ex</span> <span class='ocrx_word' id='word_1_310' title='bbox 701 2110 844 2147; x_wconf 89' lang='lat' dir='ltr'>animo</span> <span class='ocrx_word' id='word_1_311' title='bbox 875 2109 1011 2155; x_wconf 87' lang='lat' dir='ltr'>doleo,</span> <span class='ocrx_word' id='word_1_312' title='bbox 1043 2109 1159 2159; x_wconf 91' lang='lat' dir='ltr'>quod</span> <span class='ocrx_word' id='word_1_313' title='bbox 1189 2110 1277 2159; x_wconf 90' lang='lat' dir='ltr'>ipse</span> <span class='ocrx_word' id='word_1_314' title='bbox 1308 2109 1389 2146; x_wconf 90' lang='lat' dir='ltr'>sibi</span> <span class='ocrx_word' id='word_1_315' title='bbox 1420 2109 1516 2159; x_wconf 88' lang='lat' dir='ltr'>plus</span> <span class='ocrx_word' id='word_1_316' title='bbox 1546 2113 1672 2147; x_wconf 89' lang='lat' dir='ltr'>nocet</span> <span class='ocrx_word' id='word_1_317' title='bbox 1701 2121 1831 2158; x_wconf 90' lang='lat' dir='ltr'>quam</span> 
     </span>
     <span class='ocr_line' id='line_1_37' title="bbox 248 2162 1830 2213; baseline 0.001 -13"><span class='ocrx_word' id='word_1_318' title='bbox 248 2162 423 2201; x_wconf 85' lang='lat' dir='ltr'>fortuna</span> <span class='ocrx_word' id='word_1_319' title='bbox 445 2169 523 2201; x_wconf 89' lang='lat' dir='ltr'>aut</span> <span class='ocrx_word' id='word_1_320' title='bbox 543 2165 714 2202; x_wconf 84' lang='lat' dir='ltr'>inimici.</span> <span class='ocrx_word' id='word_1_321' title='bbox 774 2164 972 2202; x_wconf 87' lang='lat' dir='ltr'>Debebat</span> <span class='ocrx_word' id='word_1_322' title='bbox 992 2165 1184 2202; x_wconf 90' lang='lat' dir='ltr'>animum</span> <span class='ocrx_word' id='word_1_323' title='bbox 1205 2165 1363 2213; x_wconf 85' lang='lat' dir='ltr'>erigere</span> <span class='ocrx_word' id='word_1_324' title='bbox 1390 2165 1433 2201; x_wconf 90' lang='lat' dir='ltr'>in</span> <span class='ocrx_word' id='word_1_325' title='bbox 1462 2163 1539 2201; x_wconf 91' lang='lat' dir='ltr'>hac</span> <span class='ocrx_word' id='word_1_326' title='bbox 1562 2177 1702 2201; x_wconf 86' lang='lat' dir='ltr'>rerum</span> <span class='ocrx_word' id='word_1_327' title='bbox 1725 2169 1830 2201; x_wconf 90' lang='lat' dir='ltr'>tem-</span> 
     </span>
     <span class='ocr_line' id='line_1_38' title="bbox 249 2218 1830 2269; baseline 0.001 -14"><span class='ocrx_word' id='word_1_328' title='bbox 249 2222 430 2268; x_wconf 87' lang='lat' dir='ltr'>pestate,</span> <span class='ocrx_word' id='word_1_329' title='bbox 453 2231 526 2269; x_wconf 90' lang='lat' dir='ltr'>spe</span> <span class='ocrx_word' id='word_1_330' title='bbox 547 2218 748 2257; x_wconf 85' lang='lat' dir='ltr'>fortunae</span> <span class='ocrx_word' id='word_1_331' title='bbox 771 2219 966 2257; x_wconf 86' lang='lat' dir='ltr'>melioris.</span> <span class='ocrx_word' id='word_1_332' title='bbox 1028 2219 1239 2269; x_wconf 88' lang='lat' dir='ltr'>Equidem</span> <span class='ocrx_word' id='word_1_333' title='bbox 1261 2219 1399 2256; x_wconf 86' lang='lat' dir='ltr'>libens</span> <span class='ocrx_word' id='word_1_334' title='bbox 1424 2219 1676 2256; x_wconf 86' lang='lat' dir='ltr'>adhortarer</span> <span class='ocrx_word' id='word_1_335' title='bbox 1698 2219 1830 2256; x_wconf 94' lang='lat' dir='ltr'>homi-</span> 
     </span>
     <span class='ocr_line' id='line_1_39' title="bbox 250 2273 1833 2324; baseline 0.001 -14"><span class='ocrx_word' id='word_1_336' title='bbox 250 2285 359 2318; x_wconf 84' lang='lat' dir='ltr'>nem,</span> <span class='ocrx_word' id='word_1_337' title='bbox 382 2273 455 2310; x_wconf 91' lang='lat' dir='ltr'>sed</span> <span class='ocrx_word' id='word_1_338' title='bbox 476 2274 679 2323; x_wconf 90' lang='lat' dir='ltr'>quoniam</span> <span class='ocrx_word' id='word_1_339' title='bbox 702 2287 787 2312; x_wconf 89' lang='lat' dir='ltr'>non</span> <span class='ocrx_word' id='word_1_340' title='bbox 808 2275 909 2312; x_wconf 89' lang='lat' dir='ltr'>noui</span> <span class='ocrx_word' id='word_1_341' title='bbox 930 2274 1069 2312; x_wconf 90' lang='lat' dir='ltr'>morbi</span> <span class='ocrx_word' id='word_1_342' title='bbox 1097 2274 1440 2319; x_wconf 86' lang='lat' dir='ltr'>circunstantias,</span> <span class='ocrx_word' id='word_1_343' title='bbox 1463 2273 1697 2324; x_wconf 85' lang='lat' dir='ltr'>periculum</span> <span class='ocrx_word' id='word_1_344' title='bbox 1721 2277 1833 2311; x_wconf 88' lang='lat' dir='ltr'>esset</span> 
     </span>
    </p>
   </div>
   <div class='ocr_carea' id='block_1_3' title="bbox 250 2378 1832 2770">
    <p class='ocr_par' dir='ltr' id='par_1_12' title="bbox 250 2378 1832 2595">
     <span class='ocr_line' id='line_1_40' title="bbox 295 2378 1831 2419; baseline 0 -11"><span class='ocrx_word' id='word_1_345' title='bbox 295 2379 349 2418; x_wconf 85' lang='lat'>48.</span> <span class='ocrx_word' id='word_1_346' title='bbox 375 2378 465 2409; x_wconf 82' lang='lat' dir='ltr'>mihi</span> <span class='ocrx_word' id='word_1_347' title='bbox 482 2378 588 2408; x_wconf 80' lang='lat' dir='ltr'>aLB:</span> <span class='ocrx_word' id='word_1_348' title='bbox 616 2389 683 2409; x_wconf 85' lang='lat' dir='ltr'>om.</span> <span class='ocrx_word' id='word_1_349' title='bbox 703 2379 758 2409; x_wconf 77' lang='lat'>02.</span> <span class='ocrx_word' id='word_1_350' title='bbox 863 2388 916 2419; x_wconf 84' lang='lat'>49.</span> <span class='ocrx_word' id='word_1_351' title='bbox 942 2382 1128 2419; x_wconf 84' lang='lat' dir='ltr'>praestem</span> <span class='ocrx_word' id='word_1_352' title='bbox 1147 2378 1194 2409; x_wconf 89' lang='lat' dir='ltr'>O:</span> <span class='ocrx_word' id='word_1_353' title='bbox 1221 2382 1386 2419; x_wconf 88' lang='lat' dir='ltr'>prestam</span> <span class='ocrx_word' id='word_1_354' title='bbox 1405 2391 1436 2409; x_wconf 88' lang='grc' dir='ltr'>α.</span> <span class='ocrx_word' id='word_1_355' title='bbox 1539 2387 1592 2416; x_wconf 84' lang='grc' dir='ltr'>5ο.</span> <span class='ocrx_word' id='word_1_356' title='bbox 1618 2378 1772 2409; x_wconf 84' lang='grc' dir='ltr'>Βο111130</span> <span class='ocrx_word' id='word_1_357' title='bbox 1791 2389 1831 2408; x_wconf 81' lang='lat' dir='ltr'>a:</span> 
     </span>
     <span class='ocr_line' id='line_1_41' title="bbox 250 2422 1832 2461; baseline 0 -9"><span class='ocrx_word' id='word_1_358' title='bbox 250 2422 392 2453; x_wconf 83' lang='lat' dir='ltr'>Romae</span> <span class='ocrx_word' id='word_1_359' title='bbox 410 2422 448 2452; x_wconf 77' lang='lat' dir='ltr'>O.</span> <span class='ocrx_word' id='word_1_360' title='bbox 576 2432 628 2461; x_wconf 85' lang='lat'>51.</span> <span class='ocrx_word' id='word_1_361' title='bbox 655 2423 702 2453; x_wconf 80' lang='lat' dir='ltr'>O:</span> <span class='ocrx_word' id='word_1_362' title='bbox 729 2423 982 2454; x_wconf 85' lang='lat' dir='ltr'>commisarius</span> <span class='ocrx_word' id='word_1_363' title='bbox 1000 2435 1030 2453; x_wconf 87' lang='grc' dir='ltr'>α.</span> <span class='ocrx_word' id='word_1_364' title='bbox 1158 2431 1210 2461; x_wconf 84' lang='grc'>53.</span> <span class='ocrx_word' id='word_1_365' title='bbox 1237 2422 1408 2453; x_wconf 84' lang='lat' dir='ltr'>Coloniae</span> <span class='ocrx_word' id='word_1_366' title='bbox 1426 2433 1493 2453; x_wconf 87' lang='lat' dir='ltr'>om.</span> <span class='ocrx_word' id='word_1_367' title='bbox 1513 2422 1552 2453; x_wconf 89' lang='lat' dir='ltr'>O.</span> <span class='ocrx_word' id='word_1_368' title='bbox 1676 2424 1729 2461; x_wconf 85' lang='lat'>67.</span> <span class='ocrx_word' id='word_1_369' title='bbox 1756 2431 1832 2452; x_wconf 88' lang='lat' dir='ltr'>rem</span> 
     </span>
     <span class='ocr_line' id='line_1_42' title="bbox 251 2465 1831 2506; baseline -0.001 -10"><span class='ocrx_word' id='word_1_370' title='bbox 251 2466 344 2496; x_wconf 88' lang='lat' dir='ltr'>serio</span> <span class='ocrx_word' id='word_1_371' title='bbox 368 2470 481 2506; x_wconf 80' lang='lat' dir='ltr'>agant</span> <span class='ocrx_word' id='word_1_372' title='bbox 507 2466 546 2496; x_wconf 90' lang='lat' dir='ltr'>O.</span> <span class='ocrx_word' id='word_1_373' title='bbox 713 2476 766 2506; x_wconf 84' lang='lat'>74.</span> <span class='ocrx_word' id='word_1_374' title='bbox 792 2472 850 2498; x_wconf 85' lang='lat' dir='ltr'>est</span> <span class='ocrx_word' id='word_1_375' title='bbox 875 2479 914 2497; x_wconf 79' lang='lat' dir='ltr'>a:</span> <span class='ocrx_word' id='word_1_376' title='bbox 949 2472 987 2497; x_wconf 90' lang='lat' dir='ltr'>et</span> <span class='ocrx_word' id='word_1_377' title='bbox 1012 2466 1050 2497; x_wconf 88' lang='lat' dir='ltr'>O.</span> <span class='ocrx_word' id='word_1_378' title='bbox 1144 2466 1191 2497; x_wconf 92' lang='lat' dir='ltr'>O:</span> <span class='ocrx_word' id='word_1_379' title='bbox 1225 2467 1444 2497; x_wconf 83' lang='lat' dir='ltr'>accerrimus</span> <span class='ocrx_word' id='word_1_380' title='bbox 1469 2479 1499 2496; x_wconf 87' lang='lat' dir='ltr'>a.</span> <span class='ocrx_word' id='word_1_381' title='bbox 1668 2475 1720 2505; x_wconf 85' lang='lat'>75.</span> <span class='ocrx_word' id='word_1_382' title='bbox 1746 2465 1831 2496; x_wconf 89' lang='lat' dir='ltr'>LB:</span> 
     </span>
     <span class='ocr_line' id='line_1_43' title="bbox 251 2508 1832 2550; baseline 0 -10"><span class='ocrx_word' id='word_1_383' title='bbox 251 2508 476 2549; x_wconf 84' lang='grc' dir='ltr'>Χριστόλογος</span> <span class='ocrx_word' id='word_1_384' title='bbox 493 2522 524 2540; x_wconf 90' lang='grc' dir='ltr'>α.</span> <span class='ocrx_word' id='word_1_385' title='bbox 634 2511 684 2550; x_wconf 82' lang='lat'>78.</span> <span class='ocrx_word' id='word_1_386' title='bbox 712 2521 793 2541; x_wconf 91' lang='lat' dir='ltr'>sum</span> <span class='ocrx_word' id='word_1_387' title='bbox 812 2510 990 2541; x_wconf 88' lang='lat' dir='ltr'>sollicitus</span> <span class='ocrx_word' id='word_1_388' title='bbox 1007 2510 1045 2541; x_wconf 91' lang='lat' dir='ltr'>O.</span> <span class='ocrx_word' id='word_1_389' title='bbox 1150 2520 1203 2550; x_wconf 82' lang='lat'>79.</span> <span class='ocrx_word' id='word_1_390' title='bbox 1228 2510 1462 2541; x_wconf 83' lang='lat' dir='ltr'>commodum</span> <span class='ocrx_word' id='word_1_391' title='bbox 1482 2509 1521 2541; x_wconf 90' lang='lat' dir='ltr'>O.</span> <span class='ocrx_word' id='word_1_392' title='bbox 1613 2510 1727 2540; x_wconf 83' lang='lat' dir='ltr'>etiam</span> <span class='ocrx_word' id='word_1_393' title='bbox 1744 2508 1832 2540; x_wconf 62' lang='lat'>2202:</span> 
     </span>
     <span class='ocr_line' id='line_1_44' title="bbox 251 2553 1056 2595; baseline 0 -11"><span class='ocrx_word' id='word_1_394' title='bbox 251 2558 290 2585; x_wconf 86' lang='lat' dir='ltr'>et</span> <span class='ocrx_word' id='word_1_395' title='bbox 306 2554 380 2584; x_wconf 85' lang='lat' dir='ltr'>iam</span> <span class='ocrx_word' id='word_1_396' title='bbox 397 2553 451 2584; x_wconf 79' lang='lat' dir='ltr'>Ol.</span> <span class='ocrx_word' id='word_1_397' title='bbox 545 2554 597 2594; x_wconf 85' lang='lat'>84.</span> <span class='ocrx_word' id='word_1_398' title='bbox 623 2555 800 2595; x_wconf 83' lang='lat' dir='ltr'>quoniam</span> <span class='ocrx_word' id='word_1_399' title='bbox 818 2567 856 2585; x_wconf 80' lang='lat' dir='ltr'>a:</span> <span class='ocrx_word' id='word_1_400' title='bbox 884 2565 1000 2595; x_wconf 84' lang='lat' dir='ltr'>quum</span> <span class='ocrx_word' id='word_1_401' title='bbox 1018 2554 1056 2585; x_wconf 88' lang='lat' dir='ltr'>O.</span> 
     </span>
    </p>

    <p class='ocr_par' dir='ltr' id='par_1_13' title="bbox 296 2685 1720 2726">
     <span class='ocr_line' id='line_1_45' title="bbox 296 2685 1720 2726; baseline -0.001 -10"><span class='ocrx_word' id='word_1_402' title='bbox 296 2695 350 2725; x_wconf 87' lang='lat'>47.</span> <span class='ocrx_word' id='word_1_403' title='bbox 376 2686 562 2726; x_wconf 85' lang='lat' dir='ltr'>Regnum]</span> <span class='ocrx_word' id='word_1_404' title='bbox 581 2686 634 2717; x_wconf 79' lang='lat' dir='ltr'>Cf.</span> <span class='ocrx_word' id='word_1_405' title='bbox 654 2686 751 2726; x_wconf 84' lang='lat' dir='ltr'>Epp.</span> <span class='ocrx_word' id='word_1_406' title='bbox 772 2687 868 2724; x_wconf 80' lang='lat'>2898,</span> <span class='ocrx_word' id='word_1_407' title='bbox 888 2687 984 2724; x_wconf 80' lang='lat'>2918.</span> <span class='ocrx_word' id='word_1_408' title='bbox 1121 2695 1174 2725; x_wconf 80' lang='lat'>72.</span> <span class='ocrx_word' id='word_1_409' title='bbox 1201 2686 1331 2724; x_wconf 83' lang='lat' dir='ltr'>Maria]</span> <span class='ocrx_word' id='word_1_410' title='bbox 1349 2685 1453 2726; x_wconf 81' lang='lat' dir='ltr'>Mary</span> <span class='ocrx_word' id='word_1_411' title='bbox 1471 2685 1508 2716; x_wconf 78' lang='lat' dir='ltr'>of</span> <span class='ocrx_word' id='word_1_412' title='bbox 1526 2685 1720 2726; x_wconf 84' lang='lat' dir='ltr'>Hungary.</span> 
     </span>
    </p>

    <p class='ocr_par' dir='ltr' id='par_1_14' title="bbox 297 2728 1832 2770">
     <span class='ocr_line' id='line_1_46' title="bbox 297 2728 1832 2770; baseline -0.001 -10"><span class='ocrx_word' id='word_1_413' title='bbox 297 2740 351 2769; x_wconf 84' lang='lat'>50.</span> <span class='ocrx_word' id='word_1_414' title='bbox 377 2730 544 2768; x_wconf 84' lang='lat' dir='ltr'>Bonnae]</span> <span class='ocrx_word' id='word_1_415' title='bbox 576 2731 653 2761; x_wconf 88' lang='lat' dir='ltr'>The</span> <span class='ocrx_word' id='word_1_416' title='bbox 686 2730 819 2761; x_wconf 76' lang='lat' dir='ltr'>Romae</span> <span class='ocrx_word' id='word_1_417' title='bbox 850 2730 887 2761; x_wconf 79' lang='lat' dir='ltr'>of</span> <span class='ocrx_word' id='word_1_418' title='bbox 920 2731 948 2761; x_wconf 88' lang='lat' dir='ltr'><em>O</em></span> <span class='ocrx_word' id='word_1_419' title='bbox 979 2731 1008 2761; x_wconf 84' lang='lat' dir='ltr'>is</span> <span class='ocrx_word' id='word_1_420' title='bbox 1122 2739 1174 2769; x_wconf 82' lang='lat'>73.</span> <span class='ocrx_word' id='word_1_421' title='bbox 1201 2728 1832 2770; x_wconf 81' lang='lat' dir='ltr'>Montegnius]AntonyofLalaing,</span> 
     </span>
    </p>
   </div>
   <div class='ocr_carea' id='block_1_4' title="bbox 252 2772 1834 3033">
    <p class='ocr_par' dir='ltr' id='par_1_15' title="bbox 252 2772 1834 2815">
     <span class='ocr_line' id='line_1_47' title="bbox 252 2772 1834 2815; baseline -0.001 -11"><span class='ocrx_word' id='word_1_422' title='bbox 252 2774 436 2815; x_wconf 86' lang='lat' dir='ltr'>probably</span> <span class='ocrx_word' id='word_1_423' title='bbox 457 2784 479 2804; x_wconf 83' lang='lat' dir='ltr'>a</span> <span class='ocrx_word' id='word_1_424' title='bbox 504 2784 603 2810; x_wconf 77' lang='lat' dir='ltr'>mere</span> <span class='ocrx_word' id='word_1_425' title='bbox 628 2774 852 2814; x_wconf 88' lang='lat' dir='ltr'>misreading</span> <span class='ocrx_word' id='word_1_426' title='bbox 879 2774 916 2805; x_wconf 87' lang='lat' dir='ltr'>of</span> <span class='ocrx_word' id='word_1_427' title='bbox 945 2775 1009 2805; x_wconf 87' lang='lat' dir='ltr'>the</span> <span class='ocrx_word' id='word_1_428' title='bbox 1078 2773 1313 2804; x_wconf 85' lang='lat' dir='ltr'>Stadhouder</span> <span class='ocrx_word' id='word_1_429' title='bbox 1329 2773 1366 2804; x_wconf 87' lang='lat' dir='ltr'>of</span> <span class='ocrx_word' id='word_1_430' title='bbox 1385 2773 1559 2805; x_wconf 82' lang='lat' dir='ltr'>Holland.</span> <span class='ocrx_word' id='word_1_431' title='bbox 1575 2772 1744 2809; x_wconf 87' lang='lat' dir='ltr'>Zeeland,</span> <span class='ocrx_word' id='word_1_432' title='bbox 1759 2772 1834 2803; x_wconf 84' lang='lat' dir='ltr'>and</span> 
     </span>
    </p>

    <p class='ocr_par' dir='ltr' id='par_1_16' title="bbox 253 2817 1832 2858">
     <span class='ocr_line' id='line_1_48' title="bbox 253 2817 1832 2858; baseline -0.001 -10"><span class='ocrx_word' id='word_1_433' title='bbox 253 2826 313 2848; x_wconf 82' lang='lat' dir='ltr'>MS.</span> <span class='ocrx_word' id='word_1_434' title='bbox 332 2817 492 2848; x_wconf 80' lang='lat' dir='ltr'>Bonnae.</span> <span class='ocrx_word' id='word_1_435' title='bbox 533 2818 609 2848; x_wconf 86' lang='lat' dir='ltr'>But</span> <span class='ocrx_word' id='word_1_436' title='bbox 629 2818 776 2848; x_wconf 78' lang='lat' dir='ltr'>Bonnae</span> <span class='ocrx_word' id='word_1_437' title='bbox 797 2828 882 2858; x_wconf 84' lang='lat' dir='ltr'>may</span> <span class='ocrx_word' id='word_1_438' title='bbox 900 2819 944 2849; x_wconf 91' lang='lat' dir='ltr'>be</span> <span class='ocrx_word' id='word_1_439' title='bbox 961 2829 1009 2849; x_wconf 84' lang='lat' dir='ltr'>an</span> <span class='ocrx_word' id='word_1_440' title='bbox 1078 2817 1280 2853; x_wconf 81' lang='lat' dir='ltr'>Friesland‚</span> <span class='ocrx_word' id='word_1_441' title='bbox 1314 2822 1427 2847; x_wconf 87' lang='lat' dir='ltr'>count</span> <span class='ocrx_word' id='word_1_442' title='bbox 1463 2817 1501 2847; x_wconf 83' lang='lat' dir='ltr'>of</span> <span class='ocrx_word' id='word_1_443' title='bbox 1536 2817 1832 2857; x_wconf 82' lang='lat' dir='ltr'>Hoogstraeten;</span> 
     </span>
    </p>

    <p class='ocr_par' dir='ltr' id='par_1_17' title="bbox 252 2861 1758 2946">
     <span class='ocr_line' id='line_1_49' title="bbox 252 2861 1758 2901; baseline -0.001 -9"><span class='ocrx_word' id='word_1_444' title='bbox 252 2872 353 2892; x_wconf 87' lang='lat' dir='ltr'>error</span> <span class='ocrx_word' id='word_1_445' title='bbox 369 2862 406 2892; x_wconf 82' lang='lat' dir='ltr'>of</span> <span class='ocrx_word' id='word_1_446' title='bbox 425 2862 601 2892; x_wconf 86' lang='lat' dir='ltr'>Erasmus</span> <span class='ocrx_word' id='word_1_447' title='bbox 618 2862 675 2892; x_wconf 82' lang='lat' dir='ltr'>for</span> <span class='ocrx_word' id='word_1_448' title='bbox 692 2861 871 2892; x_wconf 78' lang='lat' dir='ltr'>Coloniae.</span> <span class='ocrx_word' id='word_1_449' title='bbox 1079 2872 1137 2892; x_wconf 85' lang='lat' dir='ltr'>see</span> <span class='ocrx_word' id='word_1_450' title='bbox 1155 2861 1261 2891; x_wconf 87' lang='lat' dir='ltr'>Cran.</span> <span class='ocrx_word' id='word_1_451' title='bbox 1281 2861 1323 2891; x_wconf 91' lang='lat' dir='ltr'>E.</span> <span class='ocrx_word' id='word_1_452' title='bbox 1343 2871 1378 2901; x_wconf 93' lang='lat' dir='ltr'>p.</span> <span class='ocrx_word' id='word_1_453' title='bbox 1398 2870 1482 2900; x_wconf 88' lang='lat'><strong>347;</strong></span> <span class='ocrx_word' id='word_1_454' title='bbox 1507 2861 1552 2890; x_wconf 82' lang='lat' dir='ltr'>cf.</span> <span class='ocrx_word' id='word_1_455' title='bbox 1573 2861 1641 2901; x_wconf 90' lang='lat' dir='ltr'>Ep.</span> <span class='ocrx_word' id='word_1_456' title='bbox 1661 2862 1758 2898; x_wconf 82' lang='lat'>2961.</span> 
     </span>
     <span class='ocr_line' id='line_1_50' title="bbox 298 2905 1751 2946; baseline -0.001 -10"><span class='ocrx_word' id='word_1_457' title='bbox 298 2907 396 2945; x_wconf 76' lang='lat'>67—8.</span> <span class='ocrx_word' id='word_1_458' title='bbox 422 2906 703 2943; x_wconf 86' lang='lat' dir='ltr'>monachorum]</span> <span class='ocrx_word' id='word_1_459' title='bbox 737 2905 781 2935; x_wconf 90' lang='lat' dir='ltr'>In</span> <span class='ocrx_word' id='word_1_460' title='bbox 811 2906 882 2946; x_wconf 88' lang='lat' dir='ltr'>Ep.</span> <span class='ocrx_word' id='word_1_461' title='bbox 915 2906 1009 2944; x_wconf 81' lang='lat'>1528.</span> <span class='ocrx_word' id='word_1_462' title='bbox 1125 2915 1176 2944; x_wconf 87' lang='lat'>77.</span> <span class='ocrx_word' id='word_1_463' title='bbox 1204 2906 1324 2935; x_wconf 86' lang='lat' dir='ltr'>inter.</span> <span class='ocrx_word' id='word_1_464' title='bbox 1347 2930 1352 2935; x_wconf 91' lang='lat'>.</span> <span class='ocrx_word' id='word_1_465' title='bbox 1374 2929 1380 2934; x_wconf 92' lang='lat'>.</span> <span class='ocrx_word' id='word_1_466' title='bbox 1400 2905 1546 2942; x_wconf 81' lang='lat' dir='ltr'>saxum]</span> <span class='ocrx_word' id='word_1_467' title='bbox 1566 2905 1678 2942; x_wconf 75' lang='lat' dir='ltr'>Aday.</span> <span class='ocrx_word' id='word_1_468' title='bbox 1701 2912 1751 2942; x_wconf 84' lang='lat'>15.</span> 
     </span>
    </p>

    <p class='ocr_par' dir='ltr' id='par_1_18' title="bbox 258 2948 1831 2989">
     <span class='ocr_line' id='line_1_51' title="bbox 258 2948 1831 2989; baseline -0.001 -10"><span class='ocrx_word' id='word_1_469' title='bbox 258 2958 295 2979; x_wconf 85' lang='lat'>12</span> <span class='ocrx_word' id='word_1_470' title='bbox 322 2949 385 2980; x_wconf 89' lang='lat' dir='ltr'>the</span> <span class='ocrx_word' id='word_1_471' title='bbox 413 2949 556 2980; x_wconf 88' lang='lat' dir='ltr'>dictum</span> <span class='ocrx_word' id='word_1_472' title='bbox 585 2950 614 2980; x_wconf 88' lang='lat' dir='ltr'>is</span> <span class='ocrx_word' id='word_1_473' title='bbox 641 2949 851 2980; x_wconf 83' lang='lat' dir='ltr'>attributed</span> <span class='ocrx_word' id='word_1_474' title='bbox 880 2954 920 2980; x_wconf 87' lang='lat' dir='ltr'>to</span> <span class='ocrx_word' id='word_1_475' title='bbox 947 2950 1011 2980; x_wconf 88' lang='lat' dir='ltr'>the</span> <span class='ocrx_word' id='word_1_476' title='bbox 1125 2950 1177 2979; x_wconf 87' lang='lat'>81.</span> <span class='ocrx_word' id='word_1_477' title='bbox 1206 2948 1386 2988; x_wconf 83' lang='lat' dir='ltr'>Fuggero]</span> <span class='ocrx_word' id='word_1_478' title='bbox 1404 2948 1469 2980; x_wconf 85' lang='lat' dir='ltr'>See</span> <span class='ocrx_word' id='word_1_479' title='bbox 1486 2948 1583 2989; x_wconf 86' lang='lat' dir='ltr'>Epp.</span> <span class='ocrx_word' id='word_1_480' title='bbox 1600 2948 1695 2978; x_wconf 80' lang='lat'>2818.</span> <span class='ocrx_word' id='word_1_481' title='bbox 1713 2956 1831 2988; x_wconf 86' lang='lat'>39—43‚</span> 
     </span>
    </p>

    <p class='ocr_par' dir='ltr' id='par_1_19' title="bbox 256 2993 1315 3033">
     <span class='ocr_line' id='line_1_52' title="bbox 256 2993 1315 3033; baseline -0.001 -10"><span class='ocrx_word' id='word_1_482' title='bbox 256 2993 458 3025; x_wconf 76' lang='lat' dir='ltr'>Minorites.</span> <span class='ocrx_word' id='word_1_483' title='bbox 1080 2993 1176 3033; x_wconf 79' lang='lat'>2845.</span> <span class='ocrx_word' id='word_1_484' title='bbox 1197 2993 1315 3033; x_wconf 81' lang='lat'>38-47.</span> 
     </span>
    </p>
   </div>
  </div>
 </body>
</html>
