1966 3379
256 110 334 147 226
696 109 953 149 LETTERS
984 110 1054 149 OF
1085 110 1351 150 ERASMUS
1697 115 1819 163 [1533

197 222 236 252 55
311 213 522 250 Aleander
552 213 733 252 libenter
763 219 825 252 est
858 215 1069 261 Venetiae,
1099 217 1291 264 quesitus
1322 220 1388 253 est
1419 217 1586 262 titulus,
1618 230 1702 266 quo
1734 218 1818 256 illic

257 272 355 317 agat
378 268 607 305 honestius,

314 322 443 360 Vidae
484 323 588 360 nihil
629 323 727 360 vidi.
795 323 903 360 Ricii
945 324 1074 361 libros
1114 326 1265 374 cupide
1306 325 1454 373 legam,
1497 327 1530 362 si
1569 326 1816 376 prodierint.

257 376 494 414 Canonicus
513 377 803 415 Praefationcs
825 378 877 415 ad
900 391 966 415 me
983 380 1155 416 miserat
1178 392 1306 417 manu
1324 380 1569 429 descriptas.
1621 381 1817 418 Miseram

257 431 520 481 Hieronymo
543 436 591 469 vt
613 431 801 469 libellum
831 433 1005 470 adderet
1031 432 1348 483 Chrysostomo,
1371 447 1425 471 an
1454 435 1601 472 fecerit
1628 435 1817 473 nondum

195 488 238 517 60
256 486 352 523 scio.

312 540 361 577 In
391 540 667 578 describenda
695 541 793 579 Vita
820 541 1021 591 Cypriani
1051 555 1098 580 ac
1127 542 1398 581 Sermonibus
1427 543 1650 589 Ambrosii,
1674 544 1817 589 nolim,

257 595 313 631 mi
337 594 456 643 Vigli,
474 600 517 632 te
539 608 702 633 sumere
724 609 908 645 operam.
970 597 1054 634 Res
1077 599 1189 635 tanti
1211 610 1295 635 non
1316 604 1405 643 est;
1435 599 1468 634 si
1490 603 1611 647 potes
1634 600 1819 637 nancisci

256 650 329 698 qui
350 650 540 687 mercede
562 650 787 695 describat,
810 651 968 688 curabo
989 656 1037 688 vt
1061 652 1346 701 Hieronymus
1368 652 1566 690 resoluat.

311 703 582 742 Architectus
624 704 691 742 ille
731 705 1061 754 Amphitheatri,
1102 720 1248 744 vercor
1288 720 1339 744 ne
1380 719 1464 744 non
1505 709 1689 757 reperiat
1729 712 1817 745 tam

195 760 236 796 65
256 758 426 795 obuiam
450 758 577 808 Regis
598 759 899 797 liberalitatem
922 773 1050 809 quam
1080 761 1224 799 credit.
1286 761 1335 798 In
1361 774 1488 799 causa
1512 775 1601 799 esse
1627 763 1820 800 scribunt

255 813 476 850 cuiusdam
504 814 738 863 trapezitae
763 814 995 864 perfidiam,
1019 816 1090 864 qui
1119 829 1263 853 mensa
1289 821 1415 866 rupta
1445 819 1509 863 (vt
1530 817 1667 864 aiunt)
1698 818 1818 866 fugit,

255 879 279 904 a
300 867 512 917 pontifice,
535 874 583 905 vt
611 869 772 917 opinor,
799 870 967 906 veniam
996 871 1314 920 impetraturus.
1377 870 1692 908 professoribus
1721 872 1816 909 Lin-

255 934 433 970 guarum
460 923 543 960 iam
569 927 662 960 toto
691 923 860 961 biennio
890 936 1012 961 nemo
1043 926 1286 962 numerauit
1313 938 1472 971 assem3
1505 938 1649 963 omnes
1675 928 1819 975 itaque

255 989 279 1013 a
302 976 565 1014 Professione
587 977 856 1023 destiterunt,
879 983 1058 1028 excepto
1080 992 1164 1017 vno
1187 979 1392 1017 Tussano.

195 1040 236 1071 70
310 1030 372 1068 De
394 1031 556 1069 Bembo
577 1045 684 1080 quae
707 1032 852 1070 scribis
874 1034 1016 1070 omnia
1045 1033 1147 1071 mihi
1174 1034 1290 1072 fuere
1316 1035 1590 1074 vehementer
1618 1035 1816 1074 iucunda.

256 1084 313 1123 Te
335 1085 411 1123 tali
433 1087 524 1123 viro
545 1086 720 1124 charum
741 1100 830 1124 esse
852 1100 1119 1137 summopere
1141 1089 1317 1137 gaudeo.
1378 1089 1477 1139 Legi
1498 1103 1633 1140 nuper
1653 1090 1819 1139 aliquot

255 1140 565 1178 adolescentiae
605 1140 717 1178 illius
757 1141 1153 1191 progymnasmata,
1187 1143 1519 1193 perplacuerunt
1554 1145 1708 1188 omnia,
1745 1144 1818 1182 sed

254 1196 478 1244 praecipue
505 1196 669 1233 Aetna:
702 1195 753 1233 de
781 1208 865 1244 qua
890 1196 993 1234 mihi
1024 1210 1272 1246 persuasum
1297 1202 1390 1236 erat
1419 1199 1500 1236 iam
1531 1199 1633 1237 nihil
1665 1199 1819 1237 habere

254 1249 448 1288 incendii.

195 1314 235 1345 75
309 1303 490 1342 Graecas
511 1305 803 1343 institutiones
828 1318 901 1355 per
928 1310 970 1343 te
991 1306 1236 1344 melioribus
1261 1308 1458 1357 auspiciis
1483 1308 1684 1358 euulgari‚
1707 1321 1817 1346 sum-

254 1371 423 1408 mopere
462 1359 637 1408 gaudeo.
702 1358 796 1397 Scio
835 1373 922 1397 rem
962 1360 1260 1411 Norenbergae
1304 1362 1432 1400 fuisse
1477 1364 1817 1413 praecipitatam,

254 1412 514 1451 Aleandrum
546 1414 664 1451 nulla
695 1416 912 1452 occasione
943 1415 1070 1453 velim
1101 1416 1177 1453 abs
1208 1421 1250 1453 te
1281 1417 1450 1461 offendi,
1482 1418 1596 1467 quod
1632 1431 1698 1455 me
1733 1418 1818 1456 scio

253 1467 413 1505 frustra
452 1481 633 1513 monere,
674 1469 873 1506 videlicet
912 1482 1153 1508 memorem.
1216 1471 1362 1509 Habes
1406 1472 1537 1510 ferme
1577 1473 1631 1510 ad
1673 1485 1818 1510 omnes

253 1522 458 1572 epistolae
479 1527 578 1560 tuae
599 1527 753 1572 partes.

194 1579 236 1609 80
309 1576 490 1627 Scaliger
520 1578 717 1616 Lutetiae
746 1578 880 1616 edidit
910 1579 1075 1628 aliquot
1105 1580 1262 1618 selecta
1294 1594 1315 1618 e
1346 1581 1485 1619 tribus
1515 1581 1688 1619 milibus
1720 1581 1817 1631 Epi-

253 1636 504 1680 grammata.
552 1632 776 1670 Praefatur
793 1634 835 1670 in
853 1633 915 1670 his
932 1634 1035 1671 nihil
1053 1647 1139 1672 esse
1157 1635 1308 1681 dentis,
1327 1636 1441 1685 quod
1458 1637 1670 1686 ingenium
1688 1637 1819 1686 ipsius

254 1698 418 1736 semper
439 1687 709 1725 abhorruerit
725 1688 778 1725 ab
796 1689 910 1725 omni
927 1689 1222 1727 mordacitate.
1265 1690 1479 1740 Expectat
1502 1692 1818 1740 responsionem

253 1753 403 1786 meam,
435 1746 479 1779 et
508 1742 592 1779 iam
626 1744 796 1791 parauit
828 1742 954 1780 aliam
987 1744 1259 1782 inuectiuam.
1319 1745 1375 1782 At
1407 1758 1482 1795 ego
1517 1745 1672 1783 librum
1708 1745 1819 1783 illius

255 1795 443 1833 nondum
477 1796 656 1846 perlegi:
693 1797 917 1846 degustaui
948 1802 1133 1836 tantum.
1193 1798 1431 1849 Sepulueda
1464 1800 1589 1838 rediit
1622 1801 1663 1837 in
1698 1813 1818 1838 suam

194 1852 234 1890 85
254 1849 515 1900 Hispaniam·
528 1851 570 1888 in
599 1852 809 1889 comitatu
837 1852 997 1897 Inachi,
1020 1851 1254 1891 Cardinalis
1281 1858 1324 1891 et
1352 1854 1551 1904 Episcopi
1578 1854 1816 1904 BurgensiS,

255 1905 372 1942 cuius
394 1904 506 1944 fideli
524 1918 651 1956 opera
668 1911 821 1944 nactus
842 1920 934 1944 sum
957 1909 1199 1945 notationes
1216 1907 1416 1946 Stunicae
1434 1910 1476 1947 in
1494 1909 1816 1958 Hieronymum,

254 1963 297 1996 et
318 1960 359 1996 in
386 1959 699 1998 Annotationes
727 1974 842 1999 meas
870 1962 911 1998 in
940 1961 1112 2000 Nouum
1142 1962 1480 2009 Testamentum,
1503 1977 1609 2013 quas
1636 1965 1818 2001 moriens

254 2014 438 2062 reliquit,
467 2027 553 2052 non
583 2015 782 2061 edendaS,
812 2016 884 2054 sed
914 2016 969 2053 ad
996 2029 1062 2054 me
1090 2018 1460 2056 transmittendas.
1521 2018 1644 2064 Quod
1672 2023 1817 2056 tamen

254 2080 327 2117 per
348 2068 631 2118 Sepuluedam
654 2083 873 2119 nunquam
895 2070 1045 2108 fuisset
1065 2071 1242 2117 factum,
1260 2073 1303 2109 ni
1324 2072 1508 2111 Inachus
1529 2073 1572 2111 id
1593 2073 1818 2119 diligenter

193 2135 236 2163 90
255 2127 455 2160 curasset.
516 2124 618 2161 Mire
640 2124 782 2173 placet
803 2125 881 2162 sibi
903 2125 953 2162 de
975 2138 1052 2163 suo
1073 2126 1228 2171 libello,
1251 2139 1383 2176 quum
1403 2127 1508 2165 nihil
1531 2128 1583 2165 sit
1610 2128 1816 2165 stolidius.

254 2176 370 2214 Nihil
401 2177 501 2227 legit
532 2191 736 2224 meorum,
768 2183 939 2217 tantum
971 2193 1081 2230 quae
1112 2181 1153 2218 in
1184 2181 1340 2219 fabulis
1367 2182 1546 2227 audiuit,
1577 2187 1815 2231 exaggerat.

254 2231 305 2268 In
326 2231 479 2270 litteris
506 2237 648 2270 tamen
675 2234 729 2271 ad
760 2247 825 2271 me
851 2235 947 2279 suis,
970 2235 1133 2272 fatetur
1160 2236 1343 2284 quedam
1371 2236 1557 2274 odiosius
1584 2237 1711 2281 dicta,
1733 2249 1818 2274 non

253 2299 305 2323 ex
336 2299 412 2324 suo
442 2288 674 2331 stomacho,
703 2288 776 2326 sed
806 2289 848 2326 in
877 2290 1058 2338 gratiam
1087 2290 1162 2327 Pio
1188 2290 1442 2329 fauentium.
1499 2291 1566 2329 An
1596 2304 1681 2328 non
1708 2291 1819 2329 bella

253 2342 480 2390 purgatio?
535 2340 614 2379 Sed
636 2343 738 2392 quid
760 2343 918 2381 faceret
940 2343 1065 2381 homo
1086 2345 1334 2383 modestus?
1388 2345 1440 2383 Ni
1463 2345 1642 2391 fecisset,
1665 2358 1816 2383 renun-

193 2407 235 2437 95
254 2395 426 2432 ciabant
447 2396 507 2433 illi
528 2397 774 2435 amiciciam.
826 2397 917 2435 Risi
939 2399 1054 2443 satis,
1078 2411 1208 2448 quum
1230 2412 1297 2437 me
1318 2413 1403 2438 non
1424 2401 1508 2438 iam
1530 2400 1728 2445 Luciano,
1746 2400 1819 2438 sed

254 2449 504 2499 blasphemo
543 2451 721 2489 Auerroi
754 2452 902 2490 multis
936 2453 1130 2502 partibus
1162 2456 1398 2504 anteponit.
1458 2455 1538 2492 Hic
1571 2460 1661 2493 erat
1701 2455 1818 2493 locus

254 2505 565 2554 expromenda&
586 2505 811 2556 δεινότητος
832 2511 903 2556 τῆς
923 2507 1234 2558 Δημοσθενικῆς.

309 2558 448 2604 Quum
480 2559 579 2597 Pius
610 2561 811 2610 deceptus
843 2562 995 2600 scheda
1025 2564 1259 2612 cuiuspiam
1289 2564 1500 2609 conducti,
1530 2565 1603 2613 qui
1629 2568 1815 2609 notarat,

254 2612 457 2650 Erasmus
491 2615 601 2652 ridet
633 2615 922 2659 anathemata,
954 2621 1048 2655 toto
1079 2618 1217 2667 capite
1253 2618 1443 2655 defendit
1477 2619 1815 2656 excommunica-

175 2680 236 2701 100
255 2668 390 2705 tiones
411 2668 634 2717 pontificis,
657 2682 789 2718 quum
810 2683 886 2720 ego
910 2671 1062 2720 loquar
1089 2671 1140 2709 de
1165 2673 1292 2710 cereis
1320 2673 1585 2722 imaginibus,
1607 2672 1816 2710 Italorum

297 2798 350 2826 59.
377 2788 618 2829 Hieronymo]
636 2790 783 2821 ‹Jerome
801 2791 955 2822 Froben.
1070 2791 1209 2833 college
1221 2793 1265 2823 de
1282 2793 1420 2824 Franee
1431 2794 1476 2824 cf.
1490 2793 1559 2834 Ep.
1579 2796 1664 2833 2456
1680 2793 1815 2824 introd.

298 2835 351 2863 61.
377 2832 463 2863 Vita
494 2833 682 2874 Cypriani]
715 2835 779 2865 See
807 2835 876 2875 Ep.
903 2837 999 2874 2716.
1114 2838 1166 2867 86.
1193 2838 1404 2867 notationes
1433 2837 1619 2875 Stunicae]
1654 2837 1718 2868 See
1743 2837 1812 2877 Ep.

257 2885 355 2915 134n.
1069 2888 1152 2919 2705
1184 2879 1279 2912 from
1310 2881 1414 2921 Inigo
1446 2881 1490 2911 de
1518 2881 1716 2916 Mendoza;
1746 2881 1816 2920 Ep.

298 2922 350 2958 67.
375 2920 660 2959 Professoribus]
672 2921 742 2952 For
753 2922 816 2952 the
827 2923 999 2962 appoint-
1068 2932 1163 2962 2701.
1181 2933 1239 2960 on.

253 2968 355 2994 ment
380 2964 418 2994 of
441 2964 505 2995 the
533 2965 613 2995 first
641 2965 842 3005 professors
868 2970 908 2997 at
936 2966 1000 2997 the
1110 2977 1163 3004 92.
1190 2967 1338 3006 litteris]
1356 2968 1451 3008 Epp.
1471 2970 1567 3008 2637,
1587 2976 1682 3007 2729.
