1966 3379
55 143 174 192 2699]
452 139 611 179 FRoM
641 138 988 178 STANISLAUS
1020 139 1212 178 TURzo
1565 141 1615 178 79

51 250 95 284 et
117 247 281 297 integra
302 246 380 283 tibi
408 244 523 294 apud
551 257 626 282 nos
655 245 807 282 omnia.
867 243 955 281 Nec
983 247 1049 282 est
1077 248 1167 281 tam
1196 245 1362 294 procaci
1390 245 1615 294 quisquam

52 301 208 350 lingua,
227 301 299 350 qui
320 299 437 337 aliud
453 299 621 348 quiduis
642 312 690 336 ac
712 302 910 348 oporteat
926 298 977 336 de
995 302 1037 336 te
1059 298 1181 336 nobis
1198 299 1450 348 persuadere
1468 301 1614 348 possit,
1636 315 1676 344 30

52 355 223 405 quando
238 355 367 405 probe
382 354 671 403 intelligamus
680 366 764 402 quo
779 354 933 398 animo,
946 365 1030 402 qua
1041 352 1121 390 fide
1136 354 1435 402 etintegritate
1450 354 1616 403 singula

52 410 224 455 scribas,
246 421 522 458 quaecunque
544 407 765 446 scribenda
785 412 862 445 aut
882 407 1207 457 interpretanda
1233 409 1476 457 susceperis.

105 463 187 502 Sed
207 464 310 502 dum
336 463 438 500 haec
466 463 520 500 ad
551 467 592 500 te
621 462 857 507 scribimus,
883 475 977 500 ecce
1006 462 1084 499 tibi
1112 463 1371 499 certissimus
1400 464 1517 500 venit
1544 476 1613 500 ex-

51 519 254 569 plorator,
277 519 349 568 qui
372 530 448 555 nos
470 517 745 555 vehementer
766 517 817 554 de
846 517 983 555 Turca
1012 518 1245 562 exterruit;
1278 517 1399 554 celeri
1421 518 1615 567 inquiens

50 574 214 619 itinere,
237 576 410 610 vastata
437 573 552 622 prius
579 572 811 617 Pannonia,
834 573 876 609 in
897 571 1064 621 Syriam
1087 573 1298 621 irrupisse,
1320 584 1499 621 eamque
1520 585 1613 621 pro-
1636 587 1675 617 35

51 629 233 666 uinciam
264 627 388 672 ferro,
420 628 513 677 igne
547 631 590 664 et
621 627 748 664 caede
784 639 951 671 vexare,
984 626 1206 675 multaque
1239 627 1323 664 iam
1359 627 1401 664 in
1434 628 1614 664 cinerem

50 682 268 732 redegisse,
284 682 408 719 sicuti
424 683 578 731 passim
597 681 793 719 omnibus
814 681 918 718 facit
936 681 1190 730 regionibus,
1207 681 1262 718 ad
1280 694 1555 731 quascunque
1573 695 1615 719 se

50 738 265 787 receperit.
313 737 494 774 Proinde
512 738 703 786 cogimur
720 736 816 773 huic
832 736 1036 786 epistolae
1054 736 1179 773 finem
1197 737 1425 785 imponere,
1441 740 1484 773 et
1500 737 1615 786 quod

49 796 141 829 erat
157 793 199 830 in
220 796 389 841 pectore
411 792 452 829 in
473 791 591 829 aliud
610 800 812 841 seponere
834 794 1016 840 tempus.
1057 790 1148 828 Nisi
1168 791 1281 828 enim
1304 792 1517 841 propicius
1540 804 1616 828 nos

49 846 164 884 Deus
184 847 430 896 respexerit,
453 846 730 884 metuendum
751 850 829 890 est,
851 859 903 896 ne
925 858 1001 883 nos
1030 845 1094 882 hic
1123 849 1379 895 praepotens
1408 850 1616 895 tyrannus
1636 862 1677 892 40

50 901 159 939 male
184 901 376 938 mulctet.
416 900 571 939 Verum
594 901 648 938 ab
671 900 749 938 hac
771 905 894 950 parte
915 913 1074 938 vanum
1096 901 1291 950 cupimus
1313 913 1434 950 agere
1457 905 1614 939 vatem.

49 955 152 994 Vale
173 956 302 1005 igitur
322 956 423 993 felix
445 960 489 993 et
510 955 743 993 incolumis.

104 1010 267 1048 Datum
288 1010 501 1048 Cremsirii
522 1014 677 1048 octaua
698 1010 891 1060 Augusti.
924 1021 1163 1048 M.D.xxx11.

426 1219 554 1256 2700.
620 1216 686 1256 To
709 1215 930 1256 CHARLES
954 1215 1237 1257 UTENHOVE.

98 1307 306 1352 Epistolae
325 1307 590 1340 Palaeonaeoi
610 1318 647 1350 p.
674 1316 752 1350 150.
1326 1306 1531 1350 Freiburg.

95 1357 145 1390 N.
167 1367 204 1401 p.
230 1359 344 1400 1064:
374 1356 499 1390 Lond.
522 1356 642 1390 xxvii.
666 1366 708 1398 5:
739 1356 820 1390 LB.
846 1366 951 1399 1230.
1239 1366 1260 1397 9
1280 1356 1439 1399 August
1462 1366 1565 1399 1532.

333 1434 455 1461 ERAS.
478 1434 574 1461 ROT.
600 1433 770 1461 CAROLO
792 1433 1050 1461 VTENHOVIO
1072 1433 1284 1461 GANDAVO
1307 1434 1339 1460 S.

102 1494 267 1532 ACCEPI
306 1494 452 1532 literas
494 1498 591 1532 tuas
631 1495 734 1532 mire
775 1494 973 1543 querulas
1013 1498 1143 1543 atque
1182 1494 1313 1531 etiam
1355 1494 1615 1544 iurgatrices,

46 1548 195 1588 Carole
223 1549 478 1595 charissime,
507 1549 662 1599 quibus
690 1549 796 1587 adeo
824 1562 909 1586 non
937 1562 1030 1586 sum
1057 1549 1244 1587 offensus
1273 1553 1321 1586 vt
1348 1549 1444 1586 hinc
1472 1550 1616 1599 potius

47 1605 333 1655 perspexerim
354 1604 731 1654 flagrantissimum
754 1608 877 1641 tuum
901 1605 942 1641 in
971 1617 1037 1641 me
1065 1617 1267 1649 amorem,
1290 1617 1337 1642 ac
1366 1617 1473 1654 pene
1501 1604 1614 1642 dixe-

47 1660 125 1697 rim
157 1660 444 1704 immodicum,
476 1672 608 1709 eoque
640 1659 897 1709 zelotypum.
958 1658 1073 1697 Scito
1104 1659 1209 1696 nihil
1245 1672 1333 1697 esse
1363 1659 1477 1708 quod
1513 1659 1616 1697 mihi

46 1715 110 1752 tui
138 1714 393 1752 obliuionem
422 1714 651 1759 induxerit,
681 1719 757 1752 aut
786 1727 927 1752 meum
955 1715 1145 1752 animum
1173 1714 1249 1752 abs
1278 1718 1319 1751 te
1351 1714 1613 1759 alienauerit,
1636 1734 1653 1763 5

47 1769 184 1807 multo
218 1770 357 1807 minus
390 1769 504 1818 quod
540 1770 710 1807 iritarit.
770 1768 851 1807 Sed
888 1774 929 1807 te
970 1782 1055 1807 non
1095 1773 1239 1819 potest
1278 1769 1422 1813 latere,
1460 1769 1615 1818 quibus

47 1837 210 1874 semper
226 1824 465 1862 studiorum
483 1824 618 1870 vndis,
634 1824 787 1874 quibus
804 1837 909 1874 pene
927 1837 1092 1874 semper
1108 1824 1318 1862 fasciculis
1335 1824 1614 1874 epistolarum

46 1878 213 1916 obruar.
275 1879 352 1916 His
383 1883 651 1916 accesserunt
678 1892 802 1917 curae
832 1879 1104 1924 domesticae,
1134 1892 1158 1916 a
1185 1879 1340 1928 quibus
1368 1892 1454 1928 quo
1483 1880 1615 1929 magis

46 1933 249 1972 abhorret
270 1935 415 1983 genius
437 1947 568 1979 meus,
592 1935 669 1972 hoc
691 1947 761 1972 eas
782 1934 870 1972 fero
893 1934 1126 1972 molestius.
1186 1934 1400 1971 Accrescit
1422 1934 1554 1979 labor,
1572 1938 1615 1972 et

46 1987 295 2026 decrescunt
326 1989 446 2026 vires.
507 1988 617 2034 Quid
646 1989 759 2038 quod
791 2002 996 2039 perquam
1028 2001 1122 2026 raro
1152 1989 1383 2039 obtingunt
1414 1990 1487 2038 qui
1519 1989 1614 2027 hinc
1637 2009 1676 2029 10

45 2048 197 2093 petant
220 2043 477 2089 Flandriam,
494 2048 537 2081 et
559 2045 602 2081 in
624 2045 672 2081 iis
693 2045 766 2093 qui
787 2044 1016 2094 obtingunt
1037 2045 1163 2094 pauci
1184 2048 1283 2082 sunt
1304 2044 1460 2093 quibus
1481 2045 1615 2093 possit

47 2098 209 2147 aliquid
227 2102 323 2136 tuto
338 2100 561 2136 committi.
600 2099 692 2137 Hoc
708 2099 854 2136 multis
869 2099 1424 2148 experimentisdidicimus.
1466 2099 1615 2148 Neque

47 2165 132 2190 non
165 2153 294 2199 vides,
329 2154 565 2191 cuiusmodi
597 2155 651 2191 sit
685 2153 762 2191 hoc
799 2153 1000 2192 seculum.
1061 2154 1215 2203 Itaque
1251 2154 1613 2203 quemadmodum

46 2208 294 2258 expostulas
324 2221 489 2246 mecum
518 2209 632 2258 quod
660 2208 764 2246 nihil
793 2209 989 2254 scribam,
1011 2221 1178 2259 possem
1208 2209 1432 2258 aliquanto
1462 2205 1614 2246 iustius

46 2265 189 2300 tecum
210 2263 483 2313 expostulare
505 2264 620 2313 quod
642 2263 719 2301 hoc
741 2276 881 2301 rerum
903 2268 1035 2309 statu,
1059 2277 1191 2313 quum
1219 2263 1384 2301 nullum
1411 2264 1466 2301 sit
1491 2277 1613 2313 argu·
1638 2283 1674 2311 15

47 2321 252 2363 mentum,
275 2319 464 2367 requiras
485 2331 510 2356 a
531 2332 597 2356 me
619 2319 840 2356 literarum
862 2319 1059 2363 officium,
1078 2331 1186 2368 quae
1204 2318 1308 2356 nihil
1326 2319 1515 2356 habeant
1536 2319 1616 2356 nisi

45 2370 88 2410 Si
110 2372 238 2418 vales,
261 2373 394 2411 valeo.
454 2372 566 2411 Satis
591 2374 777 2412 arbitror
805 2375 839 2411 si
867 2378 915 2411 tu
944 2373 1122 2419 salueas,
1145 2375 1311 2411 etiamsi
1333 2387 1417 2411 non
1446 2373 1614 2411 iubeam

47 2426 220 2473 saluere,
242 2431 285 2465 et
307 2427 448 2465 valeas
470 2429 637 2465 etiamsi
657 2441 740 2466 non
762 2429 932 2466 iubeam
955 2428 1108 2466 valere.

101 2482 288 2520 Tantum
329 2483 382 2520 ad
423 2487 543 2520 tuam
583 2483 987 2532 expostulationem,
1029 2483 1106 2521 hoc
1146 2484 1388 2532 gratiorem,
1425 2495 1510 2532 quo
1549 2487 1614 2520 est

46 2535 225 2574 liberior.
286 2537 378 2575 Risi
408 2538 511 2575 satis
542 2538 654 2587 quod
688 2538 835 2575 scribis
867 2538 918 2575 de
949 2537 1188 2588 Seraphicis
1220 2538 1510 2583 histrionibus,
1542 2538 1613 2586 qui
1636 2556 1675 2576 :o

46 2603 112 2628 me
134 2592 261 2629 toties
283 2593 467 2630 occisum
489 2592 646 2643 lingua,
664 2593 804 2630 denuo
826 2593 950 2631 isthic
972 2593 1242 2643 sepelierunt,
1261 2593 1459 2630 videlicet
1482 2593 1611 2629 ictum

47 2645 235 2691 fulmine,
267 2647 526 2697 simulatque
557 2660 640 2685 non
670 2661 762 2685 sum
792 2649 954 2686 veritus
986 2649 1026 2685 in
1055 2653 1373 2685 sacrosanctum
1403 2647 1613 2684 Francis-ci

47 2699 247 2738 Ordinem
264 2701 528 2740 debacchari.
570 2703 659 2752 Ego
677 2716 777 2740 vero
799 2716 873 2740 nec
893 2704 934 2740 in
955 2704 1197 2752 aurigarum
1216 2703 1405 2739 ordinem
1424 2714 1611 2750 vnquam

48 2767 139 2792 sum
162 2756 461 2802 debacchatus,
485 2761 656 2795 tantum
680 2757 801 2795 abest
823 2762 871 2795 vt
895 2758 1222 2795 Franciscanum
1250 2756 1451 2795 Ordinem
1483 2757 1611 2793 inces-

555 2830 650 2859 2700.
676 2838 748 2859 TIT.
767 2838 948 2860 GANDAvo
967 2840 1033 2860 om.
1055 2830 1100 2859 N.

91 2914 186 2944 2700.
217 2925 242 2945 ι.
270 2915 408 2953 literas]
427 2916 500 2947 Not
518 2921 661 2947 extant.
863 2917 1089 2956 Serapfficae,
1129 2916 1248 2946 added
1289 2917 1323 2946 in
1366 2916 1428 2945 tlw
1471 2915 1611 2944 Froben

91 2967 142 2996 23.
169 2959 398 2997 debacchari]
457 2961 533 2990 'rho
590 2961 795 3001 Colloquies
863 2959 1611 3000 editionof1531,liudospcciallyincensed

48 3001 178 3032 Gorzcio
190 3003 266 3033 siue
281 3003 495 3035 AIcrdardus
509 3005 581 3035 and
599 3005 794 3044 Exscquiac
865 3005 927 3035 tho
947 3005 1193 3035 Francis-cuns.
