1966 3379
295 156 347 192 68
728 150 988 190 LETTERS
1019 150 1090 189 OF
1121 149 1390 189 ERASMUS
1754 151 1876 198 [1532

235 275 275 308 45
296 272 380 298 non
412 259 580 297 iudicio.
642 257 745 295 Mihi
773 257 944 295 abunde
973 258 1077 294 satis
1105 257 1247 301 fuerit,
1277 257 1310 293 si
1340 255 1462 293 bonis
1490 254 1767 299 satisfaciam,
1805 254 1877 292 sed

296 315 489 365 inprimis
510 313 692 352 Christo.

352 369 465 407 Illud
487 370 617 406 etiam
641 372 772 417 atque
801 368 932 405 etiam
962 367 1041 405 sibi
1072 366 1328 417 persuadeat
1358 365 1485 403 velim
1519 365 1569 402 R
1601 365 1648 402 T.
1678 364 1877 413 dignitas,

295 438 417 463 suam
439 424 778 461 admonitionem
807 423 909 460 mihi
939 422 1068 460 fuisse
1098 422 1236 459 multo
1264 421 1566 471 gratissimam,
1596 433 1726 469 quam
1762 420 1878 457 breui

296 480 397 518 faxo
419 484 468 517 vt
490 478 703 528 intelligas
726 491 810 516 non
833 478 961 515 fuisse
984 479 1165 515 inanem.
1218 477 1327 514 Nam
1352 476 1414 513 his
1431 475 1633 513 nundinis
1650 479 1878 512 autumna-

237 551 277 580 50
298 536 408 573 libus
441 535 518 572 hoc
550 534 772 571 absoluere
804 546 888 570 non
926 546 1110 583 possum.
1172 532 1236 569 Ad
1274 531 1450 573 Pascha,
1488 530 1660 567 fauente
1696 530 1879 574 Christo,

297 590 535 641 perfectum
558 589 729 627 curabo.
791 589 1071 626 Decreueram
1096 592 1140 625 et
1169 587 1287 631 illud,
1316 599 1338 623 e
1367 587 1537 635 scriptis
1560 586 1662 623 meis
1685 585 1880 634 colligere

298 647 339 683 in
362 658 493 683 vnum
517 657 625 694 quae
649 644 791 694 palam
814 643 1101 680 aduersantur
1121 641 1394 692 quorundam
1416 641 1639 678 calumniis
1660 644 1703 677 et
1727 641 1879 689 impro-

298 701 410 738 batis
432 699 732 749 dogmatibus,
760 698 924 741 deinde,
944 698 1036 736 loca
1053 702 1253 747 suspecta
1272 696 1336 734 vel
1356 696 1638 745 interpretari,
1659 695 1879 732 1010111011-

297 756 412 801 dare,
436 756 493 792 sic
512 759 560 791 vt
578 755 747 792 interim
766 754 926 791 nullius
944 753 1128 790 hominis
1145 756 1221 790 aut
1239 752 1398 789 ordinis
1415 764 1568 788 nomen
1587 750 1673 787 vllo
1691 750 1883 787 conuicio

238 825 278 856 55
297 811 624 861 perstringatur.
684 809 779 847 Scio
814 808 1023 858 quosdam
1062 809 1158 845 hinc
1194 807 1479 845 adornaturos
1515 805 1797 855 triumphum,
1838 808 1883 841 et

299 867 526 904 Erasmum
548 865 760 903 deiectum
785 864 1096 901 cliniitaturos
1158 862 1239 900 Sed
1268 862 1371 900 mihi
1401 862 1518 911 prius
1545 865 1611 898 est
1642 860 1757 910 quod
1785 873 1881 897 con-

299 921 419 959 ducit
439 920 639 958 ecclesiae
662 919 971 969 tranquillitati
994 932 1122 968 quam
1146 931 1240 955 11100
1263 918 1438 954 nomini.

355 976 397 1014 Si
422 976 591 1014 Christo
616 976 784 1025 probor,
808 975 842 1011 si
869 974 947 1011 tibi
981 974 1129 1023 tuique
1159 972 1382 1015 similibus
1405 972 1483 1033 qui
1508 984 1652 1008 veram
1681 970 1882 1008 eruditio-

300 1045 395 1069 nem
433 1044 531 1069 cum
567 1043 667 1068 vera
704 1031 865 1080 pietate
901 1030 1230 1073 coniunxerunt,
1265 1028 1370 1065 satis
1404 1028 1497 1064 1101.
1560 1026 1803 1076 Dignitates
1836 1039 1883 1063 ac

238 1098 280 1123 (1ο
300 1086 541 1125 sacerdotia
562 1085 667 1123 nihil
690 1083 1072 1134 1110101,ε’φημερος
1099 1084 1340 1127 Ι101111111(10,
1365 1086 1612 1132 pergratum
1636 1086 1783 1119 tamen
1804 1082 1885 1118 erit

300 1143 334 1180 si
357 1142 435 1179 hoc
457 1142 600 1191 agenti
621 1153 814 1178 summus
836 1140 1006 1177 Pontife
1012 1153 1037 1176 x
1060 1139 1220 1182 faueat,
1244 1115 1371 1187 idque
1393 1137 1538 1186 aliquo
1555 1136 1744 1175 declaret
1761 1149 1883 1185 argu-

300 1201 459 1235 mento.
522 1196 663 1234 Roma
698 1195 859 1233 multos
896 1196 978 1232 iam
1016 1194 1180 1232 libellos
1220 1193 1552 1242 sycophanticos
1592 1192 1714 1229 nobis
1755 1192 1884 1237 misit,

301 1265 433 1302 quum
459 1251 514 1289 ab
543 1252 627 1289 ista
655 1251 830 1301 pietatis
859 1263 954 1287 arce
980 1250 1157 1287 meliora
1184 1252 1385 1298 expectet
1412 1247 1540 1285 orbis.
1602 1247 1885 1284 Dissidiorum

300 1307 397 1358 plus
419 1307 524 1345 satis
545 1310 611 1344 est
632 1306 803 1355 vbique.
865 1305 989 1342 Tales
1012 1305 1143 1342 libelli
1166 1304 1271 1341 nihil
1298 1303 1415 1341 aliud
1442 1307 1542 1340 sunt
1568 1315 1698 1352 quam
1724 1302 1884 1340 dissen-

239 1371 281 1407 65
302 1363 468 1401 tionum
491 1362 730 1400 seminaria.
791 1360 906 1398 Bene
929 1360 1036 1398 vale.

357 1418 521 1456 Datum
539 1416 736 1467 Friburgi
758 1416 945 1466 Brisgoie
970 1429 1020 1453 .x.
1045 1414 1254 1452 Calendas
1276 1414 1473 1463 Augusti,
1496 1413 1622 1451 Anno
1645 1422 1885 1451 M.D.XXX11.

676 1567 807 1604 2691.
874 1563 941 1603 To
965 1562 1229 1603 ADOLPHUS
1253 1562 1512 1602 EreHHOLZ.

355 1655 520 1690 Buschii
540 1655 660 1689 Flora
681 1657 809 1697 (1550)
830 1654 876 1687 f0.
899 1653 949 1687 13⁷
970 1659 1026 1687 v0.
1582 1652 1787 1696 Freiburg.

1545 1713 1590 1746 24
1608 1701 1709 1746 July
1733 1711 1838 1744 1532.

348 1774 452 1812 [This
477 1773 588 1804 letter
612 1782 739 1803 occurs
765 1772 801 1802 in
826 1782 847 1802 a
872 1771 1063 1802 collection
1090 1771 1127 1801 of
1153 1773 1318 1801 extracts
1343 1770 1438 1800 from
1463 1770 1612 1800 ancient
1637 1769 1711 1800 and
1737 1769 1889 1799 modern

302 1819 445 1849 writers
470 1818 507 1848 in
529 1817 650 1858 praise
669 1817 707 1847 of
731 1815 902 1856 Cologne,
921 1816 1013 1846 whn
1017 1816 1040 1845 h
1061 1816 1090 1845 13
1109 1815 1257 1855 printed
1276 1818 1316 1845 at
1335 1814 1398 1844 the
1416 1814 1488 1845 end
1506 1815 1544 1844 of
1562 1814 1671 1844 Flora
1690 1813 1890 1844 Hermanm'

303 1862 457 1893 Buschii
493 1861 677 1901 Pasiphzli
713 1861 753 1891 in
774 1885 779 1890 .
803 1885 808 1890 .
831 1885 836 1890 .
856 1860 951 1891 vrbis
984 1860 1212 1898 Aqrzppinac
1245 1859 1415 1889 Coloniae
1448 1859 1602 1894 laudem,
1635 1858 1806 1898 Cologne
1841 1857 1888 1887 H.

303 1907 552 1942 Mameranus,
570 1914 674 1943 1550·
669 1930 674 1935 ,
702 1905 766 1935 the
779 1905 876 1935 book
889 1904 998 1944 being
1011 1903 1206 1934 dedicated
1221 1913 1267 1933 on
1284 1903 1347 1933 the
1362 1902 1458 1933 11110-
1451 1913 1557 1942 -page
1571 1902 1693 1932 andin
1705 1912 1726 1932 a
1744 1902 1891 1942 preface

303 1951 353 1991 by
378 1950 552 1981 Nicholas
580 1949 816 1980 Mameranus
845 1952 884 1979 to
911 1948 1106 1988 Adolphus
1139 1947 1315 1978 Eichholz
1348 1947 1548 1984 (Roboxius
1577 1957 1617 1977 or
1649 1946 1889 1986 Dryoxylus).

305 1995 376 2026 For
393 1994 569 2025 Eichholz
586 2004 645 2024 see
663 1993 732 2034 Ep.
751 1994 817 2023 866
834 1992 970 2024 introd.
1021 1992 1060 2022 P.
1081 1992 1114 2022 S.
1135 1991 1195 2029 A.]

491 2065 692 2091 ERASMVS
713 2063 1043 2091 ROTERODAMVS
1065 2062 1272 2089 ADOLPHO
1296 2061 1542 2088 DRYOXYLO
1565 2061 1645 2088 SVO
1668 2061 1700 2088 S.

360 2126 633 2165 GRATISSIMA
655 2125 740 2162 fuit
761 2124 945 2175 epistola
962 2128 1051 2169 tua,
1070 2122 1291 2172 Dryoxyle
1308 2123 1496 2167 chariss,
1514 2126 1723 2172 grataque
1741 2122 1892 2160 charta

307 2186 446 2220 totam
479 2181 700 2219 Coloniam
735 2184 1045 2230 representans.
1108 2179 1262 2216 Munus
1296 2178 1373 2215 hoc
1411 2182 1535 2215 tuum
1571 2179 1772 2227 exiguum
1808 2177 1890 2214 dici

305 2250 391 2275 non
413 2240 571 2287 potest,
594 2249 729 2285 quum
751 2235 902 2273 vrbem
928 2234 1206 2284 Agrippinam
1234 2238 1278 2271 et
1307 2233 1616 2283 amplissimam
1644 2237 1688 2270 et
1716 2232 1889 2283 opulen-

306 2293 516 2330 tissimam
539 2292 715 2338 miseris.
775 2289 967 2328 Scribam
990 2289 1095 2327 alias
1117 2289 1342 2338 copiosius.
1402 2288 1516 2325 Bene
1538 2288 1654 2326 Vale.

267 2356 286 2386 5
362 2347 573 2397 Friburgi,
597 2346 734 2396 pridie
757 2345 847 2383 diui
869 2344 1015 2383 Iacobi
1037 2343 1247 2394 Apostoli.
1307 2355 1435 2381 anno.
1463 2352 1580 2391 1532.

660 2486 852 2539 26922737
917 2483 984 2524 ΤΟ
1008 2482 1282 2524 CORNELIUS
1307 2481 1540 2522 AGRIPPA.

358 2575 563 2620 Agrippae
582 2574 717 2619 Opera
735 2574 761 2608 ii
781 2585 820 2619 p.
846 2584 951 2608 1010.
1583 2572 1790 2616 Freiburg.

356 2625 494 2659 Jortin
515 2625 554 2665 ii,
575 2636 614 2669 p.
636 2625 720 2669 468.
1547 2632 1591 2664 25
1611 2622 1712 2666 July
1736 2631 1840 2664 1532.

320 2692 413 2731 [The
431 2692 518 2723 date
536 2693 565 2723 is
582 2691 783 2723 confirmed
801 2692 850 2732 by
868 2691 932 2722 the
949 2691 1133 2721 reference
1151 2693 1190 2721 to
1208 2689 1480 2730 Polyphemum
1507 2699 1566 2720 see
1584 2689 1654 2730 Ep.
1675 2691 1770 2729 2649.
1786 2689 1880 2726 26n.]

829 2762 1031 2789 ERASMVS
1052 2762 1110 2788 AD
1133 2761 1369 2788 AGRIPPAM.

368 2823 499 2869 QVVM
522 2811 603 2861 huc
626 2823 819 2861 rediisset
841 2822 1132 2872 Polyphemus
1161 2834 1182 2858 0
1209 2821 1464 2865 Ratisbona‚
1493 2824 1537 2858 et
1565 2820 1821 2870 languebam
1850 2823 1893 2857 et

312 2879 603 2923 aedificabam,
640 2891 725 2928 quo
760 2878 865 2916 mihi
900 2877 1005 2915 nihil
1041 2877 1286 2915 molestius:
1323 2880 1367 2914 et
1402 2876 1615 2914 obruebar
1651 2875 1892 2913 studiorum

355 2978 452 3008 2690.
480 2987 532 3017 57.
559 2978 731 3009 ecclesiae
785 2977 1065 3017 tranquillitati]
1135 2977 1199 3007 the
1215 2977 1265 3006 De
1284 2976 1462 3007 Ecclesiae
1478 2975 1665 3006 concordia
1682 2974 1800 3005 which
1818 2984 1892 3005 was

311 3023 388 3053 The
402 3023 586 3054 reference
598 3023 627 3053 is
639 3026 678 3053 to
692 3022 755 3053 the
769 3022 1015 3062 composition
1029 3022 1066 3052 of
1136 3020 1333 3061 published
1352 3021 1389 3051 in
1408 3021 1471 3051 the
1488 3024 1647 3051 autumn
1665 3019 1702 3050 of
1723 3028 1817 3058 1533.
