1966 3379
226 339 243 367 5

203 613 241 633 10

199 886 236 914 15

195 1160 235 1181 20

191 1433 230 1462 25

189 1708 230 1737 30

187 1981 226 2011 35

266 112 344 149 216
698 111 955 150 LETTERS
986 111 1056 150 OF
1086 111 1353 151 ERASMUS
1713 115 1835 162 [1533

264 220 307 252 et
330 215 517 253 salutare
538 215 759 253 consilium
783 215 1012 265 reipublice
1034 228 1134 253 suae
1156 216 1239 253 iam
1264 215 1458 265 plurimis
1485 217 1527 253 in
1555 215 1656 254 locis
1684 218 1834 255 misere

265 269 525 307 labefactate
553 270 790 307 felicissime
815 271 999 308 cessisse.
1061 270 1242 308 Proinde
1270 283 1354 308 non
1376 271 1495 308 videt
1515 271 1670 320 quibus
1697 272 1834 310 modis

265 325 436 361 mortali
458 325 537 362 hac
560 326 601 362 in
620 326 709 362 vita
731 325 962 362 immortali
984 330 1059 362 tuo
1081 324 1283 362 beneficio
1304 338 1381 375 pro
1398 326 1560 363 meritis
1581 326 1833 376 respondere

264 384 405 427 queat.
452 379 669 423 Attamen,
686 392 736 417 ne
754 392 926 429 prorsus
944 381 1134 429 ingratus
1150 381 1430 425 existimetur,
1447 393 1638 418 annuum
1654 382 1834 431 triginta

261 446 486 471 aureorum
507 433 764 472 Renensium
782 447 936 472 munus
952 435 1043 479 tibi,
1061 434 1265 484 quamdiu
1282 435 1438 472 vixeris
1457 435 1588 484 (quod
1604 435 1832 485 longeuum

262 492 513 537 precamur),
536 502 750 538 assignare
772 489 922 527 voluit.
984 489 1075 527 Hoc
1097 489 1299 538 quicquid
1321 494 1386 527 est
1411 489 1727 528 munificenciae
1755 495 1832 529 aut

264 543 464 589 beneficii,
489 544 587 581 boni
609 544 806 581 consulas
829 548 1011 594 oportet,
1034 557 1131 581 nam
1160 557 1211 582 ex
1239 545 1390 594 optimi
1419 545 1618 594 principis
1646 544 1830 583 deuotis-

261 598 367 635 simo
387 611 486 647 erga
508 603 549 635 te
571 599 728 636 affectu
749 604 792 636 et
813 612 956 636 amore
978 603 1218 648 promanat.
1279 598 1455 636 Carolus
1476 599 1661 637 Harstus
1686 604 1832 638 noster

260 665 402 690 coram
436 653 680 691 numerabit
712 654 891 702 triginta
926 654 1026 691 iusti
1058 654 1255 703 ponderis
1289 666 1451 699 aurcos,
1485 654 1713 703 tradetque
1752 655 1831 693 tibi

259 709 462 757 principis
485 709 751 754 mandatum,
775 713 822 746 vt
844 721 909 746 res
930 713 1136 758 perpetuo
1159 713 1255 746 tuta
1282 709 1372 746 siet.
1433 708 1641 747 Ostendet
1662 722 1830 759 quoque

258 762 542 800 ordinacionis
563 765 729 813 capita;
762 763 1106 812 desiderabitque
1129 767 1176 800 vt
1197 763 1430 812 aliquando
1457 763 1639 801 dilucide
1666 768 1710 801 et
1738 777 1828 802 suc-

257 818 395 854 cincte
430 822 551 855 tuam
584 831 757 868 operam
793 819 835 855 in
869 819 1157 868 precacionem
1195 818 1465 863 dominicam,
1498 818 1752 867 symbolum,
1786 823 1830 857 et

258 876 459 922 precepta
486 872 647 910 domini
677 872 1049 910 concionatoribus
1080 874 1237 910 nostris
1268 874 1484 922 impertire
1514 886 1599 911 non
1626 875 1827 923 graueris,

256 927 429 975 quando
464 927 506 964 id
541 940 625 965 non
661 927 789 965 modo
822 928 1000 978 principi
1034 932 1181 965 nostro
1220 929 1509 977 gratissimum
1550 941 1698 965 verum
1738 928 1828 966 Deo

256 982 419 1031 optimo
440 983 628 1020 maximo
657 986 881 1032 acceptum
909 986 953 1020 et
982 982 1045 1019 his
1072 983 1315 1032 regionibus
1342 983 1625 1021 necessarium
1652 987 1696 1020 et
1724 983 1827 1021 vtile

254 1035 342 1074 fore
365 1036 548 1074 videtur.

310 1091 579 1141 Irrepserunt
601 1092 677 1129 has
699 1093 743 1129 in
764 1092 954 1141 regiones
975 1092 1081 1142 proh
1105 1092 1225 1130 dolor
1242 1092 1437 1130 nonnulli
1459 1092 1685 1130 execrandi
1701 1094 1825 1130 sacri-

254 1145 333 1195 legi
361 1150 405 1183 et
433 1147 738 1196 deprauatores
767 1147 885 1184 verbi
913 1147 1086 1191 domini,
1109 1149 1182 1196 qui
1209 1148 1397 1185 maxima
1424 1148 1589 1197 piarum
1618 1148 1825 1186 mentium

253 1213 349 1238 cum
372 1202 697 1250 perturbacione
719 1203 866 1251 ingens
893 1206 936 1239 et
965 1207 1283 1240 sacrosanctum
1312 1202 1473 1240 donum
1494 1202 1663 1249 Christi,
1686 1215 1823 1241 sacro-

253 1257 390 1293 sancti
423 1257 610 1306 corporis
645 1257 859 1301 dominici,
892 1257 1170 1302 insectantur,
1203 1258 1246 1294 in
1281 1257 1507 1307 reprobum
1540 1262 1583 1295 et
1615 1257 1823 1296 absonum

252 1322 419 1348 sensum
442 1311 599 1360 perfide
622 1311 814 1349 trahunt.
862 1311 972 1349 Huic
995 1311 1108 1349 malo
1130 1311 1244 1350 Deus
1265 1311 1497 1362 aliquando
1518 1324 1594 1362 pro
1616 1313 1824 1351 immensa

251 1377 327 1402 sua
348 1378 445 1415 erga
466 1379 542 1403 nos
564 1366 852 1404 misericordia
874 1366 1080 1404 obuiabit.

306 1419 427 1465 Quod
453 1422 586 1458 serius
612 1421 687 1458 hec
716 1422 966 1471 scripserim,
989 1422 1033 1458 in
1061 1434 1189 1459 causa
1215 1425 1280 1459 est
1308 1421 1423 1471 quod
1451 1421 1625 1468 Quirino
1653 1422 1821 1468 Haioni,

251 1474 323 1511 vbi
344 1475 537 1513 rediisset
558 1489 610 1513 ex
638 1476 802 1525 Anglia,
821 1477 884 1513 vti
905 1476 989 1514 fido
1010 1476 1209 1514 familiari
1230 1481 1318 1522 tuo,
1336 1477 1403 1514 cui
1426 1476 1717 1515 huiuscemodi
1737 1490 1820 1515 cre-

250 1529 390 1567 denda
425 1530 578 1575 forent,
613 1530 909 1568 transferenda
941 1532 1207 1568 committere
1242 1532 1478 1569 statuerim.
1539 1531 1620 1569 Sed
1652 1533 1753 1581 quia
1788 1533 1822 1570 is

250 1585 427 1621 nimium
446 1586 530 1622 tuis
552 1586 593 1622 in
616 1586 799 1635 negociis
821 1585 936 1635 apud
957 1585 1117 1636 Anglos
1139 1585 1269 1631 heret,
1288 1599 1434 1624 curare
1452 1586 1566 1624 volui
1591 1590 1639 1624 vt
1660 1587 1735 1624 hec
1757 1600 1820 1625 res

250 1638 424 1677 Harstio
457 1644 606 1677 nostro
641 1641 994 1679 committeretur.
1056 1641 1110 1686 Is,
1146 1641 1348 1690 quicquid
1384 1641 1533 1691 reliqui
1568 1646 1646 1687 est,
1678 1654 1820 1680 coram

249 1694 476 1732 enarrabit.
538 1694 824 1733 Cancellarius
856 1700 1012 1741 noster,
1042 1697 1107 1733 vir
1138 1697 1202 1734 tui
1233 1697 1562 1742 amantissimus,
1592 1697 1738 1746 paucis
1765 1697 1820 1735 ad

249 1752 291 1786 te
319 1749 498 1787 scribere
528 1750 677 1795 voluit,
704 1755 753 1787 vt
781 1755 1014 1788 testaretur
1041 1751 1172 1788 animi
1201 1751 1264 1788 sui
1292 1763 1390 1800 erga
1418 1755 1460 1789 te
1492 1751 1818 1797 dexteritatem3

249 1803 320 1840 vbi
340 1816 391 1840 ex
414 1804 626 1853 legacione
647 1805 830 1850 redierit,
849 1806 1004 1843 scribet
1025 1806 1244 1856 copiosius.
1299 1805 1469 1856 Optime
1490 1810 1534 1843 et
1554 1819 1645 1844 rare
1667 1806 1820 1844 indolis

247 1859 455 1908 princeps,
488 1858 752 1897 Guilhelmus
784 1864 897 1905 tuus,
929 1860 1008 1898 tibi
1038 1860 1182 1898 fausta
1217 1865 1260 1898 et
1295 1861 1432 1898 felicia
1464 1865 1665 1911 precatur
1698 1865 1742 1899 et
1777 1866 1819 1899 te

248 1913 426 1950 milesies
449 1914 623 1952 salutat.
657 1914 769 1952 Bene
787 1915 881 1952 vale
902 1919 946 1952 et
968 1928 1045 1960 me,
1064 1919 1113 1952 vt
1129 1915 1245 1960 facis,
1269 1928 1377 1961 ama,
1394 1920 1437 1953 et
1455 1915 1660 1954 Vlatteno
1678 1920 1753 1953 tuo
1770 1921 1819 1954 vt

247 1968 424 2006 cordato
445 1970 581 2006 amico
603 1974 732 2006 Vtere.
784 1968 849 2007 Sic
871 1974 1131 2020 extempore,
1153 1983 1205 2007 ex
1228 1970 1465 2016 Hambach,
1489 1979 1532 2018 3³
1549 1972 1648 2008 maii
1665 1978 1708 2008 a0
1726 1981 1789 2019 33.

833 2024 1014 2062 Ioannes
1035 2038 1060 2062 a
1081 2025 1269 2070 Vlatten,
1293 2025 1526 2064 scholaster
1546 2030 1625 2063 etc.
1648 2030 1762 2063 tuus.

300 2093 723 2133 Consummatissimo
770 2095 881 2140 Viro,
927 2096 977 2134 D.
1019 2096 1197 2134 Erasmo
1245 2096 1549 2143 Roterodamo,
1591 2097 1817 2147 Theologo,

245 2149 381 2186 amico
402 2154 645 2188 reuerenter
665 2151 942 2189 obseruando.

607 2330 736 2368 2805.
802 2327 869 2368 To
893 2327 1137 2369 BONIFACE
1161 2328 1446 2369 AMERBACH.

294 2415 414 2449 Basle
433 2415 515 2449 MS.
536 2417 624 2450 AN.
646 2417 723 2451 III.
748 2427 804 2459 15.
826 2419 884 2462 48.
1530 2419 1736 2463 Freiburg.

293 2465 338 2505 Q·
361 2466 418 2508 78-
1503 2478 1523 2510 5
1543 2469 1640 2513 May
1662 2478 1767 2512 1533-

590 2533 663 2570 [An
681 2534 834 2574 original
852 2534 971 2571 letter,
990 2535 1198 2576 autograph
1216 2535 1474 2576 throughout]

298 2590 336 2628 S.
388 2591 482 2629 Mea
495 2591 703 2631 facilitate
721 2606 955 2643 numquam
973 2607 1016 2632 es
1032 2594 1201 2632 abusus.
1246 2593 1327 2633 Sed
1340 2599 1416 2633 tua
1432 2595 1624 2633 bonitate
1639 2596 1813 2645 quidam

243 2645 364 2683 abuti
385 2652 608 2685 conantur.

286 2745 382 2775 2804.
411 2755 460 2784 15.
487 2750 662 2786 precepta
697 2747 851 2785 domini]
885 2748 991 2778 Eras-
1060 2758 1119 2779 see
1137 2748 1206 2789 Ep.
1226 2749 1323 2786 2298.
1345 2758 1422 2779 1011.

240 2799 335 2825 mus,
362 2790 398 2819 in
423 2790 479 2819 his
500 2790 615 2830 reply‚
634 2791 699 2820 has
714 2796 876 2831 precepta
894 2792 990 2822 deca·
1104 2801 1156 2831 33.
1174 2792 1813 2833 Guilhelmus]SeeEp.2189introd.

241 2832 321 2871 loyi.
377 2833 455 2863 The
485 2837 549 2864 ten
580 2835 900 2866 commandments
930 2846 992 2866 are
1103 2836 1200 2866 2805.
1229 2846 1256 2866 1.
1283 2836 1449 2877 quidam]
1479 2837 1555 2867 The
1578 2837 1761 2867 reference
1783 2838 1813 2868 is

241 2875 341 2906 dealt
364 2877 454 2907 with
479 2877 516 2907 in
541 2878 605 2908 the
633 2877 705 2908 last
731 2888 842 2919 pages
866 2880 904 2910 of
930 2880 993 2910 the
1062 2883 1101 2910 to
1128 2879 1365 2920 Herwagen's
1391 2881 1640 2920 importunity
1663 2881 1700 2911 in
1728 2891 1812 2911 con-

240 2918 459 2959 Symbolum.
1062 2924 1196 2954 nexion
1213 2924 1303 2954 with
1320 2924 1384 2954 the
1404 2923 1526 2955 Cicero
1546 2925 1697 2964 project.
1747 2924 1812 2955 See

285 2972 337 3002 30.
363 2963 622 3003 Cancellarius]
671 2966 772 2997 John
824 2966 991 3007 Gogreff3
1062 2967 1132 3007 Ep.
1151 2969 1246 3007 2765.
1269 2977 1345 2999 11n.
