1966 3379
280 112 353 149 192
732 114 988 152 LETTEI-zs
1019 114 1089 152 OF
1121 114 1386 153 ERASMUS
1720 119 1841 166 [1533

637 245 766 282 2788.
831 242 897 281 ΤΟ
922 242 1162 283 BONIFACE
1187 242 1467 283 AMERBACH.

328 330 443 362 Basle
462 330 543 363 MS.
566 331 652 364 AN.
674 331 751 365 III.
778 342 831 373 15.
852 340 911 375 47.
1400 333 1605 375 Freiburg.

323 379 368 418 Q.
391 389 449 419 92.
1248 391 1291 414 22
1312 381 1464 421 March,
1489 391 1532 414 10
1551 383 1663 426 April
1688 393 1792 426 1533.

319 446 390 482 {An
414 446 567 485 original
592 446 712 482 letter,
731 448 938 487 autograph
961 448 1202 487 throughout.
1244 448 1279 478 It
1302 458 1376 477 was
1400 448 1547 488 printed
1566 449 1614 488 by
1631 450 1668 480 C.
1695 450 1731 479 C.
1756 450 1842 480 Ber-

276 489 387 519 noulli
403 489 437 518 in
451 490 576 519 Basler
590 490 994 527 Nachrichten.110496,
1014 501 1105 527 1002.
1140 492 1216 521 The
1234 491 1342 522 letter
1357 502 1430 522 was
1441 492 1588 522 written
1602 502 1648 522 on
1665 502 1702 523 22
1719 493 1841 523 March

274 532 348 562 and
364 543 386 562 a
402 532 487 572 long
504 534 705 573 postscript
723 534 841 564 added
859 545 904 565 on
928 545 965 565 10
984 535 1098 574 April.
1147 535 1245 565 That
1265 535 1328 565 tho
1346 535 1537 574 year—date
1557 536 1584 565 is
1603 537 1738 576 rightly
1756 537 1842 567 read

274 586 314 606 as
335 585 416 615 1533
435 577 463 606 is
480 577 677 607 confirmed
698 578 745 617 by
764 578 791 607 1⁴]
783 588 831 618 p.
853 588 945 617 277.()
966 581 1029 617 36-
1032 584 1084 618 40
1093 579 1101 616 ]

330 634 367 672 S.
393 648 430 684 p.
492 635 611 672 V3nd(
635 641 681 673 tu
703 639 894 686 cognoris
921 650 1164 687 prosperam
1195 637 1484 675 valetudinem
1514 651 1665 683 meam,
1689 640 1840 677 nescio.

276 689 377 726 Mihi
399 694 512 727 ferte
534 691 723 727 nondum
746 691 858 740 lique
865 696 881 728 t
904 705 928 727 v
934 697 1047 728 trum
1071 693 1182 729 inter
1203 693 1324 729 viuos
1345 705 1398 729 an
1422 693 1531 729 inter
1553 697 1743 730 mortuos
1764 691 1841 731 sim

274 744 573 782 numerandus.
633 745 751 782 Adeo
788 746 968 783 Martius
1004 759 1068 783 mc
1104 750 1308 791 attentat,
1341 751 1385 784 et
1425 759 1569 784 omnes
1604 746 1842 797 corpusculi

275 799 391 835 sinus
412 798 580 836 lustrat.
629 800 769 837 lnstat
791 801 1067 838 interlunium
1087 815 1093 841 2
1123 801 1220 838 dein
1243 801 1412 838 infamis
1434 801 1506 838 illa
1527 801 1662 838 cauda
1685 802 1840 846 Martii,

237 868 254 897 5
275 866 403 902 quam
426 866 572 891 vereor
594 867 645 891 ne
667 855 708 891 in
738 855 922 892 medium
953 855 1108 904 Aprilis
1130 858 1221 903 <se>
1244 856 1443 904 porrigat.
1503 855 1565 892 De
1594 869 1658 893 me
1686 856 1841 894 viderit

276 907 414 945 Deus:
449 908 527 945 tibi
549 921 613 946 res
634 922 723 946 esse
744 922 795 946 ex
819 911 1044 953 sententia,
1067 910 1243 957 gaudeo.

331 961 414 999 Oro
443 967 503 1007 vt,
533 964 566 999 si
597 976 682 1012 qua
712 965 870 1013 poteris
903 965 1132 1009 occasione,
1166 964 1331 1001 litteras
1362 977 1476 1001 meas
1506 964 1559 1001 ad
1591 964 1838 1002 Sadoletum

276 1016 547 1066 perferendas
587 1030 718 1062 cures,
760 1019 970 1067 simulque
1011 1019 1216 1068 adiungas
1257 1018 1508 1068 Symbolum
1549 1032 1702 1065 meum,
1743 1025 1840 1057 octo

276 1071 470 1109 homilias
498 1085 522 1108 a
550 1085 615 1109 me
644 1085 799 1117 versas,
826 1086 874 1110 ac
903 1073 1084 1110 totidem
1112 1086 1137 1110 a
1166 1073 1380 1111 Brixiano.
1440 1072 1481 1110 Si
1510 1086 1592 1110 non
1621 1075 1840 1123 continget

217 1127 345 1175 loqui
377 1125 492 1163 volet
523 1126 726 1164 librorum
758 1129 966 1165 sarcinam
999 1128 1221 1177 suscipere,
1253 1129 1377 1165 mitte
1408 1128 1567 1165 nudam
1601 1128 1838 1178 epistolam,

273 1193 381 1229 quae
403 1180 566 1218 libellos
584 1182 799 1230 promittit
820 1182 898 1219 sub
915 1182 1169 1227 conditione,
1188 1183 1220 1219 si
1243 1183 1463 1231 contingat
1480 1183 1552 1231 qui
1568 1195 1653 1220 non
1675 1188 1841 1221 recuset

273 1235 517 1273 sarcinulas.

330 1289 544 1339 Heruagio
578 1292 777 1327 excusaui
816 1303 893 1335 me,
927 1291 998 1328 sed
1035 1291 1201 1328 blande.
1264 1291 1333 1328 Ita
1367 1296 1531 1328 certum
1560 1296 1624 1328 est
1660 1292 1837 1342 posthac

272 1344 410 1381 facere
431 1344 650 1381 omnibus:
684 1345 866 1385 δουλείας
887 1345 985 1384 ἅλις.

217 1415 253 1444 15
328 1397 530 1435 Gratulor
558 1399 743 1448 inclytae
773 1400 1026 1437 Academiae
1055 1404 1221 1437 vestrae
1249 1401 1485 1437 accessione
1512 1402 1612 1438 noui
1641 1401 1838 1439 Doctoris

274 1452 532 1490 Brunsfeldii
553 1452 733 1491 feliciter
753 1459 916 1491 auctae.
977 1454 1057 1492 Sed
1079 1455 1179 1492 audi
1201 1455 1315 1503 quod
1337 1455 1485 1492 rideas.

328 1507 546 1544 Fasciculo
586 1508 755 1545 cuidam
791 1508 1066 1558 epistolarum
1102 1509 1156 1546 ad
1192 1523 1257 1547 me
1291 1509 1485 1547 admixta
1525 1514 1617 1547 erat
1657 1510 1837 1559 epist-ola

273 1561 432 1611 duplici
458 1575 552 1599 cera
578 1562 813 1611 obsignata.
874 1563 1111 1600 Videbatur
1139 1563 1222 1601 alia
1248 1576 1335 1601 esse
1364 1565 1492 1601 intus.
1555 1564 1723 1602 Titulus
1744 1569 1837 1602 erat

273 1616 539 1659 ambitiosus,
564 1617 734 1665 Inclyto
757 1617 867 1662 Viro,
891 1617 963 1655 sed
986 1631 1027 1654 re
1050 1619 1246 1666 maiorm.
1271 1618 1429 1655 Simoni
1461 1618 1670 1667 Grynaeo⁷
1694 1619 1835 1656 Plato-

214 1688 254 1708 20
274 1671 391 1708 nicae
407 1676 450 1708 et
466 1671 763 1708 Aristotelicae
782 1672 1079 1721 Philosophiae
1098 1672 1327 1710 Professori
1345 1678 1423 1710 etc.
1471 1673 1644 1711 Manum
1663 1673 1837 1710 videbar

273 1725 439 1769 vidisse,
469 1725 541 1762 sed
572 1738 656 1762 non
688 1728 861 1775 agnoui3
894 1739 1026 1775 eoque
1055 1728 1195 1764 minus
1225 1727 1473 1776 suspicabar
1503 1740 1591 1764 rem
1619 1728 1733 1777 quod
1764 1728 1835 1765 ad-

272 1780 417 1816 iuncta
437 1784 548 1817 esset
575 1780 756 1830 epistola
785 1782 832 1818 iis
859 1794 968 1830 quae
995 1782 1147 1818 missae
1174 1781 1345 1819 fuerant
1372 1794 1421 1818 ex
1452 1782 1591 1819 Italia.
1651 1783 1837 1820 Mirabar

271 1837 314 1870 et
336 1833 419 1870 illie
441 1847 529 1871 esse
551 1840 739 1884 repertos
761 1834 944 1884 Grynaei
966 1835 1259 1873 admiratores.
1306 1836 1400 1873 Misi
1421 1835 1591 1885 Gryneo
1612 1837 1835 1886 epistolam

271 1888 523 1925 obuolutam
555 1890 701 1927 tunica
731 1903 836 1933 mea,
865 1891 907 1927 in
938 1903 1022 1939 qua
1052 1891 1300 1940 scripseram
1334 1903 1398 1928 me
1430 1891 1600 1928 meliore
1631 1891 1712 1928 fide
1743 1904 1835 1929 eam

211 1959 251 1988 25
272 1943 509 1992 Epistolam
539 1943 593 1980 ad
621 1944 740 1981 illum
769 1945 939 1982 mittere
967 1957 1095 1994 quam
1123 1945 1369 1994 Euangelici
1396 1945 1569 1994 quidam
1597 1950 1837 1983 tractarent

271 2010 385 2034 meas
415 1997 593 2034 litteras.
654 1998 732 2035 Ille
760 2000 975 2041 continuo.
1005 2004 1161 2049 putans
1191 2012 1232 2036 se
1263 2001 1459 2048 petitum,
1488 2013 1583 2036 cum
1615 2001 1836 2038 stomacho

272 2051 502 2101 respondit,
535 2065 576 2089 se
611 2057 760 2102 optare
792 2057 852 2098 vt,
885 2055 917 2090 si
949 2054 1051 2102 quid
1082 2053 1234 2091 vellem
1270 2054 1555 2103 expostulare,
1590 2055 1836 2104 simpliciter

271 2107 489 2155 aperirem,
519 2107 622 2155 quid
651 2120 716 2144 me
746 2107 991 2146 offenderet.
1052 2108 1109 2146 Et
1136 2121 1258 2145 sorex
1289 2121 1366 2146 suo
1396 2121 1438 2145 se
1469 2108 1651 2158 prodens
1681 2109 1835 2146 indicio

272 2165 417 2197 narrat
440 2161 646 2198 inclusam
668 2161 795 2199 fuisse
818 2162 1055 2212 Epistolam
1077 2163 1132 2200 ad
1153 2175 1218 2200 me
1239 2162 1392 2207 Carini,
1416 2163 1486 2200 sed
1509 2176 1582 2212 per
1608 2163 1727 2200 illum
1756 2164 1834 2200 sibi

211 2233 252 2263 30
272 2214 451 2252 liberum
482 2215 609 2252 fuisse
639 2215 815 2259 factum,
849 2221 993 2254 vtrum
1024 2221 1198 2266 putaret
1228 2218 1311 2267 igni
1343 2217 1611 2262 tradendam,
1643 2230 1696 2255 an
1733 2218 1835 2255 mihi

272 2269 550 2311 reddendam:
581 2283 623 2307 se
639 2283 739 2307 vero
756 2271 980 2308 tradidisse
998 2272 1099 2320 igni;
1126 2272 1239 2320 quod
1253 2271 1473 2308 exordium
1491 2276 1600 2309 esset
1614 2271 1833 2316 blandum,

272 2323 345 2360 sed
380 2324 421 2360 in
463 2324 602 2361 medio
642 2338 721 2374 pus
754 2326 910 2362 veteris
944 2325 1284 2363 maleuolentiae.
1346 2326 1449 2363 Vide
1483 2327 1695 2376 ingenium
1729 2326 1833 2363 illud

271 2379 496 2427 impotens
530 2378 648 2416 nulla
682 2379 873 2417 vindicta
909 2380 1115 2417 satiabile.
1175 2379 1324 2417 Cetera
1359 2393 1514 2424 coram,
1551 2386 1597 2418 vt
1636 2393 1757 2430 spero
1792 2382 1833 2417 in

271 2431 418 2482 Aprili.
461 2431 574 2481 Opto
596 2438 638 2470 te
660 2446 789 2482 quam
811 2435 970 2483 optime
992 2434 1146 2472 valere.

210 2504 250 2534 35
325 2485 530 2536 Friburgi.
555 2488 609 2524 xi.
632 2487 718 2526 Cal.
740 2488 873 2538 April.
899 2498 1014 2536 1533.

1320 2543 1521 2580 Erasmus
1544 2543 1643 2581 Rot.
1667 2548 1778 2581 tuus.

314 2639 345 2668 8.
371 2639 488 2677 cures]
506 2639 559 2669 Cf.
579 2640 647 2680 Ep.
669 2649 750 2679 2775
769 2641 903 2671 introd.
1134 2644 1249 2679 15-16.
1276 2641 1444 2672 Doctoris
1472 2641 1710 2680 Brunsfeldii]
1737 2642 1835 2673 Otho

315 2683 389 2719 8—9.
416 2682 631 2722 Symbolum
656 2708 662 2713 .
686 2708 692 2713 .
721 2709 726 2713 .
746 2685 928 2722 homilias]
954 2684 1018 2715 See
1087 2685 1259 2715 Brunfels
1276 2685 1412 2720 (whose
1430 2690 1512 2715 true
1532 2695 1639 2715 name
1660 2685 1835 2716 Erasmus

272 2726 340 2765 Ep.
362 2735 456 2765 2772,
476 2735 559 2766 2774
578 2727 739 2757 introdd.
1088 2729 1237 2767 forgets)
1270 2728 1417 2758 became
1445 2729 1574 2759 doctor
1597 2729 1635 2759 of
1658 2729 1835 2759 medicine

318 2778 368 2808 13.
394 2770 567 2800 excusaui
587 2771 659 2808 me]
680 2771 725 2801 In
745 2771 808 2801 the
830 2775 966 2802 matter
983 2772 1020 2802 of
1087 2776 1127 2802 at
1144 2772 1250 2802 Basle
1267 2772 1303 2801 in
1323 2780 1403 2810 1532
1423 2773 1507 2812 (Ep.
1529 2780 1609 2811 1405
1626 2772 1789 2808 introd).

271 2813 334 2843 the
358 2813 545 2853 projected
569 2813 710 2850 Cicero;
744 2824 802 2845 see
827 2815 896 2855 Ep.
923 2817 1018 2854 2765.
1135 2824 1184 2853 17.
1211 2815 1411 2853 Fasciculo]
1433 2815 1509 2846 The
1534 2820 1636 2855 story
1656 2816 1686 2846 is
1703 2815 1780 2846 told
1797 2816 1834 2846 in

274 2865 350 2886 11n.
1089 2859 1197 2890 much
1215 2859 1278 2888 the
1296 2869 1394 2889 same
1412 2859 1529 2889 words
1547 2859 1583 2889 in
1601 2859 1669 2899 Ep.
1690 2867 1785 2898 2779.
