1966 3379
103 120 223 169 2856]
391 117 550 157 FROM
580 115 991 156 CHRISTOPHER
1021 114 1092 153 OF
1122 113 1369 153 STADION
1583 114 1660 151 289

103 223 398 267 obseruancie;
429 235 540 260 nunc
569 222 738 259 demum
765 222 951 258 sencient
978 219 1194 257 Christum
1222 218 1359 256 adhuc
1382 218 1536 263 viuere,
1566 230 1661 255 cum

102 280 143 317 in
164 278 336 316 exilium
358 278 499 315 missio
520 289 604 314 non
625 288 803 326 paruam
826 276 984 323 irrogat
1004 273 1235 311 infamiam.

157 332 407 382 Symbolum
429 344 503 381 per
525 335 567 368 te
588 330 868 380 explanatum
885 341 1030 366 omnes
1047 329 1119 376 qui
1137 328 1329 377 legerunt
1347 327 1661 364 commendant.

103 388 205 425 Ideo
234 399 320 424 non
351 390 416 423 est
446 399 519 423 cur
548 389 767 434 exspectes
797 396 937 421 meum
968 383 1182 420 iudicium.
1243 382 1292 418 Id
1318 381 1433 430 quod
1458 394 1499 418 se
1525 382 1663 430 ipsum

103 441 274 486 iudicat,
295 453 381 478 non
403 453 508 489 opus
530 444 594 477 est
616 443 664 476 vt
685 439 738 476 ab
761 438 843 475 alio
865 437 1085 474 iudicetur.
1685 447 1723 476 25

158 496 375 533 Venerunt
395 495 549 539 littere,
572 506 718 543 pacem
740 493 851 529 inter
876 504 1014 540 regem
1037 491 1353 528 Ferdinandum
1382 503 1429 527 ac
1453 489 1664 527 Thurcam

103 551 299 588 sortitam
320 549 519 586 effectum
537 563 543 593 ;
577 548 627 585 de
649 546 989 584 condiccionibus
1010 550 1155 583 tamen
1175 545 1303 582 nichil
1325 545 1534 581 scribitur.

157 604 456 653 Augustenses,
479 607 687 652 quantum
719 601 772 638 ad
803 600 1044 650 religionem
1076 600 1246 645 attinet,
1269 599 1408 637 adhuc
1439 599 1664 643 fluctuant,

102 659 199 696 licet
220 660 353 708 magis
384 658 439 695 ad
469 657 769 706 Zwinglianam
800 668 928 704 quam
960 654 1250 692 Lutheranam
1283 658 1442 691 sectam
1473 653 1666 690 inclinati

101 713 338 751 videantur.
398 712 513 750 Deus
534 712 675 749 omnia
695 712 736 748 in
758 710 917 747 bonum
940 713 1083 747 vertat
1104 710 1281 754 exitum,
1303 709 1375 758 qui
1393 712 1434 746 te
1455 708 1577 745 nobis
1594 707 1665 745 diu
1687 720 1727 750 30

102 772 243 806 seruet
264 767 532 805 incolumem.

159 822 258 860 Dat.
282 821 453 870 Dilling.
477 823 513 858 8.
536 820 718 869 Augusti
739 832 850 856 anno
871 822 949 856 etc.
975 829 1037 866 33.

414 876 530 913 Tuus
550 875 771 924 episcopus
792 873 1040 923 Augusten.‚
1058 873 1229 923 propria
1252 873 1446 922 s<cripsi>
1468 884 1610 909 manu.

158 948 415 986 Doctissimo
438 948 613 985 Erasmo
636 945 927 984 Roterodamo
950 944 1161 994 theologo,
1180 957 1256 982 suo
1278 945 1426 982 amico.
1460 943 1666 992 Friburgi.

499 1105 627 1142 2857.
694 1101 831 1141 FROM
866 1099 1053 1142 ULRICH
1087 1100 1271 1140 ZASIUS.

152 1175 311 1219 Leipzig
329 1174 412 1209 MS.
1316 1172 1563 1216 (Freiburg.)

150 1225 233 1258 ΕΕ.
259 1234 339 1265 192.
1273 1232 1312 1254 11
1336 1221 1493 1265 August
1516 1231 1620 1264 1533.

443 1290 515 1328 [An
532 1290 685 1330 original
703 1290 824 1326 letter,
842 1289 1053 1330 autograph
1070 1289 1328 1330 throughout]

157 1350 266 1389 SESE
288 1349 572 1387 commendat.
623 1349 854 1394 Lauabam,
878 1361 1028 1399 magne
1050 1349 1236 1394 Erasme‚
1254 1348 1397 1386 diuine
1419 1348 1552 1393 heros,
1575 1360 1671 1385 cum

105 1411 205 1444 tuae
226 1405 352 1443 michi
374 1417 468 1442 cum
491 1405 592 1454 piris
613 1404 915 1454 acceptissimis
937 1408 1324 1453 praesentarentur.
1385 1402 1519 1452 Super
1545 1402 1670 1440 Alex-

104 1461 237 1498 andro
270 1459 446 1497 Halensi
485 1463 612 1496 antea
652 1458 899 1496 diuinabam
931 1458 1059 1496 nichil
1092 1471 1189 1496 eum
1223 1458 1302 1495 tibi
1334 1458 1427 1495 vsui
1463 1457 1670 1502 futurum,

105 1515 318 1553 hominem
343 1527 394 1551 ex
418 1514 552 1551 veteri
581 1513 784 1551 barbarie.
846 1513 1002 1550 Verum
1030 1525 1079 1550 eo
1108 1514 1275 1550 nomine
1304 1513 1410 1558 misi,
1433 1516 1482 1549 vt
1509 1511 1673 1549 videres

104 1569 171 1607 vel
194 1571 235 1607 in
256 1569 431 1607 abiectis
451 1572 495 1605 et
515 1568 688 1617 frigidis,
711 1569 783 1617 qui
805 1568 847 1605 in
869 1567 1113 1605 melioribus
1135 1580 1219 1605 non
1247 1580 1431 1617 possum,
1455 1566 1533 1604 tibi
1562 1579 1671 1604 com·
1693 1576 1711 1606 5

105 1624 278 1662 modare
313 1623 508 1661 voluisse.
570 1622 691 1668 Quod
726 1627 869 1660 autem
905 1623 1095 1672 psalterii
1135 1623 1354 1672 negocium
1395 1626 1437 1659 te
1478 1626 1672 1671 occupat,

104 1680 287 1729 gestiens
309 1678 490 1727 accipio;
524 1690 622 1715 nam
644 1682 742 1727 post
769 1681 888 1715 tuam
917 1677 1082 1714 feliciss.
1113 1677 1322 1727 euangelii
1349 1676 1672 1714 translationem

107 1736 206 1783 (qua
223 1732 448 1782 quottidie,
464 1736 507 1769 et
523 1745 575 1769 ex
591 1733 745 1777 animo,
764 1732 968 1779 oblector)
991 1731 1119 1769 nichil
1141 1736 1312 1782 poteras
1334 1731 1426 1769 orbi
1443 1731 1674 1768 christiano

108 1788 255 1826 vtilius
285 1787 515 1831 elaborare,
547 1800 675 1836 quam
709 1788 742 1824 si
776 1788 830 1824 sis
863 1787 1125 1824 enodaturus
1155 1786 1346 1836 psalterii
1376 1786 1672 1823 obscuritates.

106 1842 316 1892 Equidem
350 1841 469 1879 nulla
501 1841 584 1878 alia
613 1842 856 1891 precatione
890 1844 954 1889 (vt
984 1845 1061 1879 tuo
1090 1841 1221 1878 verbo
1252 1844 1365 1889 Vtar)
1401 1853 1468 1878 me
1500 1853 1674 1878 exerceo
1696 1850 1736 1871 10

105 1910 234 1947 quam
256 1896 471 1946 psalterio,
494 1897 666 1934 tametsi
688 1909 783 1934 eum
806 1897 952 1946 paucis
974 1897 1016 1933 in
1039 1896 1140 1934 locis
1169 1896 1415 1945 intelligam.
1476 1894 1517 1933 Si
1546 1895 1675 1945 igitur

106 1952 186 1989 tibi
213 1952 380 1989 animus
408 1951 464 1988 sit
493 1954 537 1988 et
567 1951 751 2000 reliquos
779 1951 966 2001 psalmos
994 1951 1121 1998 (sieut
1148 1950 1285 1988 fecisti
1311 1951 1460 2001 primo,
1489 1949 1676 1987 secundo

106 2011 150 2044 et
171 2009 352 2053 XXVIIIO)
375 2005 598 2050 elucidare,
621 2005 782 2043 viribus
809 2010 851 2043 et
879 2006 1047 2054 ingenio
1075 2010 1117 2042 te
1143 2009 1356 2043 sustentet
1385 2005 1604 2049 Dominus,
1627 2009 1676 2041 vt

107 2060 298 2105 fecunde,
320 2072 406 2097 non
427 2060 563 2097 solum
584 2060 766 2098 facunde
787 2060 1001 2110 procedas

163 2114 244 2153 Sed
285 2115 365 2152 heu
406 2114 570 2152 caelum
610 2115 724 2164 quod
765 2127 929 2165 semper
971 2115 1200 2160 sinistrum,
1239 2115 1319 2152 heu
1360 2127 1520 2152 annum
1561 2113 1675 2163 quod
1699 2123 1736 2153 15

110 2171 276 2220 nigrum
311 2170 591 2218 conquereris
652 2169 743 2207 Tua
777 2170 1005 2219 inquietari
1041 2170 1196 2214 studia,
1229 2170 1297 2207 vel
1333 2169 1374 2206 id
1412 2183 1436 2207 a
1471 2168 1575 2206 caeli
1608 2168 1676 2206 vel

106 2225 325 2262 hominum
344 2224 510 2261 malicia
526 2225 759 2274 contingat,
774 2225 876 2274 quid
893 2225 1011 2262 aliud
1027 2229 1092 2262 est
1108 2237 1236 2274 quam
1255 2225 1390 2262 omnis
1408 2224 1676 2261 litteraturae

108 2279 377 2328 naufragium
409 2279 655 2316 imminere?
715 2279 936 2329 Popularis
964 2280 1076 2317 actio
1105 2282 1229 2328 (quae
1260 2279 1381 2316 nobis
1410 2279 1569 2316 iuristis
1597 2278 1674 2315 fre-

108 2346 241 2383 quens
272 2336 352 2380 est)
383 2338 533 2370 contra
563 2333 737 2378 caelum,
764 2338 934 2379 terram,
965 2334 1166 2379 homines,
1198 2338 1242 2371 et
1272 2333 1473 2383 quicquid
1504 2334 1677 2370 omnino

107 2389 254 2438 spirat,
277 2387 533 2425 intentanda
554 2392 677 2433 esset,
700 2400 785 2437 qua
813 2389 891 2426 tibi
917 2389 1035 2438 quies
1060 2394 1295 2438 pararetur.
1355 2388 1436 2426 Sed
1459 2387 1543 2425 noli
1566 2400 1674 2425 com·
1698 2398 1737 2419 20

109 2444 292 2487 mittere,
320 2443 463 2480 diuine
492 2442 624 2488 heros,
651 2448 699 2480 vt
727 2447 1000 2481 externorum
1027 2443 1220 2481 tumultu
1248 2444 1404 2481 mentis
1433 2447 1531 2480 tuae
1561 2447 1675 2480 tran-

109 2497 299 2547 quillitas
325 2497 412 2535 vllo
440 2501 566 2547 pacto
593 2498 839 2547 impetatur.
899 2498 1055 2536 Omnes
1081 2498 1229 2536 cadem
1258 2511 1367 2536 naue
1396 2499 1437 2535 in
1466 2497 1543 2535 hoc
1571 2496 1677 2534 mari

668 2580 765 2611 2856.
792 2590 843 2612 21.
870 2581 1016 2612 demom
1034 2580 1116 2611 MS.

154 2696 250 2727 2856.
276 2705 328 2734 23.
355 2694 584 2735 Symbolum]
619 2694 859 2736 Christopher
928 2696 1089 2736 fragable
1106 2695 1279 2730 doctor':
1305 2695 1484 2726 educated
1499 2699 1537 2725 at
1554 2694 1677 2729 Halm,

110 2740 183 2771 had
200 2739 483 2778 acknowledged
506 2739 580 2769 this
604 2739 639 2768 in
661 2739 776 2779 April,
798 2739 856 2769 de·
927 2741 972 2770 ho
1000 2740 1150 2770 entered
1179 2740 1243 2770 the
1272 2739 1378 2769 order
1405 2739 1442 2768 of
1473 2738 1679 2778 Greyfriars

110 2784 245 2823 ferring
279 2793 353 2823 any
388 2783 599 2823 expression
637 2783 673 2813 of
707 2783 857 2823 opinion
929 2784 1110 2824 probably
1128 2784 1163 2814 in
1185 2792 1278 2813 1222.
1327 2782 1556 2812 HisSumma
1571 2781 1678 2812 Theo-

111 2828 195 2867 (Ep.
215 2828 325 2866 2787).
928 2828 1039 2867 loyzssae
1058 2838 1132 2858 was
1155 2827 1303 2867 printed
1325 2830 1365 2857 at
1391 2826 1618 2865 Nureinberg
1643 2826 1677 2855 in

155 2873 206 2901 26.
233 2870 431 2907 Thurcam]
451 2869 505 2900 Cf.
525 2869 594 2910 Ep.
614 2870 709 2909 2787.
729 2879 824 2909 7-10.
933 2880 1026 2911 1475.

156 2915 252 2944 2857.
280 2924 308 2944 2.
336 2914 437 2951 tuae]
456 2914 531 2944 Not
548 2917 690 2944 extant.
977 2925 1026 2945 11.
1052 2916 1150 2953 eum]
1170 2915 1240 2945 For
1260 2914 1294 2944 id
1312 2914 1360 2953 by
1379 2913 1648 2943 inadvertence.

156 2967 230 2997 2-3.
257 2958 482 2995 Alexandro]
508 2957 642 2997 †1245;
666 2958 730 2988 the
754 2960 761 2971 ‘
776 2958 859 2989 irre·
977 2960 1026 2990 18.
1042 2957 1559 2999 PopularisactiojSeeDigcst
1570 2965 1678 2996 47.23.

155 3032 275 3064 452.10
888 3023 913 3050 U
