1966 3379
134 147 256 198 2698]
554 145 890 185 TRAGOEDIA
922 145 1277 184 BASILIENSIS
1652 150 1701 185 77

132 251 301 290 nomine
326 250 500 301 Angelo.
561 250 782 300 Zelotypia
810 253 983 288 tantum
1012 254 1117 295 erat,
1141 250 1270 287 nullis
1292 251 1417 288 certis
1439 253 1702 301 argumentis

131 307 244 344 nixa.
304 306 367 343 Ea
406 318 480 355 per
519 306 783 343 occasionem
824 305 1052 342 incruduit.
1113 304 1253 350 Quum
1293 305 1480 343 famulus
1520 307 1700 351 abesset,

132 375 157 399 a
182 361 356 398 domino
386 361 524 398 iussus
556 359 750 409 colligere
778 373 803 397 a
829 360 955 397 certis
983 359 1250 397 debitoribus
1277 361 1516 409 pecuniam,
1547 362 1622 398 vir·
1641 362 1699 398 in-

131 428 298 463 gressus
314 419 381 452 est
398 414 509 452 illius
526 414 784 459 cubiculum,
800 427 975 459 venans,
991 415 1153 463 opinor,
1168 419 1468 464 argumentum
1488 428 1572 464 quo
1587 415 1701 465 quod
1725 434 1762 454 10

131 463 430 519 suspicabatur
451 470 737 507 conuinceret.
798 469 974 519 Reperit
1003 470 1044 506 in
1070 469 1219 506 famuli
1248 469 1417 506 indusio
1447 469 1598 519 ligulas
1626 470 1699 507 ali-

130 529 237 574 quot
263 525 428 562 sericas.
489 524 589 561 Mox
615 525 866 561 accersitam
890 536 1066 561 vxorem
1092 528 1374 573 percontatur
1399 529 1701 573 agnosceretne

130 592 201 617 eas
223 579 386 629 ligulas
429 579 515 616 Ait.
559 584 569 618 ἦ
584 579 703 616 Vnde
720 579 727 591 ’
746 579 887 627 inquit
904 586 911 596 ⁴
929 578 1005 616 has
1027 583 1179 616 nactus
1196 582 1286 616 est?
1320 592 1418 616 nam
1435 592 1552 616 meae
1570 581 1699 617 sunt.'

129 633 332 672 Confessa
353 637 418 671 est
445 646 469 670 a
497 646 539 671 se
561 633 758 671 donatas.
811 633 921 671 Tum
947 634 1142 678 maritus,
1166 637 1214 670 vt
1241 646 1389 671 verum
1411 638 1699 683 extorqueret,

129 690 356 739 pugionem
380 689 612 726 intentauit
635 689 677 725 in
700 693 894 725 ventrem
917 689 1074 730 vxoris,
1099 689 1355 738 promittens
1378 688 1482 725 nihil
1506 689 1700 727 futurum
1726 707 1761 736 15

129 743 242 788 mali,
275 744 309 780 si
339 756 487 780 verum
524 743 756 789 fateretur3
788 747 971 780 mortem
996 747 1239 793 presentem
1267 744 1471 781 minitans
1500 744 1579 781 nisi
1607 757 1699 793 pro-

128 798 335 836 fiteretur.
396 797 573 847 Quoque
605 799 738 847 magis
769 798 887 835 illam
918 798 1145 847 proliceret
1175 798 1229 835 ad
1258 798 1579 844 confessionem,
1614 800 1701 849 ipse

128 854 243 903 prior
267 853 407 890 fassus
432 857 497 890 est
527 866 569 890 se
601 853 859 891 commisisse
885 853 1159 898 adulterium,
1191 853 1302 890 idem
1331 853 1382 890 de
1408 865 1539 891 vxore
1568 855 1699 904 suspi-

131 909 229 953 cari,
266 921 341 945 nec
382 907 499 945 aliud
536 911 681 945 tamen
718 920 848 957 quam
889 908 1107 958 suspicari.
1168 907 1249 945 Illa
1286 909 1473 958 primum
1510 908 1700 953 inficiari,

129 963 304 1000 tandem
327 967 503 1012 vrgente
526 964 682 1001 marito
703 963 896 1000 confessa
912 967 977 1000 est
994 968 1037 1000 et
1055 964 1145 1012 ipsa
1163 976 1169 999 :
1202 967 1246 1000 et
1263 963 1501 1001 confessam
1520 965 1701 1007 maritus
1723 981 1763 1001 20

126 1018 300 1055 dimisit.

184 1073 264 1110 Illa
296 1074 447 1110 territa
477 1072 669 1122 confugit
697 1073 752 1110 ad
781 1085 969 1110 sororem
1002 1073 1042 1110 in
1075 1086 1230 1122 pagum
1264 1074 1434 1110 nomine
1465 1073 1700 1112 Prattelen.

130 1127 286 1165 Actum
302 1131 367 1165 est
384 1141 459 1177 per
473 1128 619 1165 affines
635 1132 678 1165 ct
693 1129 956 1178 propinquos
973 1127 1023 1165 de
1043 1128 1182 1165 reditu
1198 1129 1239 1165 in
1256 1128 1456 1177 graciam.
1519 1129 1701 1167 Maritus

129 1196 171 1220 se
199 1182 453 1232 placabilem
482 1183 691 1220 exhibuit.
754 1183 900 1219 Rediit
932 1182 1084 1220 mulier
1115 1182 1307 1220 Sabbato
1337 1191 1380 1230 3²²
1408 1183 1474 1220 die
1503 1183 1699 1234 Augusti,

127 1237 438 1275 deducentibus
471 1250 565 1275 eam
599 1237 764 1286 aliquot
793 1239 985 1287 cognatis
1016 1243 1059 1276 et
1090 1239 1352 1288 propinquis,
1385 1251 1491 1287 quos
1520 1240 1701 1276 maritus
1722 1255 1760 1284 25

129 1293 293 1342 accepit
316 1292 441 1340 hilari
457 1292 867 1342 compotatiuncula.
930 1293 1171 1330 Discessum
1189 1297 1255 1330 est
1277 1306 1373 1331 cum
1394 1293 1699 1343 gratulatione,

128 1351 171 1384 et
193 1352 242 1384 vt
263 1348 384 1385 aiunt
406 1360 455 1384 ea
480 1352 604 1385 nocte
626 1347 709 1385 fuit
732 1348 823 1385 viro
849 1352 892 1385 et
914 1349 1035 1387 vxori
1065 1348 1201 1386 lectus
1231 1349 1482 1394 communis,
1512 1361 1563 1386 ne
1586 1349 1701 1398 quod

127 1402 368 1440 offensionis
390 1403 616 1452 vestigium
640 1403 820 1440 residere
842 1402 1072 1440 videretur.

183 1457 406 1503 Postridie,
425 1458 496 1506 qui
514 1457 602 1495 dies
618 1462 711 1495 erat
728 1457 977 1503 dominicus,
997 1458 1122 1495 simili
1139 1458 1435 1496 familiaritate
1454 1472 1538 1497 vna
1556 1460 1701 1509 pransi

128 1516 242 1550 sunt.
304 1513 470 1550 Rumor
499 1512 664 1550 addidit
694 1517 737 1550 et
765 1516 970 1562 cognatos
999 1513 1166 1563 aliquot
1192 1514 1341 1551 eodem
1373 1518 1572 1564 acceptos
1603 1527 1698 1552 con·
1720 1529 1761 1559 30

129 1568 268 1605 uiuio:
302 1580 387 1616 quo
413 1572 588 1618 peracto
615 1569 702 1617 egit
731 1567 812 1605 illis
840 1569 1013 1618 gratias,
1037 1582 1190 1618 rogans
1220 1573 1267 1606 vt
1295 1569 1441 1606 adesse
1470 1569 1630 1607 vellent
1658 1570 1700 1607 in

128 1635 270 1668 coena,
293 1635 336 1660 se
358 1622 486 1672 paulo
504 1622 666 1660 laucius
685 1623 778 1660 illos
795 1627 1089 1673 excepturum.
1142 1624 1297 1662 Verum
1321 1625 1353 1661 is
1376 1637 1520 1662 rumor
1537 1625 1701 1662 incerta

125 1681 191 1715 est
226 1677 341 1716 fide.r
381 1677 494 1715 Illud
530 1682 718 1715 certum:
756 1691 855 1715 mox
887 1691 910 1715 a
942 1678 1122 1728 prandio
1152 1679 1371 1729 ablegauit
1406 1679 1613 1717 famulam
1645 1680 1699 1718 ad

126 1733 385 1778 concionem,
410 1732 564 1770 liberos
588 1746 639 1770 ex
670 1733 806 1782 priore
835 1734 1010 1782 coniuge
1039 1738 1259 1783 susceptos
1287 1734 1342 1772 ad
1370 1735 1550 1772 emenda
1578 1748 1697 1785 pyra.

128 1787 199 1826 Ita
220 1792 374 1826 nactus
396 1787 669 1825 solitudinem
692 1787 815 1825 obdit
836 1789 1054 1838 pessulum
1083 1789 1248 1834 ianuae,
1277 1789 1499 1839 grauidam
1522 1803 1698 1828 vxorem
1720 1804 1759 1834 35

127 1843 372 1888 transfodit,
397 1855 495 1880 mox
513 1842 687 1880 filiolam
706 1843 777 1880 vix
796 1843 1081 1892 quadrimam.
1128 1844 1206 1881 His
1223 1845 1406 1894 peractis
1424 1846 1512 1895 ipse
1530 1846 1700 1895 scripsit

125 1897 350 1947 epistolam
373 1897 427 1935 ad
449 1896 668 1943 Senatum,
688 1898 911 1936 confestim
936 1899 978 1936 in
1001 1912 1211 1936 summam
1230 1900 1399 1937 aedium
1418 1904 1583 1950 partem
1602 1913 1697 1938 con-

126 1953 305 1997 scendit,
328 1966 376 1990 ac
404 1956 468 1990 ter
494 1953 727 1990 inclamato
755 1955 926 1991 nomine
956 1954 1064 1999 Iesu,
1093 1967 1136 1991 se
1158 1955 1406 2004 precipitem
1433 1955 1563 1999 dedit,
1593 1956 1700 1993 adeo

125 2011 175 2045 vt
207 2008 379 2045 cerebro
414 2007 660 2058 disperserit
697 2009 824 2053 viam,
862 2009 985 2046 iuxta
1025 2010 1175 2047 comici
1211 2010 1373 2047 dictum
1412 2010 1485 2048 scd
1521 2011 1698 2048 nimium

125 2064 296 2109 tragice.
1719 2080 1761 2110 40

179 2117 333 2168 Caligis
356 2131 441 2156 vna
463 2118 690 2168 ligularum
713 2119 912 2165 alligarat
925 2119 1152 2169 epistolam
1175 2120 1227 2157 de
1249 2133 1334 2169 qua
1349 2121 1477 2158 modo
1494 2121 1595 2162 dixi,
1614 2134 1699 2170 qua

126 2173 430 2210 continebatur
451 2173 553 2222 quid
572 2186 656 2223 quo
678 2174 856 2211 consilio
878 2174 1047 2212 fecisset
1069 2188 1117 2212 ac
1140 2174 1334 2213 facturus
1356 2180 1478 2213 essct.
1531 2175 1699 2214 Occidit

125 2227 366 2266 adulteram
398 2228 659 2266 confessam:
694 2229 766 2267 illa
797 2242 948 2279 penam
978 2234 1302 2268 commeruerat.
1363 2230 1528 2268 Occidit
1554 2231 1697 2275 filiam,

124 2295 176 2319 ne
206 2284 300 2332 quis
332 2283 374 2320 in
404 2287 624 2333 posterum
657 2284 716 2321 illi
748 2288 991 2322 maternum
1020 2288 1333 2335 paternumque
1361 2287 1517 2323 crimen
1546 2286 1696 2336 obpro-

125 2337 280 2375 braret.
341 2338 429 2375 Sibi
455 2338 540 2376 fuit
570 2339 775 2384 carnifex,
805 2352 857 2377 ne
889 2340 1013 2389 longo
1044 2341 1237 2378 cruciatu
1270 2341 1437 2390 periret,
1467 2341 1698 2378 damnatus
1718 2354 1758 2385 45

124 2392 312 2430 iudicum
335 2394 568 2431 sententiis.
630 2394 740 2431 Nam
764 2395 804 2431 in
833 2408 985 2444 corpus
1012 2396 1223 2432 saeuitum
1250 2400 1327 2441 est,
1357 2395 1504 2433 fractis
1533 2396 1697 2433 ossibus

124 2447 371 2497 impositum
393 2452 458 2486 est
479 2448 650 2486 sublimi
673 2453 804 2495 rotae,
827 2449 979 2487 deinde
1002 2450 1210 2487 inclusum
1233 2450 1371 2500 ligneo
1393 2451 1529 2488 culleo
1547 2451 1696 2488 demis-

124 2515 217 2539 sum
238 2506 303 2540 est
324 2504 365 2540 in
390 2503 589 2540 Rhenum
608 2517 614 2541 :
648 2504 751 2553 quid
773 2505 976 2542 acciderit
998 2506 1177 2549 animae,
1202 2507 1323 2543 nouit
1346 2506 1471 2543 Deus.
1520 2506 1697 2543 Facinus

123 2560 212 2595 tam
238 2562 363 2595 atrox
391 2562 436 2595 et
463 2559 733 2608 inopinatum
763 2572 952 2597 socerum
982 2561 1127 2597 vxoris
1156 2564 1323 2610 patrem
1353 2561 1411 2598 ita
1440 2561 1620 2611 perculit
1649 2564 1697 2597 vt

170 2672 217 2702 13.
245 2673 306 2693 eas
323 2675 387 2702 ay:
414 2663 492 2694 illas
508 2662 538 2702 β.
634 2665 697 2695 Ait,
715 2663 773 2695 (151
801 2675 868 2695 om.
887 2677 919 2704 γ.
1060 2675 1108 2705 14.
1135 2670 1375 2706 extorqueret
1393 2679 1431 2695 a:
1458 2670 1693 2704 extorqueret

122 2710 224 2736 motu
237 2706 269 2745 β.
419 2717 467 2746 15.
495 2708 691 2748 pugionem
711 2721 750 2739 a:
779 2710 950 2750 pugionis
968 2720 1180 2740 mucronem
1196 2710 1228 2748 β.
1381 2718 1428 2739 11).
1457 2710 1636 2739 fateretur
1655 2721 1693 2738 a:

123 2751 360 2790 profiteretur
375 2751 406 2790 β.
546 2762 597 2782 20.
624 2753 757 2783 morito
773 2766 805 2791 γ.
862 2753 1067 2784 confessam
1086 2753 1145 2784 αδ;
1172 2754 1366 2784 confestim
1386 2766 1417 2791 γ.
1563 2763 1613 2791 23.
1640 2757 1692 2783 ‹ns-t

122 2805 190 2824 om.
207 2794 259 2833 βδ.
522 2805 573 2835 27.
600 2797 699 2836 quod
719 2795 778 2826 <182
805 2797 893 2837 quid
913 2810 945 2835 γ.
1210 2807 1261 2836 32.
1290 2798 1428 2827 laucius
1447 2809 1508 2835 (ιγε
1536 2797 1646 2827 latius
1662 2796 1693 2835 β.

122 2842 360 2878 accepturum
377 2838 409 2878 β.
546 2850 597 2880 40.
626 2841 761 2879 tragico
779 2854 842 2879 ay:
871 2842 998 2881 tragici
1014 2841 1046 2880 β

167 2968 218 2989 ¹22.
246 2959 449 2998 Prnttolon]
484 2961 512 2991 A
549 2961 680 3001 village
717 2970 734 2999 5
772 2962 874 2992 miles
988 2972 1039 3001 30.
1067 2963 1209 2999 comici}
1229 2962 1398 2994 Tovem—0,
1421 2962 1486 2991 Ad,
1508 2971 1537 3000 3.
1560 2971 1587 2991 2.
1614 2971 1660 2991 io.

122 3004 232 3033 south
250 3003 287 3034 os
304 3004 421 3034 Baslo.
