1966 3379
102 126 222 173 2750]
646 120 717 158 To
746 119 897 158 ι101111
929 118 1118 155 FABER
1590 116 1662 153 137

103 227 226 271 filius,
244 230 292 263 vt
309 229 528 275 parentem
546 236 619 273 per
641 236 682 260 se
704 223 864 260 clarum
888 222 1002 259 omni
1023 233 1173 270 genere
1190 220 1387 257 decorum
1411 219 1664 263 obscurarit,
1685 235 1725 266 75

105 281 275 319 tametsi
306 292 429 317 nemo
460 279 600 316 verius
632 277 819 315 illustrat
850 277 1029 314 maiores
1061 287 1171 319 suoS,
1203 287 1331 323 quam
1364 275 1436 322 qui
1467 274 1521 311 ad
1552 274 1664 310 hunc

104 336 304 374 obscurat
325 334 511 371 modum.

159 390 322 427 Omitto
348 401 458 425 nunc
487 388 709 437 dignitatis
739 385 900 431 titulos,
923 385 1078 434 quibus
1106 389 1298 432 vterque,
1322 395 1406 419 non
1435 382 1665 426 exambito,

106 457 180 481 nec
212 447 357 492 empto
386 443 546 487 fauore,
579 441 652 479 sed
685 444 923 491 spontaneo
959 440 1087 488 Regis
1120 438 1274 475 iudicio
1315 437 1541 474 decoratus
1577 440 1664 473 est:

105 499 184 536 nisi
204 498 315 535 forte
338 497 460 534 rebus
483 498 524 533 111
549 496 658 533 bello
680 495 807 532 semel
831 499 960 544 atque
989 495 1142 531 iterum
1172 497 1375 529 strennue
1400 492 1530 540 gestis
1557 490 1665 527 arbi·
1687 499 1729 527 80

104 558 270 590 tramur
290 564 433 589 veram
452 551 593 600 parari
609 550 877 587 nobilitatem
895 563 901 586 1
928 549 1101 597 egregiis
1119 551 1262 584 autem
1282 547 1322 583 in
1341 545 1667 594 Rempublicam

106 607 278 649 meritis,
297 618 403 655 quae
426 606 589 654 pacatis
606 604 871 654 temporibus
889 603 1064 640 consilio
1086 606 1360 651 praestantur
1381 601 1524 650 potius
1541 612 1667 647 quam

105 662 245 705 armis,
260 660 363 697 1111111
377 660 520 697 deberi
535 659 717 697 honoris.
761 658 987 695 Militarem
1004 657 1258 694 industriam
1273 667 1357 703 quo
1375 655 1524 691 melius
1541 653 1670 690 habet

108 715 287 765 Reipub.
321 719 461 752 status
492 714 569 751 hoc
601 715 741 764 minus
769 712 1007 750 desiderat:
1046 711 1195 748 horum
1228 723 1327 747 vero
1358 711 1429 758 qui
1463 709 1669 751 doctrina,

107 771 177 820 qui
195 769 381 813 consilio,
397 770 468 818 qui
486 768 818 818 iurisprudentia
835 766 1062 811 excellunt,
1078 778 1206 815 opera
1223 777 1387 813 semper
1404 768 1466 801 est
1484 762 1671 808 Regibus
1690 769 1730 807 85

108 838 155 862 ac
187 825 322 873 regnis
351 824 587 860 necessaria
619 822 718 861 belli
750 823 870 859 iuxta
901 834 949 859 ac
980 821 1095 870 pacis
1127 819 1403 868 temporibus.
1462 817 1671 855 Audimus

109 880 362 928 scripturam
384 879 610 927 mysticam
639 877 897 926 loquentem,
921 876 1000 913 Per
1028 888 1092 912 me
1122 875 1258 923 Reges
1287 877 1479 922 regnant.
1539 872 1672 920 Atqui

108 947 157 971 ea
182 946 264 970 vox
292 945 376 970 non
404 937 469 970 est
496 931 685 976 militiae,
708 931 779 968 sed
809 931 1054 981 sapientiae,
1081 941 1189 978 quae
1217 931 1408 978 praestat
1434 940 1485 964 ne
1514 926 1671 963 bellum

110 989 285 1032 oriatur,
314 991 390 1025 aut
421 988 455 1024 si
485 987 611 1024 vitari
644 999 728 1023 non
759 990 900 1034 queat,
932 985 1059 1022 efficit
1093 988 1141 1021 vt
1175 996 1303 1032 quam
1340 982 1518 1019 minimo
1550 980 1670 1030 Reip.

111 1042 222 1080 malo
243 1046 426 1091 geratur.
486 1041 664 1078 Felicius
686 1045 828 1078 autem
858 1044 923 1077 est
949 1039 1131 1088 effugere
1160 1037 1319 1075 bellum
1348 1049 1476 1086 quam
1504 1035 1674 1073 fortiter
1693 1049 1735 1076 90

110 1110 263 1147 gerere.
315 1097 404 1134 Pax
426 1101 569 1133 autem
594 1108 678 1133 non
700 1100 843 1145 potest
865 1107 953 1132 esse
975 1094 1154 1133 diutina,
1176 1096 1252 1130 aut
1275 1093 1309 1129 si
1329 1096 1415 1137 est,
1429 1091 1563 1140 gignit
1585 1102 1672 1127 cor-

112 1156 261 1202 ruptos
284 1151 502 1188 hominum
526 1163 674 1194 mores,
698 1151 778 1187 nisi
800 1149 1073 1199 prudentium
1096 1148 1284 1184 virorum
1312 1146 1497 1184 consiliis
1525 1144 1673 1194 guber-

113 1210 249 1244 netur.
296 1204 337 1243 Si
355 1205 599 1254 Torquatus
621 1205 799 1242 illustris
820 1204 960 1241 factus
981 1207 1057 1247 est,
1077 1202 1189 1251 quod
1210 1201 1322 1238 hosti
1339 1200 1462 1238 Gallo
1479 1204 1674 1248 torquem

112 1261 313 1305 detraxit,
332 1265 375 1297 et
396 1260 534 1297 clarus
552 1273 636 1298 non
653 1260 746 1308 erit,
764 1260 835 1308 qui
853 1258 1141 1308 compluribus
1164 1257 1287 1294 annis
1303 1268 1458 1304 equum
1483 1254 1675 1297 iudicem,

114 1315 277 1353 fidelem
303 1314 603 1360 consiliarium,
631 1315 848 1364 praestitit
879 1314 1074 1363 patriae?
1133 1312 1191 1349 At-
1222 1311 1358 1348 multo
1389 1322 1507 1347 secus
1538 1309 1675 1346 visum
1695 1321 1736 1350 05

114 1375 179 1408 est
204 1371 349 1419 priscis
378 1369 727 1419 Imperatoribus,
751 1370 822 1418 qui
851 1367 1134 1406 assessoribus
1162 1367 1260 1409 suis,
1284 1365 1421 1414 legum
1450 1363 1677 1414 prudentia

114 1425 249 1469 claris,
277 1436 463 1461 summos
491 1424 671 1461 honores
699 1424 960 1461 detulerunt.
1019 1421 1128 1467 Quin
1157 1425 1201 1458 et
1227 1420 1526 1469 grammaticis,
1549 1417 1676 1455 diale-

115 1480 246 1523 cticis,
264 1491 311 1516 ac
334 1479 435 1515 iuris
457 1479 766 1528 professoribus
788 1479 859 1527 qui
881 1490 956 1527 per
978 1489 1112 1514 annos
1134 1476 1285 1524 viginti
1309 1475 1519 1524 specimen
1540 1472 1676 1510 erudi-

115 1535 243 1571 tionis
260 1546 307 1570 ac
325 1533 552 1582 probitatis
567 1533 792 1573 dedissent,
807 1533 954 1570 eadem
970 1531 1191 1580 dignitatis
1206 1530 1385 1578 insignia
1399 1529 1679 1566 decreuerunt

117 1588 270 1637 quibus
291 1588 555 1625 ornabantur
578 1589 734 1625 vicarii.
796 1588 1058 1624 Vicariorum
1081 1590 1225 1622 autem
1252 1584 1437 1633 dignitas
1466 1581 1680 1631 aequabat
1702 1594 1762 1615 100

117 1643 321 1680 comitum
344 1656 392 1680 ac
415 1642 569 1680 ducum
592 1642 857 1691 dignitatem.
918 1642 1121 1679 Testatur
1150 1640 1226 1677 hoc
1251 1638 1416 1676 Codicis
1444 1637 1549 1674 liber
1576 1636 1678 1674 duo-

118 1698 317 1741 decimus,
341 1697 467 1734 titulo
490 1697 551 1734 De
574 1697 901 1734 professoribus.
962 1695 1020 1732 At
1041 1695 1164 1732 hodie
1187 1706 1271 1731 non
1293 1696 1584 1742 agnoscuntur
1605 1704 1681 1740 pro

118 1751 331 1789 nobilibus
353 1752 506 1800 quibus
524 1765 609 1789 non
628 1753 847 1794 natiuitas,
867 1751 938 1788 sed
963 1751 1176 1799 Princeps,
1200 1749 1334 1786 donat
1355 1748 1679 1796 insignia——non

119 1806 401 1856 improbarem
418 1808 451 1843 si
465 1807 623 1851 dicant,
639 1806 799 1844 vendit.
837 1805 1061 1843 Caeterum
1077 1816 1208 1853 quum
1225 1803 1431 1852 Principis
1447 1801 1682 1839 autoritate

122 1861 225 1898 bene
248 1862 408 1898 meritis
433 1861 483 1898 de
514 1861 750 1911 Republica
775 1861 1018 1898 decernitur
1046 1859 1193 1903 honos,
1216 1870 1309 1895 meo
1334 1856 1488 1894 iudicio
1515 1856 1682 1905 gemina
1704 1866 1764 1896 105

120 1920 183 1953 est.
205 1915 418 1961 nobilitas,
437 1928 567 1964 quum
590 1916 643 1953 ad
666 1916 872 1953 virtutem
895 1915 1032 1952 omnis
1054 1926 1178 1951 verae
1201 1912 1439 1949 nobilitatis
1459 1915 1681 1961 parentem

120 1970 283 2007 accedit
316 1970 521 2020 Principis
551 1971 782 2008 autoritas:
815 1971 847 2006 si
877 1970 1110 2018 requiritur
1137 1968 1388 2016 antiquitas,
1415 1964 1681 2015 magnificen-

124 2026 207 2062 tius
229 2028 293 2061 est
314 2025 584 2062 nobilitatem
607 2026 901 2075 promeruisse,
925 2036 1053 2073 quam
1076 2036 1100 2060 a
1122 2022 1354 2060 maioribus
1376 2021 1598 2069 accepisse.

176 2079 331 2116 Verum
356 2079 463 2117 hanc
485 2079 653 2117 laudem
677 2081 762 2117 scio
783 2079 897 2127 apud
926 2078 1090 2116 Morum
1119 2089 1208 2114 esse
1237 2076 1439 2114 leuissimi
1466 2074 1683 2118 momenti,

122 2134 193 2183 qui
216 2134 384 2171 mauult
406 2135 585 2183 posteris
606 2135 691 2171 suis
720 2135 892 2184 pietatis
920 2146 1120 2174 amorem,
1144 2144 1273 2180 quam
1299 2131 1525 2179 insignium
1541 2129 1683 2169 ,hono-
1708 2140 1768 2161 110

123 2201 209 2226 rem
231 2188 479 2237 relinquere.
540 2189 682 2234 Porro,
705 2188 818 2237 quod
843 2190 1005 2225 iactant
1030 2188 1081 2225 de
1103 2186 1342 2224 carceribus
1370 2198 1424 2222 an
1453 2196 1600 2221 verum
1630 2184 1686 2220 sit

124 2244 275 2280 nescio.
336 2242 448 2280 Illud
470 2248 652 2288 constat,
676 2245 813 2280 virum
837 2248 993 2280 natura
1015 2242 1286 2279 mitissimum
1310 2240 1415 2277 nulli
1443 2239 1570 2276 fuisse
1598 2250 1684 2275 1110-

124 2297 291 2342 lestum,
310 2299 381 2347 qui
403 2299 591 2335 monitus
608 2298 790 2335 voluerit
811 2311 836 2334 a
857 2302 1069 2335 sectarum
1087 2296 1284 2342 contagio
1307 2295 1559 2344 resipiscere.
1620 2293 1686 2329 An

125 2353 195 2389 isti
212 2352 447 2401 postulant,
464 2357 511 2389 vt
528 2365 718 2390 summus
735 2354 845 2390 tanti
862 2353 979 2401 regni
996 2351 1130 2388 Iudex
1146 2350 1287 2387 nullos
1302 2349 1459 2387 habeat
1474 2350 1686 2385 carceres?

126 2406 227 2444 Odit
248 2406 316 2444 ille
337 2407 538 2444 seditiosa
558 2407 772 2456 dogmata,
796 2407 951 2456 quibus
978 2419 1088 2443 nunc
1117 2407 1266 2443 misere
1292 2405 1538 2441 concutitur
1562 2402 1686 2440 orbis.
1711 2412 1771 2441 115

129 2461 219 2498 Hoc
249 2461 317 2498 illc
342 2475 427 2499 non
455 2462 708 2507 dissimulat,
732 2475 805 2498 nec
827 2463 946 2510 cupit
966 2474 1055 2498 esse
1084 2461 1205 2502 clam,
1229 2461 1286 2496 sic
1315 2458 1512 2496 addictus
1538 2457 1688 2506 pietati

129 2520 188 2561 vt,
221 2517 254 2552 si
284 2516 607 2553 in‘alterutram
646 2521 809 2566 partem
846 2515 1163 2565 aliquantulum
1198 2514 1374 2551 inclinet
1409 2516 1688 2553 momentum,

129 2571 422 2619 superstitioni
444 2584 571 2619 quam
595 2571 805 2620 impietati
829 2571 1004 2607 vicinior
1025 2583 1114 2607 esse
1137 2569 1347 2606 videatur.
1410 2566 1523 2604 Illud
1546 2570 1688 2603 tamen

129 2625 308 2662 eximiae
329 2625 548 2662 cuiusdam
571 2625 792 2663 clementie
815 2627 918 2662 satis
940 2637 1139 2673 magnum
1162 2628 1226 2661 est
1244 2625 1558 2671 argumentum,
1577 2619 1689 2669 quod

174 2715 225 2744 82.
251 2724 346 2754 quae
364 2714 413 2744 L:
439 2724 595 2754 quorum
613 2713 693 2743 MS.
794 2715 846 2743 80.
874 2713 955 2743 1)(-111
979 2738 984 2742 ,
1006 2737 1011 2742 .
1034 2737 1038 2742 .
1060 2712 1288 2752 temporibus
1306 2711 1385 2741 add.
1409 2711 1444 2739 l..
1548 2710 1599 2742 80.
1627 2714 1693 2738 aut

133 2757 213 2787 MS.
229 2769 235 2775 ·
255 2760 284 2788 &
303 2758 340 2787 L.
419 2768 471 2797 94.
498 2762 531 2788 et
552 2768 618 2788 om.
643 2758 678 2787 L.
766 2767 819 2796 97.
846 2757 940 2793 Quin
958 2782 962 2785 .
979 2781 984 2786 .
1004 2781 1009 2786 .
1029 2756 1293 2795 108.ai‹·cepissc
1316 2755 1359 2784 ll:
1380 2754 1474 2789 Quin
1497 2754 1562 2792 ips-i
1581 2753 1692 2782 etium

134 2800 360 2837 Quintiliano
382 2801 517 2831 rhetori
539 2812 582 2831 ex
604 2801 776 2831 Cesaruni
803 2801 1069 2831 constitutione
1091 2798 1178 2829 suu's
1201 2800 1315 2829 honos
1338 2804 1393 2827 est
1416 2797 1576 2828 habitus.
1595 2796 1692 2835 quod

133 2855 196 2884 per
213 2855 328 2875 annos
345 2845 474 2884 viginti
496 2845 700 2875 Romanam
719 2845 953 2875 iuuentutem
971 2844 1016 2874 ad
1035 2844 1125 2873 110111·
1143 2842 1338 2872 dicendum
1359 2841 1591 2871 instituisset.
1612 2840 1692 2869 JIS.

176 2934 227 2971 87.
256 2933 323 2962 Per
340 2933 411 2970 mo]
430 2932 535 2963 Prov.
554 2934 584 2962 S.
607 2941 654 2970 15.
942 2942 972 2965 o.
996 2941 1043 2969 13.
1064 2933 1092 2960 S.

177 2985 229 3015 93.
255 2976 479 3016 Torquatus]
501 2976 634 3016 Livy7.
657 2986 712 3011 10;
738 2976 875 3006 Gellius
992 2985 1061 3005 101.
1088 2973 1242 3010 Codicis]
1260 2972 1315 3003 Sc.
1334 2972 1547 3003 ι11181111111111.
