1966 3379
459 149 619 189 FROM
650 149 933 188 BONIFACE
965 149 1285 188 AMERBACH
1592 152 1666 190 291

93 151 212 201 2859]

91 256 169 293 hoc
202 255 402 292 nimirum
437 258 511 292 tue
546 254 755 292 bonitatis
789 258 866 299 est,
901 267 952 292 ex
984 266 1069 303 qua
1105 253 1225 291 velut
1257 267 1309 291 ex
1344 256 1516 304 perenni
1550 255 1669 294 fonte

91 309 256 347 nullum
286 322 371 347 non
403 308 702 346 beneficiorum
737 322 867 358 genus
900 312 1140 358 promanat.
1202 308 1356 357 Itaque
1389 322 1465 358 pro
1502 310 1666 347 munifi-

91 365 230 402 centia
251 363 325 401 illa
341 367 417 401 tua
438 364 568 401 etiam
589 364 815 401 nouissime
836 363 1029 400 exhibita
1049 363 1210 412 gratias
1227 363 1306 400 tibi
1328 376 1449 412 agere
1472 364 1667 402 deberem

90 423 134 456 et
166 418 332 463 referre,
365 419 397 455 si
430 418 498 455 vel
531 418 671 455 verbis
705 418 772 455 vel
809 418 946 467 reipsa
979 430 1056 467 par
1091 430 1237 454 essem.
1299 417 1455 455 Verum
1494 419 1668 467 quando

93 477 306 517 neutrum,
338 485 423 521 qua
456 473 609 522 ingenii
641 476 685 510 et
716 472 976 509 facultatum
1009 471 1304 509 mediocritate
1340 485 1446 517 sum,
1482 473 1592 518 lieet,
1626 478 1667 511 et

91 540 187 564 cum
218 528 352 564 maior
381 527 436 563 sis
467 539 595 576 quam
628 539 712 575 quo
742 527 877 564 nostri
906 530 1084 563 conatus
1114 527 1303 575 aspirare
1335 527 1521 572 valeant,
1554 528 1669 576 quod

90 585 284 631 superest
316 582 497 631 gratiam
529 581 695 619 habebo
727 594 880 630 meque
913 585 1107 618 veterum
1143 581 1281 625 dictiS,
1313 594 1410 618 eum
1447 583 1519 630 qui
1556 587 1668 619 recte

90 636 288 673 habuerit
323 635 515 673 retulisse
548 636 694 677 videri,
730 636 832 672 item
867 636 909 672 in
944 636 1108 684 magnis
1142 635 1209 672 vel
1247 636 1430 673 voluisse
1466 637 1666 682 sufficere,

89 690 334 728 docentium
359 690 621 728 consolabor.
682 690 744 727 Ne
773 703 872 727 sane
901 691 1093 739 ingratus
1120 690 1249 727 fuisse
1277 691 1436 736 videar,
1460 696 1668 740 perpetuo

90 758 165 795 pro
196 745 307 782 virili
333 746 484 782 enitar.
546 745 609 782 Tu
641 745 768 782 modo
798 757 893 782 mea
923 744 1063 794 opella
1090 757 1167 794 pro
1199 746 1329 782 animi
1360 747 1574 783 sententia
1604 747 1668 784 vti

89 812 140 837 ne
161 800 362 849 graueris,
384 803 428 837 et
452 812 552 848 rogo
573 803 617 837 et
638 799 842 837 obtestor.

144 854 314 891 Nautae
341 855 476 892 nostri
505 855 547 891 in
575 867 702 904 opera
730 867 807 891 sua
838 853 1019 891 locanda
1049 866 1203 892 nauem
1233 867 1403 903 quoque
1435 859 1595 893 tectam
1625 860 1669 892 et

87 908 142 946 ad
174 908 443 946 voluntatem
473 910 654 946 vectoris
682 910 936 946 instructam
966 912 1184 958 praestare
1214 909 1363 946 solent.
1426 910 1507 947 Pro
1538 910 1668 948 naulo

88 963 307 1001 Coloniam
337 976 470 1012 vsque
499 964 648 1013 viginti
676 975 827 1000 aureos
855 967 1024 1012 petunt,
1047 963 1296 1001 adiicientes
1324 968 1468 1001 tamen
1498 965 1530 1002 si
1560 966 1668 1002 serio

88 1018 154 1067 agi
194 1017 494 1063 intellexerint,
527 1030 604 1068 pro
644 1018 743 1055 boni
783 1018 862 1055 viri
903 1018 1118 1056 arbitratu
1161 1031 1204 1056 se
1245 1031 1455 1056 summam
1497 1019 1664 1056 solitam

89 1072 397 1110 moderaturos

143 1126 331 1164 Sadoleti
353 1127 403 1165 de
425 1124 567 1164 liberis
588 1131 702 1165 recte
724 1127 999 1165 instituendis
1026 1127 1218 1165 libellum
1250 1129 1390 1174 mitto,
1415 1129 1494 1166 tibi
1517 1129 1583 1166 vel
1610 1129 1664 1167 ob

86 1182 327 1219 nouitatem
349 1181 464 1219 haud
486 1182 693 1227 futurum,
718 1187 765 1219 vt
787 1195 922 1232 spero,
945 1183 1174 1232 ingratum.

141 1235 264 1281 Cura,
298 1237 355 1273 mi
397 1237 584 1282 Erasme,
619 1237 936 1282 valetudinem3
982 1241 1026 1275 et
1067 1238 1124 1275 sic
1165 1238 1398 1283 existimes,
1441 1238 1545 1275 nihil
1589 1242 1665 1276 tua

86 1290 269 1328 firmiore
291 1291 537 1329 valetudine
558 1292 733 1341 gratius,
752 1291 856 1329 nihil
879 1292 1106 1330 iucundius
1128 1292 1232 1330 mihi
1254 1292 1504 1331 adnunciari
1528 1306 1663 1343 posse.

141 1345 256 1383 Bene
278 1345 385 1383 vale.
445 1346 647 1384 Basileae.

511 1553 641 1591 2860.
707 1551 774 1591 To
809 1550 1054 1592 NrcHOLAs
1088 1550 1236 1592 OLAH.

135 1639 360 1684 Esterhazy
379 1639 461 1673 MS.
484 1650 567 1684 354.
1332 1643 1538 1687 Freiburg.

134 1688 217 1722 OE.
239 1699 321 1731 399.
1260 1702 1303 1734 23
1324 1692 1484 1736 August
1509 1702 1614 1736 1533.

85 1755 176 1793 [Tho
194 1755 265 1786 last
283 1756 491 1796 paragraph
509 1756 546 1787 of
563 1757 626 1787 tho
644 1757 754 1788 letter
771 1761 941 1798 suggests
959 1758 1044 1789 that
1062 1758 1126 1789 the
1144 1758 1272 1789 bearer
1289 1759 1327 1789 of
1345 1759 1373 1790 it
1392 1770 1466 1790 was
1484 1760 1664 1799 Livinus.]

292 1826 493 1853 ERASMVS
514 1826 840 1855 ROTERODAMVS
862 1829 904 1855 N.
930 1829 1042 1855 OLAO
1066 1829 1339 1856 SECRETARIO
1361 1830 1393 1856 S.
1414 1830 1453 1857 R.

140 1887 233 1924 PRo
265 1888 437 1935 negocio
468 1900 562 1924 meo
593 1891 681 1925 tam
716 1892 912 1926 amanter
945 1893 1096 1927 curato
1129 1890 1312 1939 gratiam
1346 1890 1495 1935 habeo,
1530 1904 1662 1940 quum

86 1941 296 1986 omnibus,
319 1941 451 1979 Olahe
473 1941 728 1988 charissime,
753 1947 844 1981 tum
867 1944 1064 1994 precipue
1087 1945 1178 1982 tibi.
1239 1945 1329 1994 Ego
1351 1947 1513 1995 paratis
1536 1947 1662 1984 vesti-

84 1996 175 2041 bus,
192 1997 324 2045 equis,
341 1996 555 2034 conducta
572 1998 673 2034 naui
689 2002 732 2035 et
749 1999 893 2035 nautis
911 2002 1083 2036 tantum
1102 2004 1283 2049 expecto
1305 2001 1663 2049 oportunitatem,

85 2055 134 2088 vt
169 2051 266 2088 hinc
301 2050 525 2088 incolumis
557 2052 745 2101 migrem.
806 2052 887 2090 Sed
920 2053 1128 2092 hactenus
1161 2054 1248 2092 tale
1282 2054 1365 2092 fuit
1402 2055 1578 2100 coelum,
1615 2061 1664 2094 vt

83 2117 205 2155 aegre
227 2105 394 2143 licuerit
415 2106 523 2143 tueri
545 2107 692 2144 vitam.
756 2107 1012 2146 Februarius
1034 2121 1099 2146 me
1122 2109 1232 2146 male
1254 2113 1459 2147 vexatum
1483 2111 1664 2148 tradidit

86 2159 253 2204 Martio,
277 2173 425 2197 senum
447 2161 637 2198 omnium
660 2161 771 2199 hosti
793 2163 980 2212 capitali.
1040 2163 1128 2201 Nec
1151 2167 1247 2201 tota
1267 2169 1409 2202 aestas
1435 2165 1551 2203 aliud
1581 2165 1664 2203 fuit

84 2227 214 2264 quam
248 2214 441 2260 Martius,
475 2216 542 2252 cui
577 2217 779 2254 successit
815 2217 1036 2267 Augustus
1069 2218 1479 2257 turbulentissimus.
1541 2219 1663 2266 Quod

85 2269 250 2307 coelum
286 2270 341 2306 sit
381 2274 663 2318 sequuturum
698 2273 850 2309 nescio.
912 2272 1067 2322 Itaque
1104 2274 1239 2311 satius
1274 2286 1362 2311 esse
1396 2274 1500 2312 duxi
1534 2276 1662 2325 paulo

85 2324 215 2361 serius
234 2324 367 2361 redire
389 2337 475 2373 quo
496 2326 679 2363 maxime
710 2327 835 2376 cupio
858 2340 986 2376 quam
1013 2328 1312 2378 corpusculum
1344 2329 1421 2366 hoc
1451 2331 1508 2366 sic
1538 2343 1660 2379 quas-

84 2391 176 2415 sum
199 2383 243 2416 et
264 2382 539 2416 attenuatum
562 2380 603 2417 in
626 2381 900 2419 manifestum
924 2383 1039 2420 vitae
1061 2383 1285 2421 discrimen
1307 2385 1573 2434 precipitare.

141 2433 317 2470 Premisi
335 2433 558 2479 Leuinum,
578 2438 625 2471 vt
644 2448 716 2484 per
738 2437 895 2474 amicos
918 2441 1056 2475 certos
1079 2437 1204 2475 isthic
1227 2438 1329 2475 mihi
1353 2443 1475 2488 paret
1498 2440 1659 2482 nidum,

85 2500 169 2537 quo
202 2501 268 2525 me
302 2489 450 2526 statim
486 2489 698 2538 recipiam.
760 2491 889 2528 Miror
922 2493 1017 2541 quis
1051 2492 1129 2529 hoc
1166 2494 1358 2537 suaserit,
1393 2498 1442 2531 vt
1476 2494 1661 2531 Leuinus

85 2543 308 2591 pecuniam
326 2544 537 2592 acciperet
558 2544 700 2581 Dolac.
747 2546 924 2584 Poterat
946 2548 1160 2585 numerari
1178 2548 1379 2597 Fuggeris
1396 2552 1473 2586 aut
1491 2547 1660 2591 Schoto,

83 2600 127 2634 et
167 2597 233 2634 hic
265 2598 518 2647 accepissem
553 2611 626 2648 per
662 2600 961 2650 syngrapham.

128 2696 224 2726 2859.
251 2704 324 2735 4-5.
351 2696 619 2735 munificentia]
660 2698 724 2728 See
765 2699 835 2739 Ep.

86 2740 168 2777 2855
187 2740 321 2770 introd.

132 2792 180 2818 19.
233 2783 409 2820 libellum]
449 2784 590 2824 Jsseopo
633 2784 837 2816 Sadoleto's

85 2826 180 2856 book
190 2837 263 2856 was
275 2827 422 2866 printed
435 2832 474 2858 nt
484 2828 617 2858 Venice
632 2838 723 2868 1533,
735 2830 837 2860 Paris

88 2879 182 2909 1534,
223 2871 345 2909 Lyons
389 2880 481 2909 1535.
546 2872 587 2901 ln
630 2873 697 2913 Ep.
739 2875 836 2912 2864,

85 2913 267 2952 thanking
286 2914 374 2945 Paul
394 2915 565 2945 Sadoleto
584 2916 640 2946 for
656 2927 678 2946 a
691 2927 785 2957 eopy
799 2918 836 2948 of

85 2957 124 2991 it,
144 2957 319 2988 Erasmus<
336 2958 486 2989 entitles
505 2959 531 2989 it
551 2959 766 3001 incorrectly
785 2961 836 2992 Dc

84 3001 217 3032 studiis
235 3006 317 3032 recte
338 3002 580 3033 instituendis.

1024 2601 1147 2639 Nunc
1182 2603 1224 2640 in
1259 2604 1460 2640 trecentis
1495 2603 1662 2641 florenis

949 2701 1045 2731 2860.
1076 2710 1125 2740 13.
1152 2702 1361 2741 pecuniam]
1388 2703 1465 2732 The
1490 2703 1659 2734 viaticum

905 2748 988 2774 sent
1020 2745 1113 2775 from
1151 2746 1339 2779 Brussels:
1380 2746 1425 2775 ef.
1460 2747 1528 2786 Ep.
1566 2748 1659 2784 2850.

906 2788 1082 2819 Erasmus
1106 2790 1292 2827 grurnbles
1316 2793 1356 2819 nt
1383 2791 1445 2820 tlw
1470 2790 1661 2820 sinullness

906 2832 943 2861 of
961 2833 1025 2862 1110
1042 2837 1209 2863 amount.
1259 2834 1334 2863 But
1354 2834 1396 2863 110
1416 2834 1572 2871 thought
1598 2843 1662 2872 3oo

908 2875 1031 2906 ssorins
1068 2876 1253 2916 adequate
1292 2878 1564 2907 reniunemtion
1606 2878 1661 2907 for

906 2919 1049 2950 Froben
1069 2920 1124 2950 for
1142 2931 1163 2950 n.
1180 2920 1298 2960 yeurs
1311 2921 1411 2950 work
1425 2921 1590 2960 printing
1605 2921 1661 2950 liis

904 2963 1080 2994 collected
1099 2964 1211 3004 Opera
1231 2965 1315 3001 (vol.
1337 2965 1384 2998 vi,
1404 2975 1439 3004 p.
1461 2965 1550 3004 504).

1692 651 1730 672 Io

1691 924 1728 953 15

1687 1209 1728 1230 20

1686 2403 1725 2423 10
