1966 3379
251 120 330 157 326
680 121 940 160 LETTERS
971 121 1042 160 OF
1072 122 1340 162 ERASMUS
1701 127 1824 175 [1533

190 241 230 270 25
306 223 530 261 Caeterum
567 226 726 274 gratias
762 226 841 263 tibi
883 226 1019 264 habeo
1054 227 1331 273 immortales,
1365 229 1438 277 qui
1472 228 1697 266 consilium
1732 234 1822 267 tam

252 279 435 315 amicum
458 279 509 316 de
532 279 616 317 filio
639 281 908 329 impartieris.
956 281 1011 318 Et
1034 281 1132 318 licet
1154 282 1367 319 illibenter
1389 283 1466 319 tibi
1489 283 1693 321 molestus
1715 297 1822 329 sum,

252 333 416 381 tibique
439 334 667 382 quicquam
695 335 911 383 iniungere
934 336 1076 381 timeo,
1101 349 1183 373 non
1207 336 1321 385 quod
1344 336 1395 373 de
1417 341 1493 374 tua
1515 339 1652 375 amica
1673 338 1821 375 volun-

252 390 343 424 tate
361 390 506 436 (quam
523 401 743 437 nunquam
763 402 846 426 non
864 390 918 426 ad
942 390 1068 427 michi
1089 391 1432 439 gratifficandum
1455 393 1713 440 paratiorem
1737 393 1822 430 scio

251 454 380 490 quam
403 442 490 492 ipse
513 455 700 492 vnquam
724 445 873 480 mereri
895 446 1084 492 possim),
1107 445 1179 481 sed
1208 445 1323 493 quod
1353 445 1418 482 vel
1445 445 1560 494 apud
1589 459 1654 483 me
1683 447 1821 496 ipsum

190 512 232 542 30
251 495 541 545 impudentiae
574 502 721 535 notam
760 498 874 535 haud
906 498 1117 547 effugiam,
1150 500 1183 535 si
1220 504 1261 536 te
1294 504 1362 536 tot
1393 512 1441 537 ac
1477 501 1612 537 tantis
1644 502 1824 549 negotiis

250 554 380 598 atque
411 552 765 600 occupationibus
797 553 999 589 obrutum
1034 558 1164 602 atque
1198 558 1400 590 onustum
1434 554 1613 592 vlterius
1644 567 1822 603 grauare

250 617 446 653 pergam:
479 606 521 642 in
546 618 632 655 quo
661 612 816 651 tamen,
847 612 1075 656 postquam
1104 613 1146 644 te
1174 612 1261 644 tam
1298 608 1524 657 benignum
1553 610 1702 654 sentio,
1725 621 1820 647 con-

250 659 385 696 tinere
407 672 474 696 me
496 672 580 697 non
607 673 728 709 queo,
751 662 853 710 quin
883 661 960 698 hoc
989 674 1141 711 operae
1170 675 1282 699 nunc
1311 675 1481 711 quoque
1511 663 1588 700 abs
1620 669 1661 701 te
1693 663 1819 701 michi

249 713 501 762 deposcam;
553 719 679 764 teque
722 728 807 760 oro,
849 715 1077 753 clarissime
1119 716 1289 753 domine
1337 717 1522 762 Erasme,
1563 719 1821 756 sententiam

189 782 230 813 35
250 772 383 812 tuam,
406 769 508 817 quid
530 769 580 806 de
601 783 651 807 eo
672 774 862 807 statuere
885 770 1075 815 debeam,
1099 772 1287 820 apertius
1310 771 1478 809 indices
1523 771 1632 809 Tum
1654 785 1720 809 me
1742 772 1822 810 tibi

250 822 397 859 multis
417 824 660 861 nominibus
688 825 942 862 obstrictum
977 825 1053 861 hac
1085 838 1127 862 re
1158 838 1327 874 quoque
1356 826 1580 863 deuincies.
1640 826 1821 871 Curabo,

249 882 459 925 quantum
484 878 524 914 in
547 891 613 915 me
634 879 727 923 erit,
752 878 853 915 haec
877 884 951 915 tua
978 880 1181 916 immensa
1203 892 1251 917 ac
1274 892 1441 917 summa
1463 881 1502 917 in
1526 893 1592 918 me
1621 880 1823 918 beneficia

249 931 506 980 quandoque
535 945 789 982 expungam,
819 934 937 982 sique
966 933 1007 970 id
1038 946 1121 970 non
1154 946 1230 983 pro
1262 934 1471 984 dignitate
1502 934 1651 980 fecero,
1675 940 1822 973 tamen

250 985 453 1023 voluntas
483 987 523 1023 in
555 987 633 1024 hoc
660 1000 880 1036 nunquam
909 987 1057 1031 deerit,
1087 1001 1182 1025 cum
1213 989 1252 1025 in
1281 990 1444 1038 magnis
1475 990 1606 1026 etiam
1639 989 1822 1027 voluisse

188 1056 230 1085 40
249 1045 317 1077 sat
338 1041 405 1078 sit.
458 1041 635 1078 Interim
658 1054 817 1091 precor,
840 1042 919 1078 tibi
941 1043 1083 1079 omnia
1105 1056 1155 1079 ex
1178 1043 1309 1079 animi
1331 1044 1395 1080 tui
1417 1045 1631 1081 sententia
1653 1044 1820 1089 cedant,

250 1094 449 1143 Deusque
467 1100 509 1132 te
527 1096 649 1133 nobis
667 1096 739 1133 diu
757 1096 925 1133 saluum
943 1109 991 1133 ac
1009 1096 1264 1134 incolumem
1283 1102 1423 1134 seruet
1442 1103 1573 1147 atque
1590 1098 1820 1136 custodiat.

249 1148 362 1186 Bene
385 1150 491 1187 vale.

303 1204 523 1253 Augustae
550 1204 673 1242 vind.
705 1206 838 1242 xxviii
874 1205 939 1242 die
968 1205 1237 1251 Nouembris,
1264 1205 1388 1244 Anno
1416 1220 1441 1244 a
1468 1211 1596 1256 partu
1625 1207 1820 1257 Virginis.

248 1268 505 1296 M.D.XXX111.

185 1327 226 1358 45
864 1314 1078 1352 Iohannes
1101 1315 1433 1364 PaugartneruS,
1456 1320 1558 1353 tuus
1579 1320 1627 1354 vt
1650 1329 1764 1354 suus.

301 1382 469 1421 Clariss.
506 1384 950 1434 excellentissimoque
986 1386 1079 1423 viro
1114 1386 1286 1423 domino
1327 1386 1505 1424 Erasmo
1546 1386 1662 1432 Rot„
1697 1399 1822 1425 verae

246 1436 486 1488 theologiae
517 1444 604 1489 opt.
636 1451 748 1477 max.
782 1439 1023 1488 professori,
1055 1439 1278 1478 Romanae
1309 1441 1498 1490 Linguae
1530 1442 1820 1487 instauratori,

246 1491 431 1531 Domino
453 1506 530 1531 suo
552 1494 745 1544 inprimis
768 1495 1024 1532 venerando.
1085 1494 1281 1545 Friburgi
1303 1495 1530 1546 Brisgoiae.

603 1685 732 1723 2883.
798 1682 866 1723 ΤΟ
899 1683 1144 1724 ΒΟΝΙΕΑΟΕ
1179 1683 1463 1725 AMERBACH.

296 1771 415 1804 Basle
434 1771 516 1806 MS.
538 1772 626 1806 AN.
647 1773 724 1806 III.
749 1782 804 1815 15.
827 1783 885 1815 55.
1452 1774 1659 1819 Freiburg.

293 1819 338 1860 Q.
360 1821 418 1862 85.
1347 1833 1394 1866 30
1412 1823 1643 1858 November
1665 1834 1770 1867 1533.

587 1905 660 1942 [An
678 1905 832 1945 original
850 1905 972 1942 letter,
990 1906 1199 1946 autograph
1217 1907 1475 1946 throughout]

300 1978 338 2016 S.
356 1991 394 2028 p.
457 1979 498 2018 Si
527 1980 774 2018 Bonifaeius
806 1986 919 2018 reete
951 1981 1080 2027 valet,
1113 1994 1198 2019 non
1229 1986 1295 2019 est
1325 1982 1439 2031 quod
1471 1983 1655 2032 amplius
1685 1983 1739 2021 ab
1771 1996 1819 2021 eo

245 2034 471 2082 requiram.
532 2035 763 2084 Negotium
796 2035 885 2081 hoc,
910 2037 951 2073 in
978 2049 1062 2085 quo
1090 2037 1162 2074 diu
1193 2037 1437 2085 sategimus
1461 2037 1636 2075 tandem
1662 2039 1817 2088 peregi-

245 2099 352 2132 mus,
374 2101 449 2126 nec
472 2094 537 2126 est
560 2090 675 2138 quod
698 2090 849 2139 pedem
872 2103 965 2128 mea
987 2103 1116 2128 causa
1137 2103 1322 2128 moneas

300 2140 536 2192 Scripseras
558 2145 699 2182 nescio
721 2145 823 2194 quid
845 2145 896 2182 de
918 2145 1163 2183 conditione
1185 2145 1341 2183 delata.
1393 2145 1503 2191 Quid
1525 2147 1580 2184 sit
1603 2146 1692 2192 hoc,
1715 2160 1817 2184 non-

206 2210 224 2239 5
244 2195 346 2233 dum
369 2197 571 2248 intelligo.

300 2250 434 2301 Cupio
456 2254 572 2297 scire,
596 2253 789 2291 catulum
812 2266 867 2291 an
888 2254 1087 2292 catellam
1111 2255 1189 2292 tibi
1211 2256 1423 2304 pepererit
1440 2259 1516 2292 tua
1535 2255 1656 2293 Iuno.
1703 2255 1818 2293 Bene

244 2304 351 2349 vale,
375 2307 609 2344 amicorum
636 2308 798 2345 intime.
860 2308 1068 2358 Friburgi.
1128 2309 1288 2346 Natali.
1312 2307 1350 2346 S.
1374 2309 1580 2347 Andreae.
1608 2319 1724 2358 1533.

1434 2364 1638 2401 Erasmus
1661 2364 1760 2402 Rot.

298 2429 463 2468 Clariss.
488 2433 592 2469 viro.
616 2432 667 2469 D.
692 2432 913 2471 Bonifacio
935 2433 1230 2471 Amerbachio.
1293 2434 1496 2472 Basileae.

286 2562 383 2593 2882.
421 2572 540 2603 3oss40.
597 2564 632 2594 in
660 2565 802 2604 magnis
829 2589 835 2594 .
863 2589 869 2594 .
899 2590 904 2594 .
932 2565 994 2603 sit]
1064 2566 1263 2596 invitation
1278 2570 1317 2596 to
1332 2565 1506 2596 Bonifaee
1524 2570 1562 2597 to
1579 2577 1624 2606 go
1641 2571 1681 2598 to
1699 2567 1816 2598 Stras·

243 2605 308 2636 See
328 2606 434 2646 Prop.
452 2616 481 2637 2.
504 2617 553 2637 10.
570 2610 601 2643 6,
617 2608 661 2637 cf.
676 2608 745 2647 Ep.
762 2617 858 2647 2931.
878 2610 993 2645 18-19.
1064 2609 1192 2649 bourg.
1241 2609 1305 2639 See
1323 2610 1392 2649 Ep.
1413 2619 1493 2646 ‘2901
1515 2610 1649 2641 introd.

287 2650 383 2680 2883.
418 2661 448 2688 4.
483 2650 685 2690 Scripseras
723 2676 729 2681 .
766 2676 772 2682 .
813 2677 818 2681 .
856 2652 995 2690 delata]
1108 2655 1138 2682 6.
1165 2653 1345 2690 catulum]
1386 2653 1593 2684 Bonifaee's
1628 2654 1714 2694 only
1749 2665 1816 2685 son

242 2693 807 2725 AsBurckhardt-Bicdermann
826 2700 995 2735 suggests
1063 2696 1162 2726 Basil
1188 2706 1262 2726 was
1287 2697 1376 2727 born
1395 2706 1441 2727 on
1468 2706 1480 2726 1
1506 2697 1591 2727 Dee.
1619 2706 1712 2737 1533.
1760 2698 1813 2728 Cf.

243 2737 340 2774 (Am.
357 2737 399 2767 E.
416 2747 451 2777 p.
468 2738 545 2775 288)
560 2738 635 2768 this
653 2744 752 2769 must
768 2739 861 2769 refer
875 2746 914 2770 to
932 2740 995 2769 the
1066 2740 1135 2779 Ep.
1157 2740 1250 2779 2887.
