1966 3379
214 123 293 159 334
642 120 901 159 LETTERS
931 120 1001 159 OF
1031 121 1298 160 ERASMUS
1659 126 1782 173 [1533

215 230 357 263 vestra
380 226 537 275 scripta
560 225 663 262 nihil
687 225 1008 274 respondissem.
1062 225 1124 262 Ea
1150 238 1214 263 res
1240 226 1341 263 mihi
1368 239 1635 276 summopere
1659 232 1781 277 grata

177 293 194 321 5
214 281 308 325 fuit,
343 281 499 329 quippe
530 279 749 316 declarans
781 284 970 317 vestrum
999 293 1097 329 erga
1125 293 1190 317 mc
1222 281 1411 318 studium
1445 281 1780 331 haudquaquam

216 335 400 383 vulgare.
455 334 669 380 Flagranti
691 335 799 371 enim
822 334 1028 371 desiderio
1051 335 1186 371 omnis
1208 347 1325 371 mora
1344 334 1468 380 longa
1485 340 1561 380 est,
1580 338 1646 373 cui
1664 337 1781 374 lenta

213 393 278 426 est
298 390 426 426 etiam
457 388 661 425 celeritas.
714 388 792 425 Sed
824 389 1000 438 posthac
1022 388 1148 425 velim
1178 393 1347 437 reputet
1369 393 1513 426 vestra
1540 391 1780 439 prudentia,

213 448 319 491 quot
341 447 520 487 montes,
549 447 655 491 quot
677 444 828 491 campi,
852 447 958 491 quot
986 443 1131 484 maria,
1161 456 1236 479 nos
1264 443 1481 487 dirimant,
1509 449 1553 481 et
1580 457 1653 494 per
1674 458 1781 494 quas

212 497 412 545 ambages
448 496 652 546 epistolae
683 511 707 534 a
739 497 944 545 Friburgo
976 497 1189 545 Brisgoiae
1220 497 1275 533 ad
1307 497 1516 546 Hispalim
1551 498 1781 548 Hispaniae

155 572 193 592 ιο
212 552 492 601 perferantur,
514 564 760 600 quanquam
783 551 860 588 hoc
883 552 1020 600 ipsum
1043 551 1263 588 cuiusdam
1291 551 1509 589 felicitatis
1533 557 1610 598 est,
1633 555 1667 591 si
1689 567 1778 603 per-

212 606 415 650 ferantur,
439 605 506 642 vel
528 606 764 653 resignatae
786 618 833 642 ac
856 605 1134 642 semilacerae.
1187 605 1309 650 Quod
1331 607 1365 642 si
1386 606 1471 643 fors
1496 607 1708 653 acciderit,
1732 613 1781 646 vt

211 660 264 697 ad
287 660 451 708 aliquas
472 672 557 696 non
581 660 871 709 respondeam,
890 659 1172 696 humanitatis
1191 664 1357 697 vestrae
1373 660 1502 697 fucrit
1520 661 1615 698 huic
1632 664 1780 707 aetati,

212 719 259 751 vt
287 714 414 751 nullis
446 714 685 751 studiorum
717 714 934 751 laboribus
963 718 1173 757 oneretur,
1203 714 1331 751 nullis
1359 714 1516 751 morbis
1545 715 1779 765 frangatur,

210 770 293 806 iam
329 772 480 818 suapte
514 773 665 817 sponte
705 768 951 805 fathisccnti
992 768 1092 805 dare
1128 769 1320 805 veniam:
1362 771 1610 817 praesertim
1647 783 1780 819 quum

152 842 189 872 15
211 823 396 872 vndique
418 827 483 860 tot
505 823 560 860 ad
582 836 647 860 me
669 822 908 860 litterarum
939 822 1145 859 inundent
1174 822 1375 867 fasciculi,
1406 823 1531 872 idque
1560 837 1778 874 propemo-

209 878 311 915 dum
346 877 548 926 quotidie,
586 881 634 914 vt
674 877 887 914 interdum
924 878 995 913 vix
1031 881 1235 926 suppetat
1270 878 1408 914 ocium
1449 878 1503 914 ad
1543 878 1780 927 legendum,

210 935 381 969 tantum
422 932 543 968 abest
583 936 632 968 vt
672 936 795 968 vacet
836 931 1087 980 respondere
1123 931 1308 979 singulis.
1362 931 1475 969 Illud
1511 938 1624 970 certe
1660 934 1781 972 vobis

209 999 342 1035 vsque
375 999 622 1035 persuasum
660 987 728 1031 sit,
765 987 853 1022 siue
890 985 1129 1029 rescribam,
1162 986 1251 1023 siue
1286 986 1556 1031 obticescam,
1590 993 1780 1026 vestrum

208 1041 338 1077 istum
371 1054 467 1089 erga
500 1053 565 1077 mc
596 1040 786 1077 fauorem
817 1052 906 1076 esse
935 1040 1038 1076 mihi
1067 1040 1370 1087 gratissimum,
1401 1041 1603 1090 epistolas
1633 1046 1779 1080 autem

149 1115 189 1135 20
208 1108 292 1132 non
314 1099 458 1143 gratas
479 1094 605 1131 modo
628 1095 906 1131 verumetiam
929 1094 1146 1131 iucundas

264 1149 494 1186 Postremis
516 1149 668 1186 litteris
690 1161 796 1197 quas
816 1154 916 1186 ante
939 1161 1095 1198 paucos
1117 1149 1204 1185 dies
1226 1150 1374 1199 recepi,
1398 1150 1644 1199 significatis
1666 1164 1780 1189 meas

208 1216 282 1252 per
303 1203 578 1253 bibliopolam
595 1216 682 1240 esse
699 1203 911 1248 redditas3
944 1216 1054 1252 quae
1076 1216 1140 1240 res
1163 1203 1265 1240 mihi
1288 1217 1371 1241 non
1393 1205 1545 1242 minori
1563 1205 1779 1255 voluptati

206 1257 290 1295 fuit
311 1270 439 1307 quam
462 1258 594 1295 vobis.

262 1312 378 1349 Haec
403 1312 635 1362 praefatuS,
659 1312 713 1349 ad
739 1324 826 1348 rem
851 1312 1057 1361 accingor,
1087 1311 1188 1349 ἀλλὰ
1215 1312 1460 1353 λακωνικῶς.
1512 1313 1780 1352 Inhumanus

147 1375 187 1405 25
208 1367 299 1411 sim,
321 1367 400 1404 nisi
422 1371 612 1404 vcstrum
635 1379 731 1414 erga
754 1379 819 1403 me
845 1366 1037 1403 studium
1063 1366 1310 1415 amplectar,
1338 1380 1413 1404 nec
1440 1372 1608 1406 vestrae
1634 1369 1779 1407 diffido

207 1421 471 1470 prudentiae.
522 1421 631 1457 Nam
668 1421 758 1457 fieri
792 1425 936 1470 potest
971 1425 1020 1458 vt
1055 1421 1097 1458 in
1132 1421 1210 1458 hoc
1246 1422 1416 1471 negotio
1456 1424 1780 1472 perspicaciores

207 1476 298 1512 sitis
320 1488 449 1524 quam
471 1488 557 1525 ego.
610 1475 704 1512 Meo
726 1479 871 1512 tamen
892 1476 1034 1512 animo
1056 1476 1291 1513 etiamnum
1318 1476 1437 1513 sedet
1460 1478 1572 1526 prior
1593 1477 1665 1515 illa
1687 1491 1776 1516 sen-

207 1530 355 1575 tentia,
398 1542 483 1579 qua
524 1530 665 1566 censui
705 1529 943 1566 co‘nsultius
987 1542 1076 1567 esse
1124 1530 1309 1568 nobilem
1345 1530 1465 1568 illum
1501 1531 1777 1570 Contatorem

206 1585 377 1629 imitari,
404 1585 476 1633 qui
504 1583 656 1621 maluit
684 1584 869 1621 sedendo
890 1597 1019 1633 quam
1048 1584 1280 1634 pugnando
1305 1585 1495 1623 vincere:
1528 1588 1778 1636 praesertim

146 1650 187 1680 30
207 1651 339 1687 quum
360 1651 445 1675 non
467 1639 521 1675 sit
544 1638 852 1683 monomachia,
875 1642 923 1675 vt
945 1651 1055 1675 vnus
1077 1651 1173 1676 cum
1196 1652 1280 1676 vno
1305 1641 1615 1686 committatur,
1642 1654 1778 1690 neque

207 1706 271 1730 res
299 1694 354 1730 sit
380 1694 453 1730 vni
480 1706 575 1730 cum
604 1693 772 1730 duobus
800 1695 1065 1742 (quanquam
1093 1694 1325 1743 accipimus
1352 1694 1580 1732 Herculem
1606 1708 1648 1732 se
1674 1695 1776 1733 duo-

206 1747 285 1784 bus
306 1748 510 1796 imparem
539 1746 669 1784 fuisse
691 1747 957 1796 professum),
987 1747 1060 1798 sed
1082 1749 1154 1785 vni
1182 1748 1388 1786 aduersus
1415 1753 1483 1786 tot
1511 1751 1776 1799 myrmecias,

206 1805 274 1839 tot
300 1802 504 1851 sphecias,
528 1806 594 1838 tot
616 1814 815 1839 ranarum
845 1801 1090 1851 phalanges,
1120 1806 1188 1839 tot
1216 1803 1419 1852 picarum,
1449 1807 1517 1841 tot
1543 1804 1776 1853 gryllorum

204 1869 394 1905 gargara,
421 1860 487 1894 tot
502 1860 759 1902 'sturnorum
781 1860 824 1893 et
845 1855 1114 1905 graculorum
1142 1858 1341 1895 examina
1369 1858 1679 1908 confligendum
1708 1860 1775 1904 sit,

145 1922 185 1952 35
206 1915 255 1948 vt
284 1911 451 1948 etiamsi
480 1923 555 1947 nec
586 1910 755 1947 aculeos
786 1910 1007 1956 haberent,
1038 1923 1114 1948 nec
1145 1916 1297 1957 rostra,
1326 1923 1401 1949 nec
1430 1925 1603 1962 vngues,
1632 1917 1777 1950 tamen

205 1965 297 2014 ipso
317 1965 479 2026 garritu
500 1969 673 2014 possent
690 1965 903 2002 hominem
920 1966 1118 2014 quamuis
1133 1965 1287 2003 durum
1303 1967 1560 2004 exanimare
1603 1966 1778 2013 Quoties

205 2020 327 2056 reieci
361 2018 608 2056 manifestas
643 2023 686 2056 et
720 2019 992 2069 impudentes
1027 2019 1195 2057 illorum
1231 2020 1494 2059 calumnias?
1543 2021 1601 2058 Et
1630 2026 1776 2059 tamen

205 2073 377 2123 perinde
399 2074 518 2122 quasi
540 2073 644 2110 nihil
669 2074 724 2110 sit
748 2078 906 2118 actum,
936 2075 977 2111 in
1008 2074 1258 2111 hodiernum
1281 2087 1415 2124 vsque
1442 2075 1553 2113 diem
1581 2077 1775 2114 occinun-

206 2132 276 2164 tur
311 2127 414 2165 mihi
446 2132 591 2164 vetera
627 2128 860 2173 mendacia,
892 2105 1019 2177 idque
1050 2128 1168 2165 libris
1198 2130 1329 2166 etiam
1360 2130 1536 2167 aeditis:
1574 2130 1776 2168 Erasmus

144 2201 186 2231 40
205 2181 308 2219 facit
329 2182 633 2219 confessionem
655 2182 938 2227 arbitrariam,
961 2183 1141 2220 damnat
1165 2196 1310 2220 omnes
1335 2185 1605 2229 ceremonias,
1627 2185 1775 2222 irridet

205 2236 369 2274 cultum
398 2236 608 2281 diuorum,
640 2237 787 2274 irridet
808 2238 916 2274 ritus
943 2237 1262 2282 ecclesiasticos,
1292 2239 1427 2275 reiicit-
1455 2239 1611 2276 ieiunia
1638 2238 1773 2277 Chris-

205 2291 434 2335 tianorum,
484 2290 663 2328 damnat
711 2291 901 2328 ciborum
950 2291 1270 2337 abstinentiam,
1325 2292 1454 2330 soluit
1504 2293 1774 2331 sacerdotum

204 2344 474 2387 coelibatum,
497 2344 680 2382 destruit
702 2349 805 2382 vota
826 2350 870 2382 et
891 2347 999 2383 ritus
1020 2346 1338 2391 monachorum,
1364 2347 1543 2385 damnat
1567 2349 1773 2385 constitu-

205 2400 341 2436 tiones
371 2399 592 2436 humanas.
643 2399 753 2444 Quid
785 2400 961 2438 multis?
1001 2401 1158 2438 strauit
1183 2401 1297 2438 viam
1328 2400 1528 2439 Luthero.
1580 2401 1672 2439 Iam
1701 2403 1774 2451 qui

143 2471 185 2502 45
204 2453 372 2502 fingunt
399 2453 664 2497 modestiam,
694 2466 778 2502 quo
806 2455 964 2492 maiore
994 2467 1091 2492 cum
1119 2455 1200 2492 fide
1227 2454 1554 2500 calumnientur,
1583 2457 1705 2494 aiunt
1731 2469 1773 2493 se

205 2508 372 2544 credere
407 2520 472 2544 me
508 2508 666 2545 bonum
698 2509 835 2545 virum
867 2521 968 2553 esse,
999 2521 1075 2546 nee
1105 2509 1178 2546 illa
1208 2509 1250 2546 in
1285 2509 1363 2547 hoc
1399 2511 1612 2560 scripsisse
1646 2514 1694 2548 vt
1730 2510 1773 2548 hi

203 2574 343 2599 rerum
383 2561 595 2599 tumultus
635 2567 1019 2611 consequerentur;
1060 2563 1310 2601 collaudant
1344 2565 1475 2602 etiam
1511 2564 1625 2613 quod
1661 2577 1773 2602 nunc

202 2616 371 2654 diuersa
392 2616 585 2653 scribam.

258 2670 339 2707 Hic
374 2670 587 2715 nimirum,
622 2670 688 2708 hic
721 2675 785 2708 est
817 2672 961 2721 nigrae
996 2684 1145 2709 succus
1180 2671 1373 2722 loliginis,
1410 2672 1512 2710 haec
1547 2676 1611 2710 est
1644 2686 1774 2723 erugo

251 2788 299 2817 15.
326 2782 383 2809 tot
403 2803 408 2808 .
431 2803 436 2808 .
457 2802 463 2808 .
484 2779 660 2817 fasciculi]
679 2779 749 2810 For
766 2781 829 2811 the
849 2785 953 2820 great
1020 2782 1178 2811 consists
1195 2781 1282 2821 only
1299 2781 1337 2812 of
1354 2782 1450 2822 Epp.
1470 2791 1566 2819 2299,
1586 2791 1682 2821 2300.

203 2823 293 2853 bulk
311 2823 348 2852 of
368 2821 554 2852 Erasmus'
573 2823 885 2863 correspondence
905 2825 950 2854 cf.
1065 2826 1117 2855 28.
1143 2825 1397 2863 Contatorem]
1410 2826 1474 2856 See
1484 2825 1680 2866 Verg.A.6.
1694 2826 1770 2865 846.

203 2867 301 2906 Epp.
321 2867 416 2905 2481.
436 2875 493 2904 311,
515 2868 607 2905 2716.
631 2876 728 2905 14911.
1066 2877 1117 2906 31.
1145 2868 1356 2906 Herculem]
1382 2869 1446 2899 See
1472 2869 1586 2908 Aday.
1611 2878 1697 2908 439;
1723 2869 1769 2899 cf.

248 2919 300 2939 21.
325 2909 439 2946 meas]
472 2909 615 2949 Except
644 2910 700 2939 for
728 2910 802 2940 this
830 2910 952 2947 letter,
1022 2911 1091 2951 Ep.
1110 2914 1206 2950 2633.
1225 2921 1305 2950 31n.

203 2953 267 2984 the
280 2952 590 2992 correspondence
607 2963 654 2983 on
672 2953 858 2984 Erasmus'
877 2954 953 2984 side
1065 2964 1118 2995 49.
1145 2955 1315 2995 loliginis]
1334 2955 1422 2986 Hor.
1441 2955 1516 2986 Sat.
1539 2965 1566 2986 1.
1585 2966 1616 2995 4.
1638 2965 1709 2986 100.
