1966 3379
247 117 326 153 418
786 115 1083 154 APPENDIX
1117 116 1273 154 XXIII

248 220 372 257 viuus
394 232 485 257 eam
509 232 717 257 summam
746 220 929 257 nolucrit
956 221 1118 267 erogari
1146 221 1186 257 in
1216 233 1435 270 paupere&
1464 222 1641 271 impium
1669 221 1814 260 Goele-

186 286 229 316 30
247 275 376 319 nium,
421 275 536 323 quod
579 276 800 312 testatoris
848 275 1054 313 mandato
1097 288 1179 312 non
1229 276 1496 324 responderit
1540 277 1580 313 in
1622 277 1816 326 deposito

246 329 546 378 dispensando
589 328 668 366 Sed
692 334 752 373 tu,
774 329 1005 366 clarissime
1026 330 1207 375 domine,
1234 329 1348 367 aliud
1375 331 1580 367 iudicabis
1608 344 1658 367 ex
1685 331 1813 369 dona-

246 384 373 421 tionis
401 383 546 428 literis,
568 397 675 433 quas
699 396 775 432 ego
803 384 991 429 tandem,
1017 397 1110 421 cum
1138 384 1400 434 periclitarer
1424 398 1448 422 a
1473 385 1585 430 fisco,
1613 385 1814 424 heredum

246 442 497 487 procurator
516 439 683 475 comitis
704 452 729 475 a
752 438 1006 476 Waldcckcn
1029 443 1073 475 et
1094 439 1261 476 domine
1286 438 1492 476 Cliuensis
1518 440 1633 477 iussu
1658 442 1812 478 consti-

246 496 381 538 tutus,
423 494 586 541 magnis
627 493 821 542 precibus
861 493 1101 542 impetraui.
1163 493 1352 538 Quarum
1393 494 1446 531 ad
1488 498 1530 531 tc
1570 495 1812 544 exemplum

185 556 226 588 35
246 548 385 592 mitto,
418 548 635 592 missurus,
667 548 701 584 si
732 549 791 584 ita
822 548 1002 592 iusseris,
1039 552 1082 584 et
1116 548 1443 585 clarissimorum
1479 549 1653 586 testium
1685 549 1812 595 dicta,

245 614 387 638 coram
423 602 578 651 quibus
613 615 638 639 a
673 606 811 639 morte
844 602 893 639 D.
931 602 1096 639 Erasmi
1131 615 1175 639 se
1209 604 1461 640 exonerauit
1502 603 1550 639 I).
1587 603 1814 641 Goclenius

245 669 435 693 asserens
465 658 576 703 (cum
609 661 655 693 tu
687 657 740 693 ab
772 656 844 693 illo
874 657 930 705 pii
963 657 1153 694 instituti
1185 656 1236 693 de
1270 657 1459 694 emendis
1496 658 1702 695 reditibus
1738 671 1814 708 pro

245 710 447 748 studiosis
468 715 511 748 et
532 711 684 760 puellis
706 711 896 748 subsidia
921 714 1100 760 peteres)
1130 724 1173 748 se
1202 712 1363 748 nullam
1390 711 1544 749 habere
1575 712 1620 749 D.
1648 713 1812 750 Erasmi

244 764 536 814 depositiciam
562 766 797 815 pecuniam,
824 765 950 814 idque
976 765 1124 803 multis
1149 766 1370 803 donatoris
1396 766 1539 811 literis,
1566 779 1672 815 quas
1697 767 1811 804 exhi-

183 829 227 861 40
245 820 410 865 buerat,
433 832 475 857 se
495 820 720 857 efficaciter
742 820 1036 869 probaturum,
1059 821 1092 857 si
1113 821 1207 869 quis
1228 834 1277 858 ca
1298 821 1349 858 dc
1369 833 1497 858 causa
1519 821 1579 858 illi
1596 822 1812 870 negotium

244 874 441 919 facessat,
470 875 630 912 addens
657 876 696 911 in
720 887 797 912 suo
824 874 1002 911 arbitrio
1023 888 1113 911 esse
1134 888 1226 912 eam
1257 877 1476 925 pecuniam
1504 875 1747 925 dispensare
1769 877 1811 914 in

244 929 336 979 pios
358 942 469 974 Vsus,
497 942 571 966 nec
598 929 647 966 D.
672 929 850 966 Erasmo
876 931 1244 967 testamentariam
1272 930 1523 979 disponendi
1552 934 1811 980 potestatem

243 983 454 1021 relictam:
498 983 773 1021 nihilominus
809 996 851 1020 se
887 983 1042 1021 bonam
1084 989 1250 1033 partem
1291 984 1568 1034 dispensasse,
1605 989 1653 1022 vt
1688 985 1811 1023 facile

242 1038 485 1087 impleuerit
514 1039 628 1088 piam
658 1038 929 1076 voluntatem
957 1038 1007 1076 D.
1037 1039 1216 1076 Erasmi.
1263 1039 1320 1076 Et
1346 1039 1494 1076 eodem
1523 1045 1741 1077 momento
1769 1041 1811 1077 in

181 1101 223 1133 45
244 1093 418 1130 testium
447 1094 661 1142 presentia
689 1097 902 1130 trecentos
929 1093 1017 1131 flor.
1049 1106 1200 1131 aureos
1230 1094 1273 1131 in
1304 1095 1487 1143 patriam
1519 1106 1640 1131 suam
1672 1098 1808 1132 trans-

243 1148 370 1192 misit,
405 1147 560 1196 quibus
590 1152 802 1185 emeretur
834 1148 1007 1193 reditus,
1039 1148 1149 1185 vnde
1180 1148 1371 1198 nepotuli
1401 1149 1465 1186 sui
1496 1149 1537 1185 in
1569 1148 1811 1186 triuialibus

242 1202 396 1239 scholis
422 1202 650 1246 alerentur,
682 1202 749 1239 vel
780 1202 861 1239 illis
889 1202 1183 1240 deficientibus
1211 1203 1411 1252 neptibus
1439 1204 1524 1240 suis
1552 1203 1811 1241 nubentibus

242 1261 570 1294 succurreretur.
622 1255 702 1294 Sed
724 1258 858 1294 nostri
880 1257 1075 1294 doctores
1099 1270 1192 1295 eam
1219 1257 1580 1308 dispensationem
1604 1270 1686 1294 11011
1710 1259 1808 1295 1001-

241 1312 379 1361 piunt,
397 1311 510 1360 quod
531 1315 655 1349 extra
675 1311 955 1349 Brabantiam
978 1313 1034 1349 sit
1054 1312 1183 1357 facta,
1206 1313 1327 1361 quasi
1348 1313 1509 1362 nephas
1530 1313 1586 1349 sit
1607 1313 1650 1350 in
1672 1313 1810 1350 aliena

181 1379 223 1410 50
241 1367 462 1417 prouincia
482 1367 628 1404 iuuare
653 1367 857 1416 pietatem
879 1370 923 1404 et
943 1379 1185 1404 succurrere
1210 1367 1408 1416 preclaris
1430 1368 1606 1416 ingeniis
1628 1368 1670 1404 in
1692 1380 1808 1405 mon-

241 1425 336 1458 tosa
357 1420 647 1470 Vuestphalia.
697 1420 795 1458 Non
820 1420 971 1458 dubito
992 1422 1095 1470 quin
1120 1421 1175 1459 ad
1200 1425 1320 1459 tuam
1346 1422 1619 1472 prudentiam
1641 1434 1810 1472 quoque

240 1475 372 1512 animi
393 1476 457 1513 sui
478 1475 737 1512 sententiam
757 1476 1062 1525 perscripserit.

295 1529 434 1576 Quare
469 1534 589 1567 tuam
622 1530 935 1568 humanitatem
965 1530 1120 1569 obnixe
1149 1543 1348 1580 rogamus
1378 1532 1557 1569 istarum
1588 1531 1809 1569 literarum

241 1584 361 1622 nobis
381 1584 624 1635 exemplum
650 1586 945 1631 communices,
968 1598 1044 1623 1100
1069 1586 1245 1635 patiaris
1270 1590 1412 1635 preter
1437 1586 1605 1636 culpam
1632 1586 1807 1624 clarissi-

179 1651 221 1683 55
240 1652 407 1676 morum
429 1640 617 1677 virorum
639 1639 812 1677 vmbras
838 1639 1012 1677 lacerari
1034 1644 1078 1677 et
1099 1640 1280 1690 indignis
1306 1641 1442 1678 modis
1464 1642 1610 1678 vexari
1635 1641 1809 1678 miseros

239 1693 427 1731 Goclenii
456 1694 643 1740 heredes,
674 1695 746 1743 qui
777 1695 862 1731 suis
893 1695 1135 1744 sumptibus
1160 1708 1254 1733 eam
1285 1708 1495 1733 summam
1527 1700 1810 1733 seruauerunt

240 1761 265 1786 a
285 1748 397 1786 fisco,
448 1748 528 1786 Hic
550 1749 806 1786 clamoribus
826 1750 1040 1787 excitatus
1060 1750 1282 1799 pecuniam
1304 1750 1565 1795 abstulisset,
1587 1751 1667 1787 nisi
1688 1749 1808 1787 illum

241 1803 282 1840 in
303 1803 475 1841 consilio
498 1803 757 1841 Brahantico
777 1804 1020 1841 donationis
1042 1804 1174 1842 literis
1190 1817 1274 1842 non
1292 1805 1379 1842 sine
1396 1805 1593 1842 maximis
1610 1805 1809 1855 impensis

239 1861 283 1894 et
318 1857 533 1897 laboribus
569 1859 781 1896 vicissent.
832 1858 1074 1896 Detonarat
1109 1859 1297 1897 testandi
1332 1859 1548 1897 licentiam
1583 1859 1637 1897 ab
1674 1859 1809 1897 notho

178 1917 222 1946 60
241 1912 419 1950 Erasmo
447 1925 530 1950 non
558 1913 833 1962 impetratam
855 1926 880 1950 a
901 1913 1007 1951 duce
1034 1913 1280 1959 Brabantie,
1309 1914 1423 1962 quod
1452 1914 1645 1951 diuersus
1671 1915 1726 1951 sit
1753 1914 1807 1951 ab

240 1967 507 2016 imperatore,
524 1980 661 2016 neque
682 1967 971 2017 imperialibus
987 1968 1121 2005 literis
1137 1969 1419 2006 contineatur.
1471 1969 1598 2006 Forte
1614 1969 1810 2006 audierat

240 2020 290 2058 D.
324 2021 502 2067 Erasmi,
531 2023 667 2059 omnis
697 2022 946 2059 eruditionis
975 2023 1189 2072 principiS‚
1217 2023 1505 2072 genealogiam
1532 2036 1583 2060 ex
1612 2024 1704 2060 vita
1731 2036 1809 2060 sua

239 2088 369 2113 manu
395 2076 621 2126 descripta,
650 2089 778 2126 quam
808 2076 984 2114 Rescius
1005 2090 1174 2127 quoque
1202 2078 1492 2123 subduxerat3
1525 2078 1644 2115 cuius
1668 2090 1806 2115 exem-

240 2129 357 2179 plum
387 2131 571 2175 mittam,
600 2143 695 2168 cum
724 2130 918 2169 volueris.
971 2131 1079 2169 Lata
1106 2133 1236 2181 igitur
1263 2133 1489 2177 sententia,
1518 2145 1603 2181 qua
1630 2132 1807 2169 donatio

179 2189 221 2226 65
241 2183 312 2221 illa
347 2185 459 2222 inter
489 2186 610 2222 viuos
640 2189 685 2223 et
713 2198 765 2223 ex
795 2198 924 2224 causa
954 2186 1300 2232 confirmabatur,
1331 2187 1505 2224 heredes
1536 2186 1808 2224 crediderunt

239 2242 338 2288 post
359 2239 646 2277 intolerabiles
668 2239 885 2278 molestias
906 2253 992 2278 rem
1014 2241 1057 2278 in
1079 2245 1177 2279 tuto
1200 2254 1301 2286 esse,
1330 2242 1501 2279 minime
1528 2245 1807 2291 expectantes

240 2292 344 2330 alias
377 2294 575 2343 harpyas,
609 2307 656 2332 ac
689 2296 906 2344 petierunt
936 2295 1127 2333 debitam
1160 2295 1455 2341 hereditatem,
1491 2297 1610 2333 cuius
1645 2308 1806 2345 posses-

240 2348 354 2385 sione
375 2348 714 2386 excludebantur
740 2362 813 2399 per
841 2353 1047 2387 rectorem
1074 2350 1283 2388 bonorum
1310 2350 1589 2395 detentorem,
1618 2351 1807 2388 relicturi

240 2403 368 2439 etiam
391 2403 433 2439 in
455 2403 743 2441 Vniuersitate
769 2416 820 2441 ex
849 2405 1028 2454 pecunia
1055 2405 1230 2442 inuenta
1256 2418 1446 2442 annuum
1472 2405 1699 2450 redditum,
1722 2417 1807 2453 quo

179 2467 222 2498 70
240 2455 423 2494 aleretur
444 2470 553 2494 vnus
573 2462 650 2495 aut
670 2458 779 2495 alter
800 2462 1007 2508 nepotum
1033 2459 1083 2497 D.
1106 2459 1306 2505 Goolenii,
1330 2464 1378 2497 vt
1402 2461 1463 2497 ita
1490 2459 1636 2497 fratris
1657 2459 1804 2496 volun-

239 2514 375 2548 tatem
399 2511 541 2559 (modo
561 2516 872 2562 promereretur
893 2513 1161 2551 humanitate
1178 2513 1458 2562 Vniuersitas)
1480 2517 1805 2562 exequerentur,

239 2578 367 2614 quam
398 2567 522 2603 viuus
553 2567 693 2616 sepius
724 2571 817 2604 erat
850 2571 1048 2605 testatus.
1098 2567 1179 2606 Sed
1214 2569 1353 2606 miseri
1388 2568 1491 2606 nihil
1526 2572 1804 2618 promouent:

239 2619 434 2657 doctores
455 2621 701 2658 consultant
722 2634 806 2658 non
828 2622 1087 2660 reddendam
1108 2623 1331 2672 pecuniam
1356 2622 1598 2667 Germanis;
1631 2622 1805 2671 quidam

239 2673 513 2712 diuidendam
534 2675 644 2712 inter
664 2675 891 2713 facultates
911 2677 1099 2714 omnium
1120 2677 1327 2721 ordinum,
1350 2677 1421 2714 alii
1441 2678 1483 2714 in
1504 2677 1688 2714 reditum
1709 2690 1803 2714 0011-

178 2739 219 2770 75
240 2728 494 2766 uertendum
529 2729 730 2775 iudicant,
772 2730 1113 2768 distribuendum
1153 2731 1411 2777 doctoribus,
1452 2733 1573 2769 nouis
1613 2731 1803 2781 disputa-

239 2782 427 2820 tionibus
464 2785 584 2832 (quas
619 2785 840 2822 instituere
875 2785 1093 2833 volebant)
1135 2786 1468 2834 presidentibus3
1510 2785 1695 2831 heredes,
1732 2786 1805 2834 qui

239 2836 385 2874 fauore
415 2841 458 2874 et
488 2839 632 2875 amicis
662 2838 1019 2884 destituebantur,
1048 2844 1096 2877 vt
1123 2840 1183 2877 ita
1209 2840 1374 2877 facilius
1402 2841 1443 2877 in
1472 2841 1803 2877 transactionem

239 2891 554 2936 descenderent,
594 2893 627 2928 si
667 2893 769 2941 quid
805 2893 950 2938 velint,
986 2894 1074 2931 iure
1110 2898 1328 2943 peterent;
1371 2895 1640 2931 subiicientes
1674 2894 1802 2931 dona-

240 2946 401 2983 tionem
426 2944 626 2984 Goclenio
650 2946 809 2984 factam
836 2960 913 2997 pro
940 2948 1105 2998 ingenio
1132 2948 1297 2986 Erasmi
1325 2948 1522 2986 ficticiam
1552 2961 1652 2986 esse.
1704 2949 1802 2986 Pro-
