1966 3379
175 115 294 165 2798]
626 111 697 150 TO
728 110 982 150 EUSTACE
1012 109 1276 148 CHAPUYS
1653 111 1729 147 207

227 218 393 255 Addam
421 216 536 254 aliud
564 219 873 265 argumentum.
925 213 1109 251 Mundus
1135 226 1246 250 nunc
1279 213 1464 262 vndique
1489 213 1638 263 plenus
1665 217 1730 251 est
1749 229 1791 259 40

172 285 380 316 erronum,
396 272 468 320 qui
483 270 547 307 vel
564 271 782 307 deseruere
799 281 875 305 sua
891 268 1088 305 sodalitia
1105 267 1171 304 vel
1185 267 1289 304 alias
1304 267 1357 304 ob
1371 280 1520 304 causas
1535 267 1727 317 profuge-

173 330 285 364 runt.
345 326 422 363 His
452 326 651 374 quoniam
682 323 767 361 fere
797 322 999 360 Leberide
1031 326 1129 359 sunt
1167 321 1375 366 nudiores,
1408 323 1534 358 variis
1564 322 1728 359 artibus

172 379 459 430 quaerendum
480 383 544 416 est
565 379 781 421 viaticum,
803 390 902 414 nam
925 380 1074 414 venter
1094 376 1225 413 mirus
1247 379 1311 413 est
1332 375 1500 412 artifex.
1547 375 1727 421 Quidam

170 448 192 472 e
214 435 379 484 scriptis
401 434 502 471 meis
522 437 680 470 norunt
699 432 856 469 amicos
884 443 1009 468 meos
1070 430 1159 467 Hos
1186 429 1358 473 adeunt,
1382 430 1545 466 iactant
1573 443 1614 466 se
1641 443 1728 467 esse

171 489 353 527 famulos
374 501 421 525 ac
443 487 671 536 discipulos
693 498 819 529 meos,
836 486 965 523 etiam
987 485 1020 522 si
1040 496 1259 533 nunquam
1281 496 1347 520 me
1364 484 1571 527 viderint;
1597 488 1727 532 atque
1747 501 1786 531 45

171 543 249 581 hoc
288 543 385 580 fuco
424 554 509 578 non
548 541 801 578 mediocrem
841 540 1062 589 pecuniam
1102 542 1360 587 extorquent
1401 538 1454 574 ab
1495 538 1587 574 illis.
1649 538 1727 575 Vbi

170 601 371 635 metuunt
391 609 442 633 ne
463 596 585 633 fucus
605 594 960 644 deprehendatur,
978 596 1151 630 mutant
1172 605 1340 641 pascua.
1392 591 1484 629 Hoc
1506 596 1547 629 te
1569 593 1727 629 nescire

170 652 298 697 nolui,
316 663 367 688 ne
388 651 455 688 cui
476 650 634 694 credaS,
651 649 729 686 nisi
751 650 823 698 qui
844 648 1096 685 nominatim
1118 647 1249 684 literis
1270 647 1372 683 meis
1393 646 1724 684 commendetur.

225 705 476 754 Quanquam
498 705 569 741 vix
592 705 700 741 istuc
723 704 826 740 satis
852 706 927 740 est.
988 702 1136 738 Dicam
1164 701 1278 750 quod
1306 701 1454 738 rideas.
1515 699 1620 737 Cum
1649 700 1724 738 Lo-

170 761 284 798 uanii
311 764 422 797 esset
448 758 562 808 apud
591 771 656 796 me
684 756 1012 806 Christophorus
1039 755 1277 804 LongoliuS,
1307 749 1501 792 narrauit
1529 755 1725 792 iuuenem
1746 770 1786 799 50

170 814 382 863 quendam
413 813 603 862 elapsum
634 826 655 849 e
682 811 978 855 Benedictinis,
1008 811 1175 847 nomine
1203 809 1409 858 Syluium,
1436 809 1534 846 ficto
1566 810 1724 858 opinor,

170 869 332 906 venisse
354 868 535 905 Romam
553 881 560 911 ;
586 866 780 904 attulisse
802 866 946 903 literas
968 877 1060 902 meo
1081 865 1249 901 nomine
1270 865 1448 913 scriptas
1469 863 1523 900 ad
1545 863 1725 900 Leonem

170 922 431 967 Pontificem,
454 922 606 970 quibus
627 921 850 970 diligenter
868 919 1272 961 commendabatur2
1305 918 1500 955 audierat
1521 918 1632 954 enim
1660 930 1725 955 me

169 981 261 1014 tum
276 977 390 1026 apud
403 976 584 1013 Leonem
597 988 686 1012 esse
698 975 945 1024 gratiosum,
960 986 1035 1010 nec
1050 973 1201 1010 dubito
1215 974 1317 1022 quin
1330 973 1539 1010 effinxerit
1553 984 1726 1009 manum

169 1044 317 1068 meam.
372 1030 569 1068 Pontifex
593 1030 804 1067 hominem
826 1033 1007 1077 vtroque
1029 1027 1201 1065 brachio
1222 1027 1466 1076 complexus
1487 1031 1564 1070 est,
1587 1027 1727 1063 omnia
1747 1040 1786 1070 55

168 1085 380 1135 pollicens.
439 1084 662 1133 Quumque
687 1085 720 1121 is
745 1084 884 1121 nescio
909 1095 993 1132 quo
1021 1082 1235 1132 profectus
1262 1085 1385 1125 esset,
1409 1081 1493 1118 Leo
1522 1080 1635 1117 vltro
1663 1093 1725 1118 ro-

168 1141 298 1189 gauit,
327 1152 437 1189 quur
466 1152 549 1176 non
577 1137 941 1187 rediretSyluius
1001 1136 1083 1174 Sed
1110 1136 1179 1174 ille
1209 1140 1427 1185 correptus
1454 1135 1562 1172 febri
1589 1136 1724 1185 periit.

169 1195 234 1232 An
255 1207 339 1232 non
360 1194 468 1231 hanc
490 1194 640 1230 merito
660 1193 775 1230 dicas
796 1192 1017 1230 audaciam
1040 1191 1297 1228 iocularem‘?

222 1248 302 1286 Sed
338 1252 386 1285 vt
420 1248 575 1292 finiam,
607 1248 672 1284 vir
706 1247 878 1296 egregie,
910 1246 1083 1283 tametsi
1122 1258 1188 1282 me
1223 1245 1300 1282 hoc
1337 1245 1504 1282 nomine
1539 1256 1725 1294 superas,

168 1303 282 1352 quod
299 1304 411 1352 prior
427 1307 470 1339 et
487 1302 616 1339 literis
637 1306 680 1339 et
698 1302 841 1339 officiis
862 1301 916 1338 ad
933 1301 1163 1338 amicitiam
1181 1300 1436 1349 prouocasti,
1452 1303 1596 1336 tamen
1613 1298 1726 1347 quod
1746 1306 1788 1334 60

167 1361 371 1407 superest,
393 1358 530 1394 enitar
550 1369 600 1394 ne
621 1360 772 1394 mutua
793 1355 1088 1393 beneuolentia
1109 1354 1254 1392 videar
1274 1367 1424 1403 parum
1450 1353 1725 1402 respondisse.

169 1412 310 1457 Porro,
332 1413 365 1449 si
387 1411 488 1460 quid
508 1412 589 1448 erit
610 1412 652 1448 in
673 1423 757 1460 quo
784 1410 862 1448 tibi
884 1410 1066 1446 vicissim
1088 1409 1155 1446 vel
1179 1408 1402 1446 commocio
1424 1408 1491 1445 vel
1512 1407 1728 1457 voluptati

167 1479 254 1504 esse
275 1479 439 1515 queam,
462 1466 687 1515 experieris
714 1468 956 1514 promptam
992 1468 1035 1501 et
1059 1464 1238 1501 amicam
1262 1463 1531 1500 voluntatem
1553 1475 1638 1500 non
1659 1462 1726 1499 de-

167 1533 255 1558 esse
283 1521 472 1571 Erasmo,
496 1523 545 1557 vt
566 1520 649 1557 alia
676 1519 815 1557 desint
843 1520 994 1556 omnia.
1054 1517 1242 1562 Caetera,
1266 1519 1299 1555 si
1321 1517 1482 1562 libebit,
1505 1529 1728 1566 cognosces

167 1576 324 1625 partim
353 1588 375 1612 e
405 1574 567 1612 schedis
598 1573 923 1618 memorialibus,
955 1586 1061 1622 quas
1093 1572 1251 1610 tradidi
1283 1571 1456 1617 famulo,
1488 1571 1646 1621 partim
1676 1584 1727 1608 ex
1747 1578 1788 1615 65

167 1630 297 1679 ipsius
324 1630 525 1675 oratione,
554 1641 679 1678 quem
707 1632 908 1678 expertus
936 1640 1028 1665 sum
1056 1639 1145 1664 esse
1174 1627 1309 1664 bonae
1337 1626 1445 1672 fidei,
1471 1626 1728 1675 minimeque

167 1696 338 1721 vanum.
398 1684 597 1721 Maiorem
628 1684 671 1720 in
701 1683 874 1720 modum
905 1682 1026 1720 doleo
1058 1681 1204 1731 Anglis
1236 1682 1451 1730 negotium
1483 1680 1672 1718 exhiberi
1704 1693 1729 1718 a

166 1737 366 1776 Schottis.
426 1738 580 1775 Videor
609 1739 720 1775 enim
750 1737 853 1774 mihi
883 1737 977 1786 plus
1007 1737 1078 1773 isti
1108 1737 1265 1785 regioni
1296 1735 1460 1780 debere,
1489 1747 1596 1783 quae
1626 1735 1728 1772 mihi

166 1796 233 1830 tot
253 1794 428 1830 eximios
450 1793 614 1842 peperit
635 1792 804 1837 amicos,
821 1804 949 1841 quam
970 1792 1007 1828 ei
1024 1803 1132 1840 quae
1154 1803 1218 1827 me
1239 1791 1396 1840 genuit.
1448 1789 1729 1827 Vehementer

167 1851 311 1884 tamen
335 1848 453 1896 angit
478 1860 543 1884 me
571 1846 801 1884 Hollandia
827 1846 1007 1895 indignis
1036 1849 1224 1882 tractata
1251 1845 1387 1882 modis
1414 1848 1507 1881 tum
1533 1857 1558 1881 a
1582 1844 1726 1889 Danis,
1748 1858 1789 1888 70

166 1901 281 1950 quod
302 1914 459 1939 nouum
481 1906 558 1946 est,
581 1905 672 1938 tum
695 1914 720 1938 a
740 1899 900 1946 Gelriis‚
923 1900 1037 1949 quod
1065 1912 1225 1937 nouum
1252 1912 1337 1936 non
1364 1903 1440 1936 est.
1500 1897 1728 1936 Oraculum

166 1960 258 1993 erat
278 1956 391 2005 quod
413 1956 522 1993 dixit
544 1955 754 1993 Hesiodus
775 1959 888 2004 πῆμα
909 1954 1032 1994 κακὸς
1052 1953 1210 2003 γείτων.
1256 1953 1347 1991 Ista
1368 1957 1469 1991 sunt
1490 1957 1569 1990 τῶν
1590 1952 1727 2001 ἀρχόν·

166 2026 246 2047 των
265 2009 363 2056 λοξὰ
383 2009 709 2060 στρατηγήματα.
770 2009 882 2059 Opto
904 2009 983 2047 tibi
1004 2010 1145 2046 omnia
1166 2008 1291 2053 laeta,
1314 2009 1378 2045 vir
1399 2008 1661 2045 amicissime.

221 2064 381 2102 Datum
404 2065 597 2114 Friburgi
619 2065 831 2114 Brisgoiae
854 2064 969 2101 xxiii.
993 2064 1059 2101 die
1080 2063 1237 2113 Aprilis
1259 2062 1381 2100 Anno
1404 2073 1660 2100 M.D.xxxnl.

542 2213 670 2250 2799.
734 2210 801 2250 To
823 2208 1043 2249 CHARLES
1065 2208 1346 2249 UTENHOVE.

1376 2297 1580 2340 Freiburg.

216 2349 434 2382 Horawitz.
457 2348 494 2382 ii.
519 2359 574 2382 10.
1277 2352 1329 2387 (c.
1353 2357 1395 2390 24
1416 2346 1550 2390 April>
1574 2355 1677 2388 1533.

210 2416 301 2454 [The
326 2416 435 2446 letter
459 2426 532 2446 was
559 2416 708 2456 printed
735 2417 783 2456 by
809 2416 996 2446 Horawitz
1023 2415 1059 2445 in
1088 2415 1169 2444 1888
1195 2414 1287 2444 from
1314 2414 1377 2444 the
1406 2412 1558 2453 original
1584 2421 1643 2441 ΜΞ.
1669 2412 1727 2442 be-

166 2460 313 2499 longing
330 2463 368 2489 to
386 2460 429 2489 D.
449 2459 496 2489 K.
516 2470 549 2489 v.
570 2459 692 2495 Halm,
712 2460 800 2490 then
818 2459 976 2489 director
993 2459 1030 2488 of
1048 2458 1110 2488 the
1124 2458 1272 2488 Munich
1291 2457 1438 2497 library.
1475 2456 1537 2486 We
1554 2456 1648 2485 have
1662 2459 1728 2485 not

167 2504 258 2534 been
276 2503 357 2533 able
375 2506 413 2533 to
431 2506 530 2533 traco
547 2503 610 2532 the
628 2503 779 2543 original
798 2503 926 2537 lentem
953 2502 1093 2542 though
1112 2502 1212 2532 what
1233 2502 1262 2531 is
1283 2499 1465 2541 probably
1482 2500 1544 2530 the
1562 2499 1726 2529 address-

167 2547 271 2577 sheet
287 2547 324 2576 of
342 2547 372 2576 it
394 2547 422 2576 is
446 2547 481 2576 in
502 2547 565 2576 tho
587 2547 820 2577 Amsterdam
844 2546 1057 2585 University
1081 2546 1245 2585 Library.
1293 2544 1530 2584 Conipnrison
1550 2543 1639 2580 with
1657 2542 1725 2582 Ep.

168 2591 251 2628 2817
269 2590 387 2620 shows
405 2590 489 2620 that
507 2590 569 2620 the
588 2590 696 2620 letter
712 2601 786 2620 was
803 2600 871 2620 one
885 2590 921 2620 of
940 2590 1044 2619 those
1062 2589 1199 2619 carried
1216 2589 1262 2628 by
1278 2588 1451 2625 Quirinus
1465 2597 1510 2617 011
1527 2587 1581 2616 his
1595 2585 1726 2615 second

165 2634 319 2673 journey
337 2637 375 2663 to
393 2633 582 2673 England;
607 2633 680 2663 and
701 2645 722 2664 a
744 2633 980 2664 mouth-(late
1006 2643 1092 2663 110111·
1117 2633 1180 2663 the
1205 2632 1275 2662 end
1301 2632 1337 2661 of
1365 2631 1465 2671 April
1492 2631 1520 2660 is
1545 2629 1727 2660 therefore

166 2677 316 2707 certain.

212 2720 249 2750 It
266 2721 294 2750 is
312 2720 465 2751 difficult
483 2724 521 2751 to
544 2721 682 2751 believe
703 2721 786 2751 that
808 2721 870 2751 tho
891 2721 970 2750 first
991 2724 1162 2750 sentence
1183 2719 1322 2749 formed
1346 2719 1407 2749 tho
1428 2717 1586 2757 opening
1607 2715 1643 2746 of
1665 2716 1727 2745 the

167 2764 319 2803 original
337 2764 464 2799 letter3
490 2775 530 2795 or
547 2765 630 2795 that
648 2765 711 2795 tho
728 2765 929 2804 postscript
948 2765 976 2794 is
992 2763 1170 2803 correctly
1188 2763 1322 2803 given]

212 2852 307 2882 2798.
333 2862 385 2891 42.
413 2852 602 2889 Leberide]
627 2850 795 2891 λεβήριδος
823 2850 912 2882 κενό-
1025 2860 1076 2889 51.
1103 2850 1283 2890 Syluiinn]
1301 2849 1353 2879 Cf.
1381 2849 1445 2888 Ep.
1468 2849 1560 2886 2874.
1579 2847 1652 2877 and
1670 2856 1728 2876 see

168 2908 265 2934 τεροι,
284 2896 418 2926 Athen.
438 2900 499 2934 302
514 2896 543 2926 b.
591 2896 655 2926 See
676 2896 789 2935 Aday.
808 2898 911 2934 2183:
982 2895 1049 2934 Ep.
1070 2899 1165 2934 2703.
1188 2902 1262 2933 1411.

169 2938 212 2969 cf.
232 2939 300 2978 Ep.
320 2940 414 2979 2874.
436 2949 511 2977 1911.
