1966 3379
148 137 268 186 2791]

538 133 699 172 FROM
729 132 960 172 VIGLIUS
991 133 1326 172 ZUICHEMUS

1638 135 1712 172 197

202 239 436 277 Hoxuirius
463 242 576 276 certe
603 238 843 276 eruditione
870 242 914 275 et
943 250 1094 288 genere
1121 237 1227 275 nulli
1258 239 1424 287 [nostri]
1455 240 1715 277 nostratium

145 294 329 339 inferior,
351 293 534 331 candore
555 297 599 330 et
620 294 894 330 veneratione
915 293 979 330 tui
1002 293 1081 339 (vti
1102 296 1240 342 spero)
1263 305 1429 330 mecum
1458 294 1688 331 contendet
1706 308 1712 339 ;

144 361 193 386 ac
214 348 379 397 gaudeo
400 347 519 385 illum
542 348 585 384 in
607 351 730 385 tuum
759 347 905 385 album
933 346 1198 396 adscriptum
1226 360 1326 384 esse.

145 403 307 441 multae
329 402 601 440 intercedunt
617 401 940 439 beneuolentiae
961 414 1131 447 causae;
1158 402 1310 450 patria,
1328 406 1557 451 parentum
1575 415 1713 440 neces·
1735 415 1776 446 30

145 457 300 502 situdo,
323 458 520 494 vicinitas
540 461 585 494 et
605 456 794 494 amicitia
816 457 857 493 in
879 456 1031 493 studiis
1052 460 1287 493 contracta.

1386 347 1489 384 Mihi
1517 361 1613 385 cum
1642 348 1715 386 illo

1348 456 1470 494 Alter
1498 456 1568 494 ille
1595 458 1715 494 cuius

146 512 388 556 meministi,
407 513 602 560 (vereor)
620 524 672 548 ne
690 524 773 548 non
792 512 978 560 corporis
1000 510 1137 548 solum
1160 511 1233 548 sed
1250 515 1294 548 et
1311 512 1442 548 animi
1460 511 1655 549 morbum
1673 513 1714 549 in

145 566 274 604 Italia
310 566 585 603 contraxerit.

646 565 773 614 Hayo
803 565 1007 615 Caminga
1037 566 1178 615 coepit
1214 566 1256 602 in
1288 578 1354 602 me
1385 578 1475 603 esse
1510 566 1713 615 frigidior,

144 621 258 670 quod
279 634 375 658 eum
398 633 483 658 non
503 621 745 658 accuratius
773 620 1120 665 commendarim,
1143 633 1239 657 cum
1267 620 1383 670 apud
1412 625 1454 657 te
1484 620 1712 659 habitaret.

144 674 225 713 Sed
261 687 370 724 quae
403 675 468 712 hic
500 679 563 712 est
600 675 738 724 culpa,
772 688 868 712 cum
901 687 977 724 ego
1009 675 1098 724 ipse
1133 674 1273 712 adhuc
1309 679 1492 724 patrono
1524 675 1638 725 apud
1672 680 1714 713 te
1735 688 1774 718 35

142 743 318 779 egerem,
340 729 551 767 admissus
572 730 756 779 primum
778 730 833 767 ad
856 734 1053 767 mutuam
1076 729 1451 767 beneuolentiam‘?
1482 734 1525 767 et
1547 743 1643 767 cum
1666 735 1714 768 tu

142 785 272 822 etiam
301 786 431 834 ipsius
460 785 643 822 virtutes
671 786 775 822 satis
804 797 947 834 posses
981 797 1033 821 ex
1062 784 1316 834 quotidiano
1343 785 1544 822 conuictu
1570 797 1645 834 per
1672 790 1715 823 te

141 839 404 889 intelligere?

198 894 260 931 De
282 895 483 944 pensione
504 893 786 944 persoluenda
807 893 1053 939 Quaestoris
1074 893 1186 931 filius
1209 894 1314 931 bene
1344 898 1488 944 sperat
1506 908 1512 931 ;
1545 907 1593 932 ac
1622 894 1713 932 dili-

141 949 385 998 gentissime
413 961 462 986 ea
487 949 539 986 de
561 961 603 986 re
631 949 685 986 ad
714 953 882 998 patrem
911 949 1093 998 scripsit,
1115 950 1238 986 enixe
1265 962 1362 986 eum
1391 949 1638 987 obtestatus
1670 954 1714 987 vt
1734 962 1777 993 40

142 1016 294 1041 causae
321 1008 422 1041 tuae
453 1004 568 1041 omni
596 1003 739 1041 studio
767 1003 1016 1053 opituletur.

1077 1003 1164 1041 Sub
1196 1003 1393 1052 hyemem
1422 1016 1523 1041 vero
1554 1005 1641 1054 ipse
1672 1005 1714 1041 in

141 1059 326 1107 patriam
349 1058 565 1096 rediturus
586 1063 662 1103 est,
680 1071 728 1096 ac
751 1058 807 1095 ibi
824 1071 1035 1108 praesens,
1054 1059 1196 1108 quoad
1214 1058 1303 1096 fieri
1320 1063 1476 1108 potest,
1496 1059 1714 1108 negotium

141 1117 265 1150 tuum
288 1113 548 1163 procurabit.

608 1113 796 1151 Alterius
817 1113 1100 1151 adolescentis
1122 1118 1288 1163 patrem
1312 1113 1377 1151 hic
1403 1118 1606 1164 expecto:
1638 1127 1714 1152 nec

142 1167 221 1205 tibi
244 1168 322 1205 hoc
344 1167 547 1213 beneficii,
570 1181 656 1217 quo
678 1167 798 1206 illum
821 1168 1014 1213 affecisti,
1038 1168 1207 1217 peribit.

196 1222 259 1260 De
275 1222 448 1272 Adagiis
465 1223 738 1273 locupletatis
756 1223 914 1260 debent
931 1223 1237 1272 debebuntque
1256 1223 1334 1261 tibi
1352 1236 1518 1273 semper
1534 1223 1715 1261 studiosi
1734 1235 1776 1266 45

140 1289 298 1322 omnes,
321 1277 476 1326 quibus
498 1291 549 1315 ex
571 1290 620 1315 ea
641 1291 684 1315 re
706 1277 964 1315 incredibilis
991 1277 1156 1315 accedit
1185 1278 1363 1316 fructus.

1424 1278 1715 1328 Hieronymus

140 1331 353 1369 Aleander
380 1331 547 1382 legatus
574 1345 686 1370 nunc
714 1337 779 1370 est
806 1332 1068 1382 apostolicus
1098 1333 1214 1382 apud
1242 1332 1448 1371 Senatum
1478 1333 1713 1379 Venetum;

139 1391 184 1424 et
205 1387 256 1424 de
284 1386 414 1432 libris,
438 1388 510 1436 qui
535 1387 704 1437 publice
726 1387 854 1425 vendi
879 1388 1056 1437 possint,
1080 1400 1302 1425 censuram
1328 1389 1504 1438 accepit.

1566 1388 1713 1426 Hiero-

140 1454 297 1491 nymus
319 1442 439 1488 Vida,
458 1443 577 1480 cuius
599 1447 722 1480 extat
739 1442 791 1480 de
808 1447 900 1480 arte
922 1443 1090 1492 poetica
1111 1455 1296 1488 carmen,
1314 1443 1551 1493 Episcopus
1573 1443 1715 1481 factus

140 1500 216 1541 est,
250 1509 346 1534 cum
380 1509 515 1546 nuper
545 1497 763 1535 Bononiae
797 1510 869 1534 sex
905 1497 1166 1535 Christeidos
1202 1497 1332 1535 libros
1366 1498 1564 1536 Pontifici
1599 1498 1712 1536 Max.
1735 1510 1777 1540 50

139 1551 377 1589 obtulisset.
425 1551 635 1589 Romulus
651 1552 861 1589 Amazeus
883 1565 1018 1602 nuper
1034 1566 1204 1602 quoque
1225 1553 1360 1590 edidit
1383 1553 1715 1603 Xenophontem

139 1606 334 1644 latinum.
386 1607 443 1644 Et
465 1607 652 1644 Venetiis
673 1607 751 1644 sub
773 1607 918 1657 praelo
940 1612 1004 1645 est
1025 1620 1131 1657 opus
1154 1608 1372 1657 quoddam
1394 1607 1716 1646 Bartholomaei

140 1660 274 1698 Riccii
295 1661 346 1699 de
368 1661 633 1707 Elocutione‚
656 1662 770 1711 quod
799 1663 916 1699 miris
943 1662 1144 1700 laudibus
1166 1662 1267 1700 Itali
1294 1663 1525 1701 extollunt.

138 1728 251 1753 nunc
285 1716 593 1766 praefationem
630 1717 673 1754 in
707 1718 843 1754 vitam
875 1716 1181 1766 Chrysostomi.

138 1770 332 1808 Zanchus
346 1770 586 1809 Canonicus
597 1771 811 1809 Ambrosii
829 1771 1050 1809 Sermones
1065 1776 1216 1810 contra
1226 1772 1440 1818 Arrianos,
1454 1777 1497 1811 et
1511 1772 1715 1823 Cypriani
1735 1782 1775 1813 55

1586 1663 1715 1701 Mitto

1242 1717 1373 1755 Dedit
1409 1718 1513 1755 mihi
1544 1731 1715 1767 quoque

138 1825 383 1863 Passionem
401 1841 408 1871 ;
441 1839 549 1876 quae
571 1827 743 1864 mittam
765 1827 820 1864 ad
842 1832 884 1864 te
906 1827 1011 1864 alias
1029 1841 1034 1864 :
1068 1840 1168 1865 nam
1197 1827 1266 1865 ille
1294 1827 1535 1877 postulauit
1557 1832 1605 1865 vt
1626 1829 1715 1878 ipse

402 1907 454 1937 37.
480 1899 582 1929 victu
599 1911 631 1938 γ.

181 1989 233 2019 27.
260 1980 479 2018 Hoxuirius]
491 1980 556 2012 See
569 1981 638 2021 Ep.
654 1982 740 2019 2586
753 1982 888 2012 introd.

182 2034 233 2063 31.
261 2024 379 2062 Alter]
401 2025 497 2055 Haio
518 2025 722 2061 Hermann,
741 2036 800 2056 see
818 2026 888 2066 Ep.

136 2069 233 2099 2682.
251 2070 332 2099 6611.

181 2121 233 2151 39.
260 2111 474 2149 Quaestoris
520 2113 630 2150 filius]
679 2113 890 2144 Florentius

136 2155 331 2192 Griboval;
357 2167 416 2187 see
434 2157 501 2197 Ep.
522 2159 618 2196 2716.
642 2160 739 2197 156,st

181 2209 233 2239 43.
261 2200 438 2238 Alterius]
477 2201 577 2231 John
618 2201 757 2241 George
798 2202 888 2232 Her-

136 2254 248 2274 mann
267 2247 341 2279 (see
359 2244 427 2284 Ep.
447 2247 543 2283 2716.
565 2246 680 2284 17911),
699 2250 738 2276 to
755 2246 888 2282 whom,

136 2287 303 2318 itwould
324 2298 433 2324 seem,
453 2289 629 2319 Erasmus
650 2289 723 2320 had
740 2290 889 2320 written

135 2335 176 2362 at
193 2331 344 2372 Viglius’
363 2336 524 2372 request.

180 2384 234 2415 45.
260 2375 425 2415 Adagiisj
444 2376 508 2406 Sec
526 2377 595 2416 Ep.
616 2385 700 2416 2773
720 2377 854 2407 introd.

181 2428 235 2459 49.
262 2419 370 2457 vida]
394 2420 516 2450 Marco
533 2421 719 2451 Girolamo
737 2422 838 2460 (1489
851 2424 889 2452 ‘2-

139 2464 236 2500 1566)
273 2473 347 2493 was
386 2464 493 2494 made
533 2465 594 2504 bp.
629 2465 666 2495 of
706 2465 802 2495 Alba
841 2466 890 2505 by

135 2506 302 2538 Clement
334 2516 387 2537 vn
421 2508 457 2538 in
488 2517 582 2547 1532.
632 2509 700 2539 His
732 2509 783 2539 De
815 2514 888 2540 arte

132 2551 271 2589 poetica
296 2561 371 2581 was
403 2551 599 2591 published
631 2556 671 2582 at
704 2552 820 2583 Rome
853 2554 887 2583 in

138 2603 240 2634 1527;
266 2595 322 2625 his
339 2595 564 2626 Christiados
582 2596 829 2632 (undertakcn
848 2601 888 2628 at

135 2638 199 2668 the
220 2639 386 2669 instance
405 2639 443 2669 of
464 2639 536 2670 Leo
559 2642 599 2676 x)
621 2641 656 2670 in
678 2649 770 2679 1535.
820 2641 889 2671 His

134 2680 304 2713 Scacchia
312 2682 451 2721 Ludus(
461 2693 470 2713 1
480 2684 635 2722 527)and
644 2684 751 2714 other
761 2695 888 2724 poems

135 2734 196 2755 are
205 2726 352 2766 printed
362 2727 396 2756 in
407 2726 477 2757 Sel.
488 2727 605 2758 I'oem.
614 2728 696 2758 Ital.
706 2737 795 2767 ¹740-
818 2729 888 2759 For

135 2768 191 2799 his
210 2769 311 2809 place
324 2771 358 2800 in
368 2771 541 2801 eriticism
555 2772 629 2802 and
641 2772 696 2801 his
709 2773 887 2803 intluence

134 2822 181 2842 on
221 2813 371 2844 Boileau
410 2815 483 2844 and
524 2815 624 2855 Pope
664 2816 686 2852 (⁴
702 2816 886 2847 immortal

135 2855 263 2893 Vida’,
295 2858 408 2897 Essay
433 2869 477 2889 on
502 2859 698 2893 Criticism.
725 2861 802 2898 705)
828 2871 887 2891 soe

134 2898 367 2941 Saintsbury,
387 2901 481 2933 Hist.
500 2903 538 2942 os
552 2904 749 2939 Uriticism,
769 2905 804 2940 ii,
824 2914 886 2944 pp.

135 2952 253 2983 29-37.

179 2996 229 3025 51.
257 2987 438 3020 Romulus
478 2990 674 3029 Amazcus]
715 2991 780 3021 See
818 2992 886 3031 Ep.

768 1909 820 1939 40.
848 1898 892 1929 de
909 1909 952 1930 ea
969 1912 1001 1938 γ.

1139 1909 1191 1940 47.
1218 1903 1275 1931 est
1293 1910 1390 1930 nunc
1407 1913 1438 1939 γ.

960 1984 1054 2021 2657.
1073 1991 1153 2021 94η.

1003 2035 1055 2065 53.
1084 2027 1211 2065 Riccii]
1260 2027 1487 2066 (1490—1569)
1535 2027 1627 2057 born
1674 2030 1714 2057 at

958 2070 1072 2110 Lugo,
1087 2071 1131 2100 he
1143 2071 1292 2102 studied
1304 2077 1345 2102 at
1358 2071 1522 2108 Ferrara,
1535 2071 1713 2111 Bologna,

959 2114 1089 2145 Padua
1112 2114 1199 2150 and,
1229 2123 1323 2154 1513,
1350 2115 1497 2151 Venice,
1524 2115 1643 2145 where
1668 2115 1714 2145 he

958 2169 1032 2188 was
1057 2159 1193 2198 taught
1217 2159 1336 2190 Greek
1364 2159 1414 2200 by
1439 2159 1612 2190 Musurus
1639 2159 1713 2189 and

958 2202 1108 2233 became
1137 2203 1326 2234 Professor
1353 2203 1390 2233 of
1419 2203 1606 2234 Rhetoric.
1655 2203 1713 2233 An

958 2246 1301 2283 ultra-Ciceronian,
1312 2248 1356 2278 he
1366 2247 1571 2278 numbered
1580 2257 1714 2286 among

959 2290 1014 2320 his
1038 2290 1216 2322 admirers
1243 2292 1435 2325 Amazeus,
1461 2292 1613 2326 Bembo,
1639 2290 1713 2321 and

958 2334 1212 2374 Calcagninus.
1261 2335 1330 2365 His
1358 2335 1478 2366 works
1506 2334 1712 2375 comprised

958 2378 1173 2418 Apparatus
1190 2379 1315 2409 Latine
1332 2379 1499 2410 Locution
1508 2379 1549 2415 is,
1565 2378 1711 2413 Venice,

960 2431 1055 2462 1533,
1089 2423 1204 2453 called
1240 2423 1325 2453 here
1362 2423 1436 2453 ‘De
1470 2422 1710 2455 elocutione',

958 2466 1011 2497 De
1055 2467 1268 2501 imitatione.
1309 2467 1456 2501 Venice,
1500 2475 1594 2506 1545,
1638 2466 1711 2496 and

959 2510 1155 2549 Epistolae,
1182 2511 1347 2544 Ferrara.
1370 2513 1463 2549 1562.
1514 2511 1556 2540 ln
1582 2520 1651 2539 one
1674 2510 1711 2540 of

957 2554 1013 2584 his
1038 2554 1166 2585 letters
1193 2555 1237 2585 he
1260 2555 1395 2594 speaks
1414 2554 1452 2585 of
1475 2555 1530 2584 his
1554 2554 1605 2584 Dr
1631 2554 1708 2583 imi-

957 2598 1089 2629 tatione
1126 2608 1167 2628 as
1203 2602 1318 2638 ‘opus
1355 2599 1463 2638 plano
1497 2598 1710 2628 absolutum

956 2646 1070 2682 atquc
1092 2642 1320 2682 perfectum'
1344 2642 1417 2672 und
1438 2652 1522 2682 says
1545 2642 1629 2672 that
1655 2641 1711 2671 his

956 2686 1063 2716 other
1087 2687 1208 2716 works
1237 2686 1432 2726 publishod
1461 2686 1533 2716 and
1564 2685 1708 2725 unpub-

956 2729 1072 2760 lished
1096 2729 1247 2760 deservo
1267 2731 1331 2760 the
1353 2740 1452 2760 samo
1474 2730 1603 2769 praise.
1654 2729 1710 2758 ΗΟ

954 2773 1031 2804 also
1045 2779 1159 2804 wrote
1171 2775 1205 2804 in
1220 2775 1283 2804 the
1296 2774 1511 2804 vernncular
1524 2784 1543 2803 n
1557 2773 1710 2812 comcdy

958 2817 1001 2847 Le
1028 2817 1142 2849 Balie.
1191 2818 1255 2848 See
1283 2817 1525 2852 Timboschw,
1556 2817 1615 2850 vii,
1646 2826 1707 2856 pp,

956 2866 1097 2892 2221-6.

1003 2914 1054 2943 55.
1082 2905 1264 2942 Zanohus]
1283 2906 1347 2935 See
1368 2905 1434 2944 lep.
1456 2906 1549 2934 2032.
1570 2911 1649 2943 0411.

1047 2949 1230 2979 Ambrosii
1244 2948 1449 2985 Sermones]
1460 2950 1524 2979 See
1539 2948 1710 2988 Ep.271(>.

962 3001 1060 3032 134n.
