1966 3379
209 124 260 159 94
639 122 897 160 LETTERS
928 122 999 161 OF
1029 122 1296 161 ERAsiims
1658 127 1780 173 [1532

210 229 298 258 with
325 229 387 258 the
415 227 635 261 Reformers,
663 228 731 258 but
757 228 886 258 Witzel
916 229 1095 267 managed
1124 229 1216 259 later
1245 232 1283 259 to
1310 229 1380 259 win
1409 229 1472 259 the
1500 230 1631 260 favour
1656 230 1694 260 of
1719 231 1782 261 the

214 273 388 312 Emperor
405 272 476 301 and
498 272 596 309 King
616 272 836 302 }<'‹·1-‹1inm1‹1.
887 272 928 302 In
952 282 1031 312 1554
1053 273 1097 302 he
1119 273 1206 303 took
1228 283 1278 313 up
1301 273 1355 303 his
1377 273 1561 303 residens-e
1585 278 1625 305 at
1648 274 1780 309 Mainz,

210 317 327 346 where
346 316 389 345 he
409 316 592 345 reniained
611 316 704 345 until
723 317 778 346 his
795 316 919 346 death.
969 317 1009 346 ln
1030 320 1111 355 1504
1127 317 1170 346 he
1184 317 1381 356 coinposed
1396 317 1450 347 his
1465 322 1561 348 most
1577 318 1782 358 important

210 360 321 392 work.
344 360 407 389 the
432 360 499 389 Via
525 360 643 398 Hcyict,
663 364 728 390 not
750 360 897 399 printed
921 360 1015 389 until
1039 361 1135 390 after
1159 361 1214 390 his
1236 360 1370 396 ‹leath3
1398 362 1432 390 in
1460 361 1575 391 which
1602 362 1645 391 he
1668 362 1781 401 urged

210 405 272 433 the
291 403 381 433 need
403 403 440 433 of
463 403 595 433 reform
621 404 654 433 in
677 404 740 433 the
757 404 901 433 Church
922 403 994 433 and
1018 404 1223 434 advocated
1246 404 1411 444 lenieney
1430 405 1590 435 towards
1611 406 1674 435 the
1696 406 1780 436 Pro-

210 452 381 477 testants.
432 448 499 477 His
524 447 739 487 theologieal
768 448 840 477 and
860 448 1131 478 ·‹3·ontroversial
1158 448 1278 478 works
1304 449 1460 478 number
1483 449 1692 487 something
1717 454 1781 480 not

208 492 316 521 much
346 492 449 521 short
477 492 515 521 os
543 502 564 521 a
593 491 773 522 hundred.
822 492 900 521 One
927 491 964 521 of
993 492 1049 521 his
1084 492 1254 522 bitu-rost
1285 493 1519 531 antagonists
1548 503 1621 522 was
1649 493 1782 524 Justus

207 535 381 565 Jodocus.
434 535 504 565 For
522 535 697 565 Erasinus
715 535 758 565 he
776 536 1008 565 entertained
1026 546 1048 565 a
1066 536 1264 566 boundless
1281 536 1514 566 admiration.
1565 540 1571 550 ‘
1587 537 1781 567 Erasinuin

210 583 294 619 post
311 579 500 618 apostolos
517 583 554 609 et
566 580 704 619 priscos
717 579 935 615 Theologiae
953 578 1061 618 ἥρωας
1079 580 1300 609 imitandum
1316 580 1383 609 tibi
1401 591 1463 619 per
1477 581 1600 611 omnia
1617 591 1747 611 censeo
1759 581 1780 615 ',

209 624 254 653 he
279 623 400 653 writes
426 627 465 653 to
490 633 511 653 a
535 623 819 662 correspondent
846 623 937 659 (wic
958 623 1140 660 1⁴'fivv0.);
1167 623 1238 653 and
1262 629 1300 653 to
1325 624 1471 654 Nausea.
1496 624 1540 654 he
1562 635 1658 664 says,
1679 625 1780 655 ‘Non

208 667 410 696 dubitarim
438 667 593 705 Pelagus
620 668 830 706 Sapientiae
855 677 984 697 voeare
1015 668 1230 697 Erasmuni'
1262 668 1324 703 (ib.
1345 668 1384 697 Ll
1411 669 1502 702 iV‘’.).
1553 668 1595 698 In
1625 677 1706 707 1533
1736 669 1781 699 he

209 710 414 741 translate-l
434 711 511 741 into
528 712 686 741 (lerinan
708 721 729 741 a
750 711 847 747 large
869 715 953 750 part
973 711 1010 741 of
1035 711 1220 741 Erasmus'
1243 712 1343 741 Liber
1360 712 1399 741 (Ie
1417 712 1603 742 sarcienda
1620 713 1781 742 ecclesiae

208 755 395 785 concordia
421 755 513 791 (WE
541 755 597 785 Nn
626 756 742 791 ima),
763 755 826 784 but
853 755 1019 785 whether
1042 756 1086 785 he
1116 755 1312 795 published
1342 756 1397 786 his
1427 756 1571 786 version
1600 757 1687 787 does
1717 761 1781 787 not

208 809 348 839 appear
362 799 406 835 (it
424 799 453 829 is
470 803 535 829 not
555 799 662 829 listed
680 799 1027 837 i11132·m.Era.sm.).]

264 911 313 948 D.
332 911 378 948 E.
396 911 447 948 R:
465 910 503 948 S.
520 911 563 948 P.
625 910 762 955 Salue,
779 911 844 947 vir
866 910 966 947 Dei!
1027 910 1397 956 Quemadmodum
1417 912 1449 948 is
1471 912 1543 960 qui
1561 911 1779 949 celeberri-

208 978 325 1003 mum
341 965 525 1014 aliquem
542 966 671 1003 heroa
684 966 961 1015 picturusest,
974 965 1288 1015 cogitabundus
1304 970 1434 1015 atquc
1450 967 1604 1004 anxius
1621 966 1779 1012 haeret,

208 1025 340 1070 caput
359 1021 525 1070 scalpit,
541 1034 702 1069 vngues
719 1020 985 1057 commordet
1003 1033 1077 1058 nec
1095 1021 1217 1058 facile
1236 1022 1371 1058 mittit
1391 1034 1565 1058 manum
1583 1021 1636 1058 ad
1654 1021 1778 1059 tabu-

208 1076 307 1121 lam,
330 1088 415 1124 quo
436 1076 637 1113 nimirum
659 1076 922 1124 propositam
946 1076 1123 1123 effigiem
1140 1076 1364 1124 augustius
1386 1076 1590 1121 elaboret,
1610 1076 1648 1113 id
1667 1077 1781 1125 quod

171 1145 188 1174 5
209 1132 249 1168 in
279 1130 443 1180 plebeio
470 1130 706 1179 effingendo
728 1131 799 1167 vix
827 1130 1022 1167 facturus
1043 1134 1159 1168 erat:
1194 1131 1253 1168 ita
1284 1130 1387 1167 mihi
1417 1144 1546 1180 prope
1568 1144 1679 1168 nunc
1702 1145 1780 1168 vsu

209 1186 326 1222 venit
347 1185 400 1222 ad
424 1190 477 1230 te,
501 1186 688 1227 Erasmc,
716 1186 1022 1234 scripturienti.
1073 1185 1178 1223 Cum
1201 1184 1380 1234 Satyris,
1403 1185 1567 1230 Silonis,
1593 1186 1779 1223 Panibus

208 1253 292 1278 non
315 1240 438 1277 ardui
459 1244 522 1277 est
544 1240 704 1289 negocii
726 1253 871 1289 agere:
903 1244 949 1277 at
967 1240 1103 1283 Ioues,
1122 1240 1294 1285 Manes,
1315 1240 1540 1289 Neptunos
1562 1242 1781 1290 permagni

209 1294 339 1332 refert
352 1295 567 1344 quomodo
583 1298 752 1332 tractes.
776 1294 936 1340 Quanti
952 1308 1053 1332 vero
1068 1299 1114 1332 tu
1131 1295 1233 1332 mihi
1249 1295 1336 1339 fias,
1353 1295 1466 1332 haud
1482 1295 1604 1332 facile
1619 1295 1778 1333 dixero.

265 1350 461 1387 Fortasse
498 1354 544 1386 tu
582 1362 658 1399 pro
695 1349 905 1387 modestia
941 1354 1017 1386 tua
1058 1363 1226 1387 summa
1263 1350 1406 1398 inique
1429 1350 1552 1395 feras,
1589 1355 1632 1387 et
1672 1350 1780 1387 alius

151 1421 190 1441 10
208 1405 543 1442 assentationem
585 1406 906 1453 interpretetur,
945 1405 977 1442 si
1019 1409 1061 1441 te
1101 1404 1232 1442 solem
1273 1405 1486 1453 quendam
1524 1418 1571 1442 ac
1608 1405 1779 1454 phoeni-

208 1472 298 1496 cem
320 1458 549 1497 Christiani
572 1459 685 1496 orbis
706 1459 938 1509 appellare.
993 1458 1074 1497 Sed
1096 1459 1268 1508 quando
1297 1472 1461 1497 mecum
1491 1464 1644 1509 reputo
1671 1473 1780 1509 quae

208 1518 251 1551 et
290 1518 455 1563 quanta
496 1514 587 1551 orbi
624 1515 899 1564 praestiteris,
937 1514 1074 1551 facere
1114 1527 1198 1551 non
1239 1527 1412 1564 possum
1453 1515 1556 1563 quin
1604 1519 1646 1552 te
1690 1516 1780 1552 eius

209 1569 327 1606 tituli
348 1569 633 1619 amplitudine
655 1569 814 1618 digner.
874 1569 1030 1606 Nullus
1053 1569 1246 1618 profecto
1269 1569 1403 1607 honos
1426 1569 1501 1606 vlli
1529 1569 1777 1607 mortalium

208 1637 399 1673 vnquam
436 1623 609 1661 habitus
644 1629 709 1661 est
742 1625 813 1673 qui
847 1628 888 1661 te
924 1637 1008 1661 non
1044 1625 1227 1661 maxime
1263 1624 1409 1661 deceat
1447 1624 1500 1661 ob
1534 1624 1700 1662 labores
1733 1637 1780 1662 ac

152 1694 188 1723 15
208 1679 375 1728 vigilias
404 1683 502 1716 tuas
531 1679 899 1728 incomparabiles,
929 1680 1084 1728 quibus
1111 1683 1154 1716 et
1179 1679 1273 1728 piae
1295 1683 1338 1716 et
1360 1679 1496 1717 bonae
1519 1679 1666 1717 literae
1695 1692 1780 1716 non

208 1735 297 1771 sine
319 1733 481 1771 inuidia
501 1734 623 1771 nobis
640 1734 832 1771 redditae
849 1739 964 1772 sunt.
1015 1733 1111 1771 Non
1129 1738 1218 1771 tam
1237 1733 1421 1771 contulit
1440 1733 1636 1771 humanis
1654 1734 1781 1771 rebus

208 1788 416 1833 Socrates,
449 1801 533 1826 non
569 1788 709 1833 Solon,
743 1801 828 1826 non
869 1789 1023 1834 Numa,
1060 1801 1145 1826 non
1186 1787 1342 1833 Cicero,
1380 1801 1465 1826 non
1505 1794 1667 1838 septem
1711 1790 1781 1826 isti

208 1842 409 1881 Graeciae
443 1844 656 1892 sapientes
697 1856 782 1881 vna
822 1856 917 1880 cum
959 1847 1053 1881 tota
1092 1843 1443 1893 philosophorum
1485 1843 1777 1881 multitudine.

209 1897 355 1935 Rebus
384 1896 628 1936 christianis
660 1911 744 1935 non
776 1899 836 1936 ita
867 1898 1171 1943 commodauit,
1207 1903 1305 1947 post
1340 1898 1582 1948 Apostolos,
1619 1899 1780 1936 theolo-

149 1975 189 1996 20
208 1966 357 2003 gorum
380 1953 504 1998 vllus,
528 1966 601 1990 seu
623 1966 900 1991 connumeres
928 1953 1236 2003 palaeotericos
1258 1966 1331 1990 seu
1355 1954 1616 1998 neotericos3
1649 1954 1781 1991 etiam

209 2009 236 2045 ii
251 2009 323 2057 qui
337 2007 543 2045 librorum
561 2008 841 2057 plurimorum
859 2008 1229 2046 commendatione
1245 2008 1499 2045 nobilissimi
1516 2013 1630 2053 sunt,
1647 2008 1782 2046 veluti

209 2067 396 2111 quatuor
418 2063 478 2099 illi
507 2063 719 2100 Ecclesiae
748 2063 969 2108 Doctores,
998 2076 1179 2112 quorum
1209 2067 1257 2100 tu
1286 2062 1394 2100 duos
1419 2063 1640 2100 illustrans
1666 2063 1780 2101 illus·

210 2122 348 2155 tratos
363 2118 515 2154 vicisti.
541 2118 748 2163 Breuiter,
759 2131 884 2156 nemo
898 2122 988 2155 tam
1003 2117 1166 2168 profuit
1180 2122 1311 2167 atque
1322 2122 1502 2155 vnustu.
1528 2118 1675 2155 Auffer
1686 2118 1780 2156 hinc

210 2172 428 2217 Hercules,
447 2171 676 2222 Scipiones,
695 2173 1013 2218 Macchabaeos,
1032 2172 1204 2210 Carolos
1222 2188 1228 2215 ;
1261 2173 1396 2210 auffer
1419 2172 1592 2218 Plinios,
1610 2172 1780 2218 Gellios,

152 2238 189 2267 25
210 2227 376 2272 Fabios,
400 2227 557 2271 Vallas,
581 2227 847 2272 Hermolaos,
871 2227 1125 2277 Rudolphos
1146 2227 1201 2265 ad
1224 2229 1336 2277 ipsos
1359 2240 1493 2277 vsque
1522 2227 1717 2265 Budaeos
1738 2232 1781 2265 et

209 2281 460 2331 Capniones.
493 2282 659 2320 Horum
674 2284 786 2320 enim
803 2282 959 2327 nullus,
978 2282 1130 2320 Liuore
1147 2283 1277 2319 etiam
1296 2282 1445 2327 iudice,
1468 2282 1535 2320 vel
1554 2282 1698 2320 labore
1713 2282 1780 2320 vel

210 2336 463 2374 fortitudine
485 2337 552 2374 vel
579 2350 719 2374 rerum
742 2337 920 2375 honeste
941 2341 1135 2374 actarum
1161 2337 1417 2374 claritudine
1439 2337 1506 2374 vel
1528 2337 1782 2374 excellentia

210 2391 276 2428 vel
304 2391 514 2440 dignitate
542 2392 609 2429 vel
643 2392 723 2429 fide
745 2392 811 2429 vel
834 2392 1031 2430 doctrina
1052 2396 1094 2429 te
1125 2392 1288 2433 anteit:
1321 2392 1435 2441 quod
1458 2397 1724 2442 postremum
1747 2392 1781 2429 si

210 2447 304 2495 quis
326 2445 504 2483 inficiari
525 2447 695 2492 audeat,
718 2448 752 2484 is
774 2447 828 2484 ad
849 2451 1089 2484 extremum
1112 2447 1297 2484 insanire
1319 2447 1631 2484 existimandus
1657 2447 1723 2484 sit.

150 2511 192 2541 30
265 2500 490 2546 Quorsum,
509 2502 583 2545 ais,
599 2506 688 2539 tam
707 2502 927 2551 praeclara
941 2501 1134 2538 laudatio
1152 2502 1193 2538 in
1216 2505 1292 2539 os?
1350 2501 1456 2545 Scio,
1475 2514 1627 2550 magne
1644 2502 1720 2545 vir,
1739 2506 1781 2538 te

212 2555 320 2593 hanc
338 2568 424 2593 non
441 2568 680 2605 agnoscere.
739 2556 877 2602 Quare
899 2556 1074 2606 perinde
1096 2556 1199 2593 mihi
1215 2560 1280 2593 est
1298 2560 1340 2593 te
1362 2569 1505 2594 coram
1527 2557 1613 2593 tuis
1635 2568 1780 2593 ornem

209 2610 410 2647 laudibus
446 2623 501 2647 an
535 2611 650 2660 apud
686 2611 805 2649 alios.
856 2610 1101 2648 Malefaciat
1142 2615 1286 2648 autem
1328 2611 1431 2648 mihi
1472 2610 1598 2655 Deus,
1633 2611 1668 2648 si
1703 2610 1781 2648 hoc

211 2666 349 2714 ipsum
375 2665 594 2714 insyncere
626 2665 821 2703 scribam.
882 2665 1037 2703 Facere
1069 2665 1146 2703 hoc
1173 2665 1373 2703 hortatur
1403 2666 1561 2715 partim
1588 2678 1708 2703 amor
1739 2666 1781 2702 in

210 2723 252 2757 te
275 2732 404 2763 meus,
428 2720 546 2756 cuius
568 2720 755 2770 impulsu
775 2721 1139 2758 existimationem
1168 2724 1288 2757 tuam
1318 2720 1525 2757 hactenus
1553 2720 1781 2757 aduersum

150 2782 191 2813 35
212 2774 416 2823 Mastigas
451 2774 720 2820 defensitaui,
757 2776 914 2825 partim
949 2778 1089 2812 status
1122 2787 1263 2812 rerum
1297 2774 1580 2824 publicarum.
1641 2774 1782 2812 Huius

255 2906 329 2927 TIT.
347 2897 437 2928 deest
456 2898 495 2928 in
512 2897 594 2928 MS.
745 2900 776 2928 6.
803 2898 955 2928 Erasme
972 2908 1039 2928 om.
1060 2898 1143 2928 WE.
1289 2908 1321 2935 9.
1348 2901 1390 2928 tu
1407 2908 1474 2938 pro
1496 2897 1588 2927 WE:
1614 2907 1680 2937 pro
1698 2896 1782 2927 MS.

213 2951 264 2981 23.
291 2951 386 2972 vnus
403 2941 485 2971 add.
508 2941 591 2971 WE.
765 2951 816 2979 25.
844 2941 1059 2982 Rodolphos
1083 2942 1164 2972 WE.
1345 2951 1397 2980 32.
1425 2952 1471 2971 an
1490 2940 1581 2971 MS:
1608 2945 1673 2971 aut
1697 2941 1780 2971 WE.

211 2994 308 3025 32—3.
334 2985 401 3016 hoc
419 2986 541 3025 ipsum
564 2985 654 3015 WE:
682 2985 802 3016 isthuc
819 2985 901 3016 MS.
