1966 3379
251 105 302 141 62
682 100 941 140 LETTERS
972 100 1043 139 OF
1073 100 1342 140 ERASMUS
1704 104 1826 151 [1532

251 207 531 245 confabulari.
592 205 715 252 Quod
755 206 788 243 si
829 206 937 243 serio
978 206 1113 243 iratus
1151 210 1231 251 cst,
1271 205 1396 243 facile
1428 205 1576 252 feram,
1613 206 1741 246 modo
1776 220 1827 245 ne

192 281 230 310 25
254 262 431 313 posthac
454 262 555 299 mihi
577 261 795 299 obturbet.
856 261 970 299 Bene
992 260 1087 299 vale
1109 273 1205 298 cum
1229 260 1309 298 tibi
1330 261 1598 299 charissimis.

307 317 419 355 Frib.
443 317 466 354 8
489 317 567 355 die.
591 316 701 354 Iulii.
729 326 844 364 1532.

1407 370 1612 421 Agnoscis
1634 375 1771 409 tuum.

305 443 472 481 Clariss.
497 443 673 481 Doctori
696 443 746 480 D.
771 442 993 480 Bonifacio
1015 441 1311 479 Amerbachio.
1374 442 1578 480 Basileae.

628 610 757 647 2687.
825 606 963 647 FROM
988 605 1217 646 LUDOLPH
1240 604 1454 647 Coccms.

1539 696 1755 731 Ratisbon.

1510 756 1532 787 9
1550 746 1577 780 J
1581 746 1651 791 uly
1674 756 1780 790 1532.

295 815 369 853 [An
389 814 541 855 original
563 814 684 849 letter,
706 814 915 854 autograpli
942 813 1193 853 throughout;
1219 812 1371 849 carried,
1394 812 1466 843 like
1488 813 1584 854 Epp.
1607 815 1705 853 2679,
1731 815 1829 852 2685,

250 859 300 899 by
317 859 579 899 Polyphemus.
604 898 607 901 Α

294 902 465 942 Ludolph
483 902 632 933 Coccius
649 912 724 932 was
741 902 832 932 born
851 905 891 932 at
912 900 1088 932 Bielefeld
1107 901 1180 931 and
1203 900 1520 939 matriculatedat
1537 901 1682 939 Erfurt,
1699 901 1833 933 Easter

253 948 346 985 1508.
396 947 461 977 We
480 947 574 977 have
595 956 642 977 no
663 947 770 977 other
794 945 1034 976 information
1059 945 1177 976 about
1197 945 1274 976 him
1299 945 1445 985 beyond
1467 945 1551 976 that
1576 946 1769 976 furnished
1795 946 1831 976 in

250 991 324 1022 this
342 991 479 1028 letter.]

306 1049 346 1088 S.
370 1050 420 1088 D.
480 1049 593 1087 Ante
616 1062 752 1087 annos
774 1049 870 1099 plus
892 1049 1034 1086 minus
1062 1049 1228 1099 viginti,
1256 1048 1430 1098 quando
1459 1053 1561 1086 tuus
1590 1049 1829 1087 Paraemia-

252 1118 345 1142 rum
386 1104 555 1143 libellus
595 1106 706 1142 inter
738 1104 964 1142 doctorum
1002 1103 1223 1142 hominum
1260 1116 1413 1141 manus
1449 1105 1634 1154 primum
1671 1105 1832 1142 versari

252 1161 378 1210 cepit,
419 1160 473 1197 ab
510 1159 762 1197 Erffordien.
800 1159 1036 1209 gymnasio,
1074 1159 1146 1196 vbi
1182 1162 1276 1196 tum
1310 1158 1620 1209 phylosophiae
1657 1172 1829 1210 operam

251 1215 361 1260 dedi,
404 1216 467 1252 tui
508 1215 681 1252 videndi
722 1214 1026 1263 salutandique
1068 1213 1276 1251 desiderio
1319 1214 1489 1259 ductus,
1531 1214 1829 1263 desyderatiss.

213 1287 231 1317 5
253 1270 303 1308 D.
338 1270 524 1314 Erasme,
554 1270 609 1307 ad
638 1269 878 1307 inferiorem
907 1268 1183 1307 Germaniam
1212 1281 1278 1306 me
1306 1269 1493 1314 contuli,
1526 1282 1612 1318 qua
1642 1282 1715 1320 spe
1743 1269 1829 1307 fru-

252 1329 416 1362 stratus
439 1324 725 1374 Middelburgi
751 1325 867 1374 apud
896 1324 950 1362 M.
977 1323 1202 1362 Nicolaum
1229 1324 1630 1370 Buschklucensem,
1654 1329 1746 1362 tum
1773 1325 1831 1362 rei

252 1379 465 1417 literariae
500 1379 753 1430 prefectum,
789 1379 1055 1429 aliquamdiu
1092 1391 1159 1416 me
1190 1379 1394 1424 continui,
1429 1379 1564 1417 donec
1595 1380 1829 1417 amicorum

252 1434 442 1472 subsidio
473 1435 587 1472 iusto
617 1435 783 1473 viatico,
806 1438 1073 1484 consequuto
1103 1434 1158 1471 ad
1188 1434 1458 1472 Pariseorum
1488 1434 1705 1472 Lutetiam
1735 1447 1829 1484 pro-

252 1489 405 1535 fectus,
434 1489 507 1526 vbi
535 1490 673 1539 prima
700 1494 922 1539 grecarum
951 1489 1173 1527 literarum
1203 1489 1449 1527 rudimenta
1477 1494 1710 1538 Vtcumque
1739 1502 1830 1539 per-

195 1563 233 1584 10
252 1545 356 1595 cepi,
380 1544 645 1594 Hieronymo
666 1544 882 1582 Alcandro
904 1548 1164 1595 preceptore,
1187 1545 1260 1593 qui
1288 1545 1331 1581 in
1357 1544 1642 1594 episcopalem
1669 1545 1831 1582 accitus

251 1599 396 1637 aulam
417 1599 597 1637 docendi
619 1599 794 1649 reliquit
819 1600 1097 1650 prouinciam.
1158 1599 1267 1636 Tum
1298 1599 1490 1649 Rutgero
1517 1599 1682 1644 Rescio,
1705 1612 1831 1649 quem

252 1654 386 1692 filium
408 1654 660 1705 appellitare
682 1654 804 1700 soles,
827 1655 999 1704 priuato
1020 1667 1113 1692 sum
1136 1666 1238 1691 vsus
1260 1659 1522 1704 preceptore,
1546 1654 1716 1691 homine
1734 1667 1830 1692 vere

252 1709 436 1747 candido
457 1713 501 1747 et
522 1709 626 1747 mihi
647 1710 916 1754 amicissimo,
938 1709 1053 1759 apud
1075 1721 1201 1758 quem
1219 1708 1398 1747 Lauanii
1416 1709 1638 1747 honestiss.
1659 1709 1832 1747 habitus

253 1768 423 1802 nostrae
444 1765 798 1814 peregrinationis
819 1767 1023 1814 tempore,
1048 1764 1272 1813 Panagaea
1299 1776 1449 1814 nempe
1471 1763 1623 1809 Diana,
1647 1764 1688 1801 id
1717 1764 1832 1814 quod

195 1837 232 1866 15
252 1819 304 1857 de
332 1819 384 1857 D.
408 1819 526 1857 Ioan.
551 1819 756 1857 Vlatteno
784 1820 987 1869 principis
1015 1820 1151 1860 nostri
1179 1818 1338 1857 Cliuen.
1368 1823 1447 1857 etc.
1478 1819 1721 1856 consiliario
1751 1820 1831 1869 pri-

252 1875 387 1912 mario
404 1875 564 1920 scribis
582 1874 667 1912 fere
684 1874 826 1912 factus
844 1875 972 1912 modo
985 1874 1101 1924 apud
1114 1886 1290 1924 superos
1305 1873 1432 1911 modo
1449 1874 1606 1911 inferos
1621 1878 1830 1912 versatus.

253 1929 319 1967 Ex
341 1942 426 1978 qua
446 1942 488 1967 re
510 1930 544 1967 si
565 1929 670 1966 nihil
687 1929 805 1967 aliud
826 1929 991 1967 fructus
1008 1930 1176 1978 assequi
1193 1929 1334 1974 datur,
1352 1928 1464 1966 hunc
1482 1929 1653 1978 quidem
1672 1929 1830 1966 vberri-

253 1997 371 2022 mum
407 1997 557 2022 censeo
592 1984 795 2029 fructum,
832 1984 979 2024 amicis
1015 1984 1145 2021 ditior
1179 1983 1331 2029 factus,
1368 1984 1480 2021 inter
1515 1997 1621 2033 quos
1658 1985 1831 2034 insignis

253 2039 588 2089 multiiugaeque
610 2039 862 2077 eruditionis
884 2038 1122 2076 Bilibaldus
1140 2038 1468 2077 Pirckhamerus
1489 2039 1736 2084 censendus,
1759 2039 1831 2088 qui

194 2111 234 2131 20
254 2098 354 2132 ante
385 2093 618 2139 biennium,
651 2094 826 2143 quando
856 2094 1151 2143 Nuremberga
1181 2093 1236 2131 ad
1266 2093 1521 2143 Augustana
1549 2094 1724 2132 comitia
1751 2094 1833 2131 iter

253 2149 345 2194 feci,
369 2148 505 2186 dicere
526 2161 691 2198 nequeo
712 2161 842 2198 quam
871 2149 1004 2186 amice
1029 2148 1293 2198 candideque
1322 2148 1549 2186 homuncio
1571 2162 1596 2186 a
1616 2148 1832 2186 Bilibaldo

254 2207 470 2241 tractatus
492 2204 583 2249 sim,
607 2203 796 2253 mihique
819 2208 1045 2253 tamquam
1064 2204 1144 2241 sibi
1160 2208 1365 2242 coetaneo
1382 2203 1608 2253 equalique
1625 2203 1832 2253 loquutus

253 2259 320 2296 sit.
381 2258 439 2296 Et
473 2258 645 2308 quidem
681 2258 733 2296 de
765 2259 880 2296 omni
916 2259 1186 2308 negociorum
1219 2262 1338 2296 statu
1374 2262 1701 2308 temporumque
1734 2271 1829 2296 con-

254 2313 415 2351 ditione
443 2313 628 2351 laconice
657 2315 993 2363 summatimque
1023 2313 1236 2351 disseruit.
1298 2313 1418 2350 Inter
1443 2313 1527 2350 alia
1555 2313 1606 2350 de
1637 2313 1830 2359 Erasmo,

194 2385 234 2414 25
255 2368 445 2406 omnium
478 2368 719 2406 studiorum
753 2381 963 2418 veraeque
996 2369 1170 2418 pietatis
1197 2371 1242 2405 et
1271 2372 1463 2405 amatore
1494 2372 1538 2406 et
1568 2369 1829 2413 restitutore,

843 2440 940 2471 2687.
970 2442 1020 2471 16.
1047 2438 1144 2471 scrib
1162 2439 1247 2470 MS.

300 697 462 742 Leipzig
480 696 562 731 MS.

300 748 383 781 EE.
411 756 490 790 175.

299 2528 395 2558 2687.
424 2537 495 2558 1—2.
523 2528 812 2566 Paraemiarum]
838 2527 916 2558 The
934 2528 1007 2558 Ad-

253 2572 347 2611 ayia.
395 2572 571 2602 Between
589 2571 718 2603 Aldus'
736 2572 890 2608 edition,
912 2573 1007 2610 1508,

253 2615 327 2646 and
352 2616 415 2646 the
440 2615 520 2647 first
550 2616 693 2646 Froben
722 2615 875 2651 edition,
912 2625 1006 2655 1513,

254 2659 358 2689 there
395 2669 456 2689 are
493 2660 550 2689 six
585 2659 731 2700 pirated
763 2660 923 2690 editions
959 2659 1009 2700 by

254 2702 391 2733 Martin
409 2703 576 2734 Schiirer.

298 2748 329 2777 6.
356 2746 602 2787 Middelburgi
627 2771 634 2777 .
662 2771 669 2778 .
698 2771 703 2777 .
734 2747 1007 2778 Buschiducen-

255 2790 347 2828 sem]
365 2790 430 2821 See
448 2791 518 2830 Ep.
536 2793 612 2821 616.
635 2800 712 2830 14n.

302 2843 418 2864 10—11.
445 2834 693 2874 episcopalem
732 2859 738 2865 .
780 2859 787 2865 .
826 2859 832 2864 .
869 2834 1008 2872 aulam]

256 2877 440 2908 Aleander
462 2878 615 2908 entered
644 2878 842 2909 Poncher's
870 2878 1008 2909 service

255 2932 274 2961 4
310 2921 396 2952 Dec.
437 2929 531 2959 1513,
567 2922 640 2952 and
678 2921 865 2952 remained
903 2922 1008 2952 there

256 2965 311 2996 till
333 2965 379 2995 he
401 2964 469 2996 left
492 2965 594 2996 Paris
617 2966 654 2996 in
675 2966 769 2996 Nov.
795 2974 877 3006 1514
898 2970 937 2997 to
963 2966 1008 2996 be

1076 2527 1283 2558 chancellor
1300 2530 1339 2558 to
1356 2526 1475 2557 Erard
1493 2527 1537 2557 (le
1554 2526 1589 2557 la
1607 2527 1744 2563 Marck,
1760 2527 1828 2567 Bp.

1076 2572 1114 2602 of
1131 2571 1251 2611 Liege.

1123 2625 1172 2645 11.
1199 2614 1344 2652 Rescio]
1375 2614 1432 2645 He
1461 2614 1533 2644 had
1563 2614 1654 2644 been
1679 2625 1701 2644 a
1726 2614 1831 2654 pupil

1077 2659 1115 2690 of
1127 2658 1310 2689 Aleander
1322 2659 1358 2688 in
1372 2658 1487 2693 Paris,
1499 2658 1608 2698 going
1621 2659 1714 2688 from
1729 2658 1831 2689 Paris

1077 2707 1117 2733 to
1134 2703 1301 2733 Louvain
1319 2703 1356 2732 in
1375 2710 1457 2740 1515
1475 2701 1560 2742 (Ep.
1582 2703 1646 2741 546
1664 2702 1828 2739 introd.).

1077 2747 1135 2777 He
1167 2746 1198 2777 is
1228 2749 1296 2776 not
1327 2745 1469 2786 spoken
1496 2745 1534 2775 of
1559 2746 1596 2775 in
1625 2746 1689 2776 the
1717 2755 1830 2776 warrn

1077 2794 1192 2821 terms
1200 2789 1385 2820 indicated
1392 2789 1588 2829 anywhere
1597 2790 1632 2819 in
1641 2789 1829 2820 Erasmus'

1076 2834 1216 2865 letters.

1123 2887 1173 2917 14.
1202 2876 1410 2916 Panagaea]
1444 2876 1509 2907 See
1541 2876 1612 2917 Ep.
1642 2885 1739 2917 2454.
1772 2886 1828 2912 1n,

1076 2921 1195 2951 which
1212 2921 1361 2951 Coccius
1381 2920 1455 2951 had
1480 2921 1719 2961 presumably
1743 2920 1830 2951 read

1077 2965 1113 2995 in
1131 2965 1195 2996 the
1213 2964 1397 3005 Epistola&
1414 2964 1592 2995 Floridae.
