1966 3379
233 107 310 144 366
690 105 948 145 LETTERS
980 106 1050 145 oF
1082 106 1349 146 ERASMUs
1685 109 1807 158 [1534

233 193 403 243 quidem
439 193 603 231 calamo
634 195 790 244 possim
827 195 991 232 (lucere.
1032 194 1214 232 Gratum
1250 199 1315 232 est
1351 195 1466 244 quod
1501 194 1690 244 Graphio
1720 196 1806 233 cito

233 249 468 285 numeraris
490 248 531 285 id
553 249 667 297 quod
690 250 801 294 iussi,
825 262 1070 299 quanquam
1095 251 1224 287 miror
1250 262 1343 287 eam
1370 250 1594 299 pecuniam
1615 250 1806 288 nondum

233 303 285 340 ad
310 315 459 340 manus
482 307 578 340 tuas
601 304 853 352 peruenisse.

171 377 214 407 40
288 357 350 394 De
373 357 496 394 rebus
518 359 639 395 nouis
661 359 957 396 communibus
983 372 1031 396 ac
1059 360 1239 408 priuatis
1261 359 1441 408 accipies
1462 358 1661 396 schedam
1685 371 1807 409 gene—

233 411 376 449 ralem.
427 411 708 450 Charissimae
751 414 870 450 vxori
909 413 1247 462 ‹lulcissimisque
1292 413 1434 450 liberis
1478 426 1627 463 precor
1667 414 1808 451 omnia

233 479 446 516 prospera.

289 521 484 571 Friburgi
507 521 705 571 Brisgoae
727 523 878 571 quinto
900 522 1003 560 Idus
1026 523 1202 560 Martias
1220 535 1330 560 anno
1347 535 1371 560 a
1388 523 1619 560 natiuitate
1638 522 1809 560 Domini

234 586 266 612 M
289 587 316 612 D
340 586 518 614 xxxml.

172 649 214 680 45
291 631 393 668 Post
424 631 614 669 triduum
647 632 854 669 intumuit
890 644 1052 669 manus.
1095 631 1227 669 Dolor
1262 644 1357 681 egre
1393 633 1601 669 concessit
1632 636 1680 669 vt
1711 632 1808 670 sub-

234 685 472 723 scriberem.

1426 742 1630 779 Erasmus
1653 741 1753 779 Rot.

289 827 540 866 Honorabili
576 829 667 866 viro
704 829 752 866 D.
791 829 969 866 Erasino
1004 828 1160 866 Scheto
1194 830 1451 879 negotiatori
1486 829 1810 879 Antwerpiensi,

235 883 371 920 amico
393 884 632 933 praecipuo.
676 883 958 933 Antwerpiae.

654 1091 784 1128 2914.
850 1088 916 1129 To
950 1089 1150 1129 DAMIAN
1184 1102 1212 1129 A
1247 1088 1389 1130 GoEs.

288 1172 439 1206 British
459 1173 643 1206 Museum
663 1172 745 1206 MS.
768 1173 871 1207 Add.
895 1174 1028 1216 38512‚
1049 1174 1076 1208 f.
1098 1175 1156 1207 88.
1489 1173 1695 1217 Freiburg.

1432 1233 1471 1256 11
1494 1223 1634 1257 March
1658 1233 1762 1268 1534.

281 1301 354 1339 [An
387 1301 539 1339 original
572 1301 694 1337 letter,
728 1302 877 1332 written
909 1301 982 1332 and
1015 1301 1215 1332 addressed
1249 1302 1298 1342 by
1325 1312 1347 1332 a
1376 1305 1573 1342 secretary,
1603 1301 1731 1341 signed
1764 1302 1813 1342 by

236 1345 426 1380 Erasmus,
444 1345 524 1375 who
541 1345 633 1375 adds
655 1346 718 1375 the
739 1345 825 1375 final
849 1350 1042 1376 sentence:
1070 1345 1219 1386 printed
1237 1346 1287 1386 by
1304 1345 1394 1386 Mgr.
1414 1345 1453 1376 P.
1474 1346 1513 1376 F.
1533 1345 1581 1376 X.
1600 1345 1646 1376 de
1664 1346 1758 1376 Ram
1777 1346 1813 1376 in

237 1389 335 1419 Bull.
354 1389 393 1419 de
411 1388 548 1419 l'Acad.
568 1389 699 1428 Royale
717 1390 776 1419 des
792 1388 954 1420 Sciences
971 1395 999 1420 et
1018 1389 1133 1421 Belle&
1150 1390 1281 1420 Lettres
1294 1390 1334 1420 de
1351 1389 1549 1423 Bruxelles.
1564 1389 1636 1420 vol.
1650 1390 1699 1425 ix,
1719 1390 1812 1429 1842,

238 1438 292 1472 pt.
320 1442 350 1469 2,
376 1442 598 1473 ρρ.,433-5;
636 1433 681 1462 cf.
708 1433 806 1473 App.
834 1434 921 1463 xvii.
970 1434 1007 1464 It
1032 1433 1271 1474 presumably
1295 1444 1456 1464 answers
1487 1434 1551 1464 the
1584 1433 1694 1464 letter
1719 1434 1814 1464 from

237 1476 332 1507 Goes
349 1476 563 1507 mentioned
582 1477 617 1506 in
636 1477 705 1517 Ep.
725 1478 838 1516 2913]

294 1546 332 1585 S.
357 1547 401 1584 P.
443 1546 617 1584 Gaudeo
639 1560 777 1585 meam
798 1548 1025 1598 epistolam
1047 1548 1101 1585 ad
1124 1552 1166 1586 te
1187 1547 1411 1598 perlatam,
1430 1549 1626 1586 ornatiss.
1669 1547 1812 1585 Dami-

238 1614 329 1646 ane,
352 1601 515 1650 tibique
537 1615 600 1639 res
622 1602 782 1640 aulicas
807 1615 897 1640 esse
923 1616 975 1640 ex
1001 1604 1226 1641 sententia.
1269 1603 1405 1641 Tuam
1431 1607 1474 1640 et
1500 1603 1611 1640 illius
1636 1602 1814 1640 alterius

239 1657 311 1706 qui
333 1660 409 1693 tuo
431 1657 545 1693 iussu
567 1656 620 1693 ad
643 1669 708 1694 me
730 1658 912 1707 scripsit,
935 1657 1062 1707 idque
1084 1659 1387 1703 amantissime,
1410 1659 1579 1708 seposui
1601 1658 1643 1695 in
1666 1657 1743 1695 hoc
1766 1662 1814 1695 vt

239 1711 548 1760 responderem,
571 1711 643 1748 sed
666 1711 873 1750 hactenus
895 1712 1127 1750 noluerunt
1148 1712 1203 1750 ad
1225 1725 1377 1750 manus
1398 1713 1556 1757 venire,
1578 1716 1622 1750 et
1643 1713 1814 1750 interim

201 1785 220 1814 5
241 1767 298 1802 sic
320 1765 517 1803 dextram
540 1768 767 1816 occupauit
792 1767 986 1817 chiragra
1007 1771 1064 1804 vt.
1082 1780 1132 1805 ne
1158 1768 1247 1805 iota
1273 1767 1445 1817 quidem
1467 1767 1625 1817 possim
1648 1766 1812 1804 ducere.

240 1820 297 1858 Et
318 1824 394 1857 tua
415 1824 508 1858 erat
528 1822 617 1858 eius
637 1823 800 1871 generis
823 1826 871 1859 vt
891 1835 977 1860 non
999 1822 1221 1872 expediret
1238 1822 1502 1872 respondere.
1544 1822 1641 1859 Non
1663 1822 1815 1871 putaui

240 1876 370 1924 igitur
386 1875 569 1912 multum
586 1888 710 1926 opere
727 1877 769 1913 in
787 1877 1010 1914 scribendo
1026 1890 1203 1923 sumere,
1220 1877 1424 1914 dubitans
1441 1889 1495 1914 an
1513 1889 1630 1914 meae
1647 1876 1815 1914 litterae

241 1930 328 1967 sint
350 1934 391 1966 te
412 1929 537 1967 isthic
559 1930 806 1969 offensurae.
848 1931 986 1969 Alteri
1011 1932 1193 1969 scribam
1219 1932 1337 1969 breui
1358 1931 1484 1969 simul
1509 1936 1640 1981 atque
1663 1931 1815 1969 dextra

240 1984 344 2022 mihi
366 1984 533 2022 reddita
554 1985 694 2024 fuerit.

183 2057 222 2078 10
296 2038 578 2077 Vehementer
598 2041 702 2078 scire
725 2041 849 2091 cupio
866 2041 939 2079 vbi
956 2041 1083 2091 degat
1104 2046 1148 2079 et
1169 2040 1272 2091 quid
1293 2045 1393 2091 agat
1416 2041 1636 2078 Resendus
1657 2045 1815 2086 noster,

241 2105 325 2142 quo
347 2093 515 2131 homine
537 2095 609 2131 vix
632 2108 820 2145 vnquam
842 2101 1043 2146 expertus
1065 2109 1159 2134 sum
1181 2097 1408 2146 quicquam
1427 2096 1662 2141 candidius,
1681 2108 1814 2144 quum

241 2148 292 2186 de
317 2161 367 2185 eo
392 2148 496 2185 nihil
522 2161 615 2186 sum
640 2151 832 2195 meritus,
859 2163 935 2188 nec
963 2151 1087 2188 video
1115 2151 1218 2200 quid
1246 2163 1435 2200 vnquam
1464 2151 1614 2188 mereri
1643 2151 1814 2200 possim.

242 2202 342 2252 Legi
370 2215 539 2241 carmen
566 2216 650 2253 quo
681 2205 883 2243 describit
912 2218 1112 2256 pompam
1142 2205 1369 2243 Bruxellae
1398 2210 1539 2243 actam
1569 2205 1623 2242 ob
1652 2204 1815 2254 prolem

242 2257 475 2295 masculam
505 2258 609 2307 Regi
638 2264 712 2297 tuo
740 2264 901 2305 natam,
926 2261 966 2298 in
991 2273 1075 2310 quo
1100 2261 1158 2298 sic
1184 2273 1271 2298 rem
1297 2273 1464 2298 omnem
1487 2260 1677 2310 depingit
1697 2264 1741 2297 et
1762 2259 1816 2297 ob

184 2329 222 2359 15
242 2311 387 2349 oculos
408 2313 529 2362 ponit
550 2318 596 2350 vt
619 2313 758 2351 multo
779 2314 875 2364 plus
898 2315 1076 2352 viderim
1098 2316 1140 2352 in
1162 2318 1387 2365 pooemate
1409 2327 1538 2364 quam
1562 2315 1596 2351 si
1616 2327 1815 2364 praesens

242 2366 484 2404 adfuissem.
529 2367 675 2417 Relegi
710 2369 822 2407 illius
857 2370 1085 2420 epistolam
1116 2382 1245 2419 quam
1277 2371 1446 2419 scripsit
1476 2382 1528 2406 ex
1561 2369 1815 2419 Ratispona,

242 2422 310 2458 cui
335 2425 427 2458 tum
454 2434 537 2459 non
567 2423 778 2472 respondi,
805 2425 906 2473 quia
932 2425 1157 2462 motoriam
1184 2424 1339 2474 agebat
1366 2424 1573 2462 fabulam.
1616 2422 1658 2461 Si
1686 2424 1816 2461 sciam

243 2475 315 2513 vbi
336 2480 449 2525 agat,
472 2480 515 2513 et
536 2477 703 2526 reddita
724 2478 855 2516 fuerit
875 2479 1041 2524 dextra,
1065 2479 1248 2516 scribam
1269 2479 1325 2516 ad
1346 2479 1467 2516 illum
1489 2479 1668 2528 copiose.

297 2529 519 2580 Grapheus
536 2531 673 2569 adhuc
691 2534 886 2582 queritur
907 2533 958 2571 de
980 2534 1161 2571 aduersa
1182 2533 1443 2578 valetudine,
1461 2534 1528 2570 cui
1550 2534 1592 2570 in
1615 2533 1815 2570 solatium

182 2603 224 2624 20
243 2585 344 2622 iussi
374 2585 466 2633 [illi]
499 2585 549 2622 de
576 2599 669 2624 meo
697 2589 911 2625 numerari
941 2589 1255 2638 quinquaginta
1282 2588 1462 2626 florenos
1493 2587 1701 2626 Caroleos
1744 2587 1817 2625 Vir

243 2638 396 2689 dignus
416 2644 480 2677 est
502 2640 672 2679 meliore
695 2646 788 2679 tum
810 2642 985 2680 fortuna
1006 2647 1099 2680 tum
1122 2643 1380 2680 valetudine.

288 2739 384 2770 2913.
412 2749 464 2779 37.
490 2740 667 2780 Graphio]
686 2741 750 2771 See
768 2741 838 2782 Ep.
858 2744 954 2780 2916.
1062 2752 1137 2773 was
1168 2742 1365 2782 published
1393 2746 1431 2772 at
1460 2741 1626 2781 Bologna
1654 2742 1690 2771 in
1721 2749 1816 2779 1533.

288 2793 340 2823 40.
366 2783 553 2821 schedam]
572 2784 637 2814 See
655 2785 724 2824 Ep.
744 2794 840 2822 2911.
858 2795 890 2822 9.
1063 2786 1095 2816 A
1117 2786 1342 2826 description
1366 2785 1403 2816 of
1425 2785 1489 2816 the
1511 2785 1755 2815 celebrations
1777 2788 1817 2815 at

289 2827 385 2857 2914.
401 2832 442 2857 '1.
469 2827 678 2867 epistolam]
696 2829 765 2868 Ep.
786 2829 882 2868 2846.
1063 2829 1231 2860 Brussels
1259 2830 1288 2860 is
1316 2830 1424 2869 given
1454 2829 1502 2869 by
1527 2828 1711 2859 Aleander
1735 2828 1771 2858 in
1795 2837 1818 2858 a

290 2880 321 2902 2.
347 2871 443 2901 illius
460 2870 626 2909 alterius]
645 2871 710 2902 See
728 2872 798 2912 Ep.
818 2882 915 2912 2913.
934 2882 992 2910 911.
1063 2873 1174 2904 letter
1205 2873 1243 2903 of
1278 2875 1320 2903 26
1352 2873 1437 2903 Dec.
1474 2881 1568 2911 1531.
1617 2871 1818 2902 Resende's

291 2924 341 2945 10.
368 2915 575 2952 Resendus]
594 2915 658 2945 See
673 2915 742 2955 Ep.
759 2925 843 2955 2500
857 2916 993 2947 introd.
1064 2916 1174 2947 letter
1191 2917 1284 2947 from
1302 2916 1486 2947 Ratisbon
1504 2917 1533 2946 is
1551 2920 1616 2946 not
1633 2920 1776 2946 extant.

245 2958 314 2990 His
342 2957 588 2990 Genethliacon
613 2958 799 2999 Principis
825 2960 996 2991 Lusitani
1108 2970 1162 2991 20.
1189 2961 1291 2999 iussi]
1309 2960 1374 2992 See
1392 2960 1462 3000 Ep.
1482 2969 1579 3000 2913.
1599 2968 1697 3000 37—9.
