1966 3379
265 142 317 179 42
695 144 953 183 LETTERS
984 144 1055 183 OF
1084 145 1351 184 ERASMUS
1711 150 1832 197 [1532

269 246 504 284 multorum
521 247 656 285 literis
671 261 719 286 ac
735 249 930 298 precibus
944 249 1129 300 fatigari,
1147 253 1197 287 vt
1214 250 1395 289 eundem
1414 251 1668 301 Lugdunum
1684 252 1832 290 formis

267 301 566 339 excudendum
599 303 828 342 mitterem.
888 303 1010 350 Quod
1041 306 1121 342 etsi
1151 309 1194 342 et
1229 317 1358 354 graue
1389 305 1620 343 admodum
1652 307 1754 344 mihi
1784 320 1832 345 ac

268 355 573 405 permolestum
606 362 729 403 esset,
761 359 963 407 quoniam
994 371 1043 396 eo
1073 359 1183 396 libro
1213 372 1335 409 aegre
1367 360 1599 398 admodum
1633 374 1831 407 carerem,

267 423 392 459 quem
407 415 450 447 et
464 411 724 449 redemeram
741 414 881 463 magni
896 414 995 450 olim
1015 414 1215 459 Venetiis,
1230 419 1273 451 et
1289 415 1471 452 duorum
1489 415 1832 453 doctissimorum

207 478 248 509 40
268 465 424 502 saeculi
443 467 578 503 nostri
602 466 835 513 hominum,
855 468 1067 518 Philelphi
1084 481 1131 505 ac
1150 468 1346 518 deinceps
1363 469 1573 507 Leonardi
1591 470 1831 516 Iustiniani,

269 519 420 557 Veneti
442 520 571 557 fuisse
594 522 830 567 rescieram,
856 524 1062 572 proinque
1084 536 1181 560 eum
1207 523 1310 560 mihi
1339 525 1715 573 castigatissimum
1744 538 1832 562 esse

269 587 575 623 persuaseram,
599 577 760 614 vicerat
783 582 928 615 tamen
950 579 1184 615 amicorum
1210 578 1382 616 assidua
1407 579 1617 628 quaedam
1646 585 1689 616 et
1717 579 1831 617 inde<

268 629 379 666 fessa
415 629 633 675 sedulitas,
666 644 817 680 meque
848 632 915 669 vel
951 633 1134 670 inuitum
1172 633 1215 670 in
1250 646 1299 670 ea
1332 646 1374 670 re
1410 633 1586 671 herbam
1623 635 1834 684 porrigere

268 688 475 733 coegerat.
519 684 695 734 Iamque
712 699 737 723 a
754 699 819 724 me
836 686 992 724 librum
1010 687 1292 733 abstulerant,
1310 700 1442 737 quum
1459 701 1554 725 ecce
1572 688 1834 726 Rutenensis

207 750 247 781 45
267 739 454 788 episcopi
485 738 635 777 literae
667 741 721 778 ad
755 754 833 786 me,
865 742 1021 790 quibus
1053 746 1154 779 tuae
1184 755 1353 792 quoque
1385 742 1440 780 ad
1474 743 1612 792 ipsum
1648 743 1834 781 inclusae

268 798 415 835 erant:
449 794 604 842 quibus
625 808 649 832 a
675 808 741 832 me
770 796 960 846 petebat,
983 796 1055 834 sed
1085 801 1174 834 tam
1204 797 1358 834 obnixe
1387 802 1435 834 vt
1460 797 1564 834 nihil
1592 797 1682 835 fieri
1710 798 1832 835 vehe-

268 849 454 885 mentius
484 853 641 898 potest,
674 855 722 888 vt
753 851 831 888 tibi
861 851 916 888 ad
947 851 1112 900 aliquot
1142 864 1307 889 menses
1339 852 1434 889 libri
1465 853 1554 889 eius
1585 853 1750 902 copiam
1786 865 1834 890 ac

267 907 530 952 potestatem
547 903 742 943 facerem.
786 906 875 955 Ego
892 919 992 944 vero
1009 907 1081 944 vbi
1102 907 1287 956 primum
1305 907 1471 944 Erasmi
1489 908 1581 951 mei,
1599 908 1834 944 amicorum

268 958 550 995 vetustissimi
570 971 618 996 ac
642 960 725 996 iam
747 972 916 1009 quoque
938 960 1157 998 literarum
1186 961 1310 999 facile
1336 962 1550 1011 principis,
1572 963 1833 999 mentionem

207 1024 249 1054 50
268 1011 426 1057 audiui,
455 1012 585 1050 exilui
615 1026 716 1051 sane
745 1015 914 1064 gaudio,
944 1016 1017 1053 sed
1045 1015 1159 1065 quod
1189 1015 1317 1065 paulo
1344 1021 1442 1065 post
1471 1016 1615 1054 subito
1645 1029 1835 1054 moerore

269 1070 487 1104 mutatum
521 1072 600 1106 est.
659 1068 770 1107 Nam
803 1070 907 1118 quid
939 1070 1122 1108 facerem
1155 1070 1272 1108 aliud
1305 1083 1400 1108 cum
1436 1083 1502 1108 me
1535 1083 1611 1108 nec
1647 1071 1727 1108 tibi
1759 1083 1834 1108 nec

269 1120 509 1159 Rutenensi
540 1127 688 1161 nostro
717 1124 948 1173 gratificari
978 1138 1100 1174 posse
1131 1126 1447 1175 conspicerem?
1506 1125 1598 1163 Iam
1627 1125 1733 1162 liber
1761 1125 1832 1163 do-

267 1176 446 1213 minium
478 1182 673 1215 nostrum
703 1180 879 1224 exierat,
912 1192 987 1217 nec
1018 1180 1246 1217 reuocandi
1278 1193 1372 1230 spes
1401 1180 1490 1217 vlla
1522 1180 1685 1229 reliqua
1719 1180 1836 1218 facta

268 1230 510 1269 videbatur.
571 1232 690 1270 quit
712 1246 788 1271 nos
810 1238 957 1272 tamen
979 1234 1094 1272 Deus
1116 1234 1213 1283 Opt.
1238 1235 1350 1273 Max.
1374 1248 1422 1272 ac
1445 1236 1665 1284 negocium
1694 1236 1834 1285 ipsum

207 1296 248 1327 55
269 1290 443 1335 repente
478 1287 522 1324 in
557 1287 708 1325 melius
740 1289 897 1326 vertit:
941 1302 1041 1327 nam
1073 1289 1214 1327 denuo
1247 1290 1351 1327 mihi
1382 1294 1554 1340 praeter
1585 1302 1702 1339 spem
1738 1289 1835 1327 libri

268 1344 461 1390 potestas
482 1340 598 1379 facta
619 1346 697 1380 est.
756 1343 856 1380 Noli
876 1356 1078 1393 quaerere
1099 1356 1287 1393 quanam
1308 1344 1351 1382 id
1380 1346 1546 1382 ratione
1574 1345 1630 1382 sit
1656 1344 1834 1389 factum,

268 1407 368 1432 nam
390 1396 424 1432 si
446 1395 583 1434 dicere
603 1409 793 1447 coepero,
817 1402 861 1435 et
880 1398 1074 1436 audienti
1098 1399 1177 1436 tibi
1197 1404 1241 1437 et
1261 1399 1365 1436 mihi
1386 1400 1466 1450 ipsi
1487 1412 1656 1448 quoque
1677 1399 1836 1437 dicenti

267 1449 491 1488 fastidium
513 1452 689 1500 pariam.
750 1452 845 1490 Misi
866 1453 1011 1502 itaque
1027 1453 1191 1491 'librum
1211 1454 1437 1492 confestim
1459 1454 1514 1492 ad
1540 1454 1834 1491 Rutenensem

267 1508 477 1550 nostrum,
508 1519 608 1543 nam
640 1511 684 1544 et
717 1507 751 1544 is
785 1507 897 1545 forte
929 1508 1008 1545 sub
1044 1508 1086 1545 id
1119 1513 1289 1559 tempus
1324 1510 1368 1546 in
1402 1509 1552 1546 vrbem
1585 1509 1834 1554 aduenerat,

207 1563 250 1592 60
267 1558 570 1598 Armoniacam
599 1561 857 1611 Aquitaniae
885 1563 1149 1612 prouinciam
1180 1564 1408 1613 petiturus,
1437 1564 1481 1601 in
1512 1576 1597 1613 qua
1621 1575 1835 1600 summum

268 1626 345 1664 pro
368 1614 483 1664 Rege
499 1615 719 1654 Nauarrae
740 1617 1042 1666 magistratum
1062 1619 1193 1667 gerit:
1223 1619 1296 1667 qui
1317 1631 1360 1656 se
1382 1618 1563 1656 fideliter
1585 1622 1835 1656 curaturum

267 1673 333 1706 est
353 1669 569 1719 pollicitus
590 1675 639 1708 vt
660 1671 715 1708 ad
736 1676 778 1709 te
799 1671 906 1709 liber
926 1685 1055 1710 sanus
1076 1678 1119 1710 et
1140 1674 1304 1722 integer
1324 1674 1559 1723 perueniat.
1620 1673 1749 1710 Proin
1774 1676 1834 1717 tu,

268 1724 301 1760 si
319 1724 382 1761 ita
398 1724 627 1770 videbitur,
643 1725 858 1763 hominem
876 1726 1010 1764 literis
1024 1728 1109 1765 tuis
1123 1727 1291 1778 appella
1308 1741 1314 1765 :
1341 1740 1589 1777 quanquam
1606 1727 1649 1765 id
1663 1728 1836 1764 minime

268 1779 459 1816 omnium
480 1781 766 1818 necessarium
787 1782 1041 1820 existimem.
1084 1781 1178 1820 Scio
1198 1783 1311 1820 enim
1332 1795 1428 1820 eum
1450 1795 1527 1833 pro
1548 1782 1737 1832 ingenita
1759 1795 1836 1819 sua

206 1836 247 1873 65
268 1832 464 1871 bonitate
484 1833 611 1872 fidem
632 1840 954 1885 praestaturum
975 1849 1106 1886 quam
1127 1837 1304 1875 dederit.

323 1888 457 1926 Venio
484 1889 568 1926 iam
600 1890 654 1927 ad
684 1895 923 1928 extremam
954 1891 1160 1942 epistolae
1191 1897 1291 1930 tuae
1321 1891 1590 1942 particulam,
1617 1904 1702 1941 qua
1726 1891 1835 1941 petis

267 1955 293 1980 a
321 1955 387 1980 me
415 1948 476 1988 vt,
500 1944 533 1980 si
558 1944 609 1981 de
631 1944 861 1983 Bombasio
889 1948 1106 1984 communi
1133 1952 1281 1984 nostro
1309 1947 1446 1984 amico
1476 1947 1581 1984 certi
1608 1947 1834 1995 quicquam

268 1997 461 2043 habeam,
480 1999 607 2036 velim
626 2003 667 2037 te
685 2000 909 2038 certiorem
930 2000 1080 2039 facere.
1122 2001 1212 2051 Ego
1234 2014 1334 2039 vero
1356 2002 1441 2038 iam
1463 2001 1679 2051 plusculos
1701 2013 1836 2038 annos

269 2052 320 2090 de
341 2064 389 2089 eo
412 2053 517 2090 nihil
538 2053 696 2099 audiui,
715 2055 796 2092 nisi
818 2055 933 2104 quod
954 2055 1078 2093 fatali
1100 2055 1172 2093 illa
1194 2056 1415 2093 Romanae
1438 2056 1553 2093 vrbis
1576 2055 1836 2105 disreptione

209 2115 250 2146 70
269 2107 440 2157 periisse
463 2107 678 2145 hominem
696 2121 842 2147 rumor
859 2110 1033 2159 quidam
1053 2112 1234 2157 (vtinam
1255 2110 1406 2158 falsus)
1428 2111 1696 2161 vulgauerat.
1743 2109 1836 2155 Quo

269 2162 399 2199 etiam
414 2162 580 2200 excidio
598 2163 774 2201 Petrum
788 2163 1046 2213 Alcyonium
1061 2165 1271 2203 Venetum
1289 2165 1563 2203 interfectum
1578 2164 1834 2210 narrabant;

269 2228 405 2265 neque
427 2216 508 2254 huc
531 2217 709 2266 posthac
738 2218 790 2256 de
818 2218 882 2256 his
911 2220 1067 2257 certius
1095 2221 1323 2269 quicquam
1351 2219 1532 2257 allatum
1561 2224 1637 2257 est.
1698 2218 1837 2264 Quare

269 2271 388 2320 coepi
415 2284 502 2308 non
530 2284 711 2321 paruam
732 2286 783 2311 ex
809 2273 991 2323 epistola
1019 2278 1095 2312 tua
1123 2274 1473 2319 consolationem,
1496 2274 1610 2323 quod
1636 2274 1784 2311 scribis
1812 2287 1836 2311 a

270 2325 499 2363 Bombasio
521 2326 666 2364 literas
688 2329 899 2378 accepisse
921 2329 1075 2378 quibus
1097 2341 1139 2366 se
1160 2329 1400 2367 Bononiam
1421 2335 1565 2379 petere
1590 2328 1834 2366 nuntiabat.

209 2387 248 2418 75
269 2378 454 2425 Subduc,
486 2381 654 2427 amabo,
684 2383 895 2421 rationem
926 2385 1143 2433 temporis,
1174 2388 1223 2422 vt
1253 2385 1357 2421 scire
1387 2385 1545 2433 possim
1575 2383 1617 2421 id
1648 2387 1748 2421 ante
1783 2396 1837 2420 an

268 2438 366 2484 post
400 2435 613 2473 excidium
646 2436 786 2475 fuerit.
846 2436 968 2483 Quod
999 2439 1033 2475 si
1064 2443 1163 2489 post
1195 2439 1407 2488 acceperis
1438 2443 1481 2476 et
1513 2451 1673 2475 vanum
1708 2437 1836 2475 fuisse

269 2501 482 2527 rumorem
504 2490 753 2540 intelligam,
772 2496 815 2529 et
832 2492 1047 2530 hominem
1069 2493 1191 2530 nobis
1213 2494 1515 2530 amicissimum
1532 2493 1676 2530 viuere
1697 2492 1836 2530 adhuc

269 2547 313 2580 et
340 2543 508 2581 saluum
537 2557 626 2582 esse
654 2558 824 2595 sperare
854 2546 977 2584 nobis
1008 2547 1165 2585 licebit.
1225 2546 1317 2593 Qua
1348 2559 1433 2584 vna
1464 2559 1506 2584 re
1536 2546 1640 2584 nihil
1672 2547 1714 2584 in
1745 2547 1837 2584 vita

267 2597 390 2635 nobis
412 2599 638 2636 iucundius
659 2604 736 2637 aut
756 2602 920 2650 gratius
942 2603 1187 2652 contingere
1207 2606 1364 2652 posset.

208 2652 250 2682 80
324 2652 439 2698 Vale,
462 2653 637 2691 Erasme
658 2655 884 2701 carissime,
906 2660 949 2693 et
970 2668 1049 2701 me,
1072 2662 1121 2694 vt
1141 2656 1257 2702 facis,
1279 2669 1388 2696 ama.

655 2735 708 2766 45.
734 2737 793 2758 me
810 2728 955 2767 scripsit
972 2728 1014 2758 P.
1033 2727 1070 2759 S.
1090 2729 1190 2759 fille»
1209 2741 1215 2759 :
1241 2738 1343 2759 meae
1360 2728 1441 2759 MS.

311 2815 364 2851 67.
391 2813 604 2850 Bombasio]
644 2813 681 2844 It
721 2814 750 2844 is
789 2815 1018 2846 remarkable
1086 2825 1133 2846 on
1151 2825 1190 2854 25
1209 2817 1301 2856 Aug.
1324 2825 1406 2855 1534
1424 2816 1485 2852 (Ol
1500 2826 1536 2856 p.
1555 2817 1642 2855 123),
1661 2816 1836 2846 Erasmus

268 2856 353 2887 that
381 2856 426 2887 de
450 2856 537 2887 Pins
561 2857 637 2887 also
661 2857 734 2888 had
759 2863 825 2889 not
853 2859 1017 2889 received
1085 2860 1171 2890 asks
1204 2860 1279 2889 him
1311 2864 1350 2890 to
1388 2864 1448 2899 try
1483 2860 1557 2890 and
1594 2859 1671 2890 find
1702 2864 1768 2890 out
1799 2860 1835 2889 in

267 2900 406 2930 certain
430 2910 529 2931 news
553 2900 590 2930 of
614 2901 844 2932 Bombasius'
870 2902 1018 2933 murder
1085 2903 1251 2943 Bologna
1276 2903 1441 2934 whether
1465 2903 1685 2934 Bombasius
1709 2904 1739 2933 is
1763 2903 1837 2934 still

268 2944 305 2973 in
330 2944 394 2974 the
416 2943 509 2974 Sack
531 2944 569 2974 of
591 2944 708 2974 Rome
730 2945 767 2975 in
790 2954 882 2985 1527.
930 2946 1017 2976 Two
1084 2946 1208 2987 living.

267 2997 373 3027 years
389 2987 493 3024 later,
508 2988 654 3028 writing
668 2993 706 3019 to
720 2989 877 3020 Damian
891 2999 912 3020 a
923 2990 1017 3021 Goes
1130 2999 1182 3030 71.
1208 2990 1374 3028 Petrum]
1394 2990 1458 3021 See
1476 2991 1544 3031 Ep.
1564 2999 1639 3030 450,
1660 2999 1737 3027 2911.
