1966 3379
263 116 342 152 308
696 115 954 154 LETTERS
985 115 1056 154 or
1087 115 1355 155 ERASMUS
1720 120 1844 168 [1533

263 221 421 258 tradita
457 220 579 258 nobis
610 221 663 258 sit
695 234 720 258 a
750 221 996 259 maioribus.
1057 220 1162 258 Cum
1195 221 1325 270 igitur
1358 221 1412 259 ad
1444 221 1556 259 illius
1588 223 1843 273 exemplaris

263 276 386 312 fidem
410 280 451 313 et
476 277 596 325 quasi
618 289 811 313 normam
835 277 992 314 caeteri
1020 276 1116 312 libri
1146 276 1231 313 sint
1260 277 1517 314 emendandi
1545 290 1592 314 ae
1621 277 1841 327 dirigendi,

200 347 242 376 30
261 331 363 380 quid
386 343 492 380 opus
515 331 630 368 facto
652 332 719 375 sit,
743 332 831 381 ipsc
854 330 1153 369 considerabis,
1215 329 1280 369 Sic
1302 332 1412 369 enim
1436 331 1606 377 habeto,
1629 345 1724 370 raro
1750 333 1840 371 vul-

260 390 403 433 gatam
420 386 678 423 Graecorum
693 386 924 423 editionem
939 399 962 424 a
977 386 1114 423 veteri
1128 386 1410 426 translatione
1427 391 1573 424 nostra
1591 387 1840 437 discrepare,

261 441 491 490 (discrepat
520 446 679 485 autem,
710 446 757 478 vt
787 442 912 486 nosti,
943 441 1204 490 saepissime)
1235 446 1284 479 vt
1312 455 1336 478 a
1363 441 1571 479 Vaticano
1602 441 1674 479 illo
1701 455 1839 480 exem-

263 495 367 545 plari
390 509 475 533 non
498 496 734 533 dissentiat.
779 496 838 533 Ac
857 509 908 533 ne
926 500 967 533 te
986 500 1168 541 teneam,
1188 497 1391 534 trecentis
1413 497 1635 546 sexaginta
1653 498 1841 547 quinque

260 551 361 587 locis
383 552 620 601 scripturae
642 551 939 589 diuersitatem
961 551 1279 590 adnotauimus.

200 622 239 652 35
315 606 539 643 Caeterum
558 607 630 655 qui
655 619 720 643 me
743 607 911 643 animus
933 606 1106 656 impulit
1128 612 1176 645 vt
1199 608 1280 644 ista
1302 610 1345 644 te
1368 607 1408 643 in
1426 607 1672 644 vniuersum
1695 608 1839 646 admo-

259 673 414 703 nerem,
444 661 547 698 dum
576 665 676 698 tuae
708 661 824 698 laudi
856 661 934 699 1100
964 661 1091 698 faueo
1119 660 1323 700 libentius
1351 674 1435 711 quo
1465 662 1567 699 mihi
1600 674 1695 700 cum
1729 663 1841 701 bono

260 716 431 764 publico
453 717 720 753 coniunctior
741 729 829 754 esse
852 717 1035 761 videtur,
1059 715 1171 754 idem
1193 722 1334 754 tacere
1360 729 1443 754 non
1470 718 1636 766 patitur
1658 718 1772 767 quod
1798 719 1840 756 in

258 771 440 820 epistola
463 771 583 808 Pauli
605 784 715 820 quae
742 776 807 809 est
832 771 886 809 ad
915 770 1093 809 Galatas
1121 773 1260 822 capite
1287 776 1444 821 quarto
1473 772 1724 822 iampridem
1753 774 1838 811 ani-

260 826 485 863 maduerti.
522 826 730 875 Legebam
748 826 952 876 epistolas
971 826 1105 871 Pauli,
1124 832 1173 865 vt
1190 840 1316 877 saepe
1334 828 1417 864 iam
1435 825 1605 872 Graece,
1624 828 1839 866 interdum

197 898 238 928 40
260 881 409 918 Latine
432 881 557 925 soleo,
576 886 704 930 prout
726 881 832 919 liber
855 883 1018 919 venerit
1041 882 1082 918 in
1104 895 1268 927 manuS,
1290 895 1374 919 non
1396 882 1593 931 equidem
1616 886 1665 919 vt
1686 882 1840 921 Latina

259 949 352 972 eum
378 936 547 973 Graecis
569 936 824 974 conferendo
846 937 887 974 in
916 938 1168 985 cuiusquam
1198 936 1404 974 inuidiam
1433 938 1648 986 ingenium
1677 938 1837 988 pericli-

258 996 382 1035 tarer,
406 991 479 1028 sed
502 995 549 1028 vt
571 991 701 1029 altius
723 992 950 1030 memoriae
976 1004 1097 1029 sensa
1124 993 1293 1030 illarum
1322 992 1672 1030 inhaerescerent.
1732 992 1838 1031 Cum

255 1059 354 1095 ergo
377 1047 418 1083 in
442 1046 582 1084 locum
605 1046 725 1084 illum
748 1047 988 1085 incidissem
1006 1047 1078 1084 vbi
1100 1049 1157 1085 sic
1181 1047 1311 1085 habet
1334 1051 1458 1085 vetus
1480 1047 1720 1093 translatio,
1739 1047 1839 1086 Sina

256 1113 376 1138 mons
393 1105 457 1138 est
476 1102 517 1138 in
534 1101 704 1147 Arabia,
723 1103 796 1151 qui
813 1103 1069 1140 coniunctus
1085 1107 1150 1141 est
1166 1103 1203 1141 ei
1220 1115 1328 1152 quae
1346 1115 1458 1140 01100
1474 1107 1540 1140 est
1557 1102 1838 1149 Hierusalem,

194 1172 234 1202 45
256 1169 297 1193 re
320 1156 565 1206 diligentius
595 1158 787 1207 inspecta
813 1170 898 1195 non
924 1157 1046 1207 potui
1071 1171 1155 1196 non
1181 1158 1382 1195 demirari
1408 1157 1598 1195 locorum
1628 1158 1837 1196 rationem

256 1215 483 1261 tantopere
512 1224 535 1248 a
563 1211 685 1250 Pauli
711 1213 853 1250 verbis
882 1212 1096 1251 dissidere.
1157 1212 1339 1251 Constat
1365 1214 1477 1250 enim
1507 1217 1696 1250 montem
1725 1213 1837 1251 hunc

255 1267 327 1315 qui
355 1268 609 1304 coniunctus
636 1280 725 1305 esse
754 1268 911 1305 dieitur
942 1267 1263 1318 Hierosolymis,
1293 1267 1348 1305 ab
1375 1267 1523 1305 eadem
1553 1268 1658 1305 vrbe
1689 1268 1838 1306 itinere

255 1321 491 1359 multorum
519 1322 682 1360 dierum
712 1323 871 1361 abesse.
931 1322 1066 1368 Quem
1093 1323 1196 1362 mihi
1221 1323 1469 1373 scrupulum
1495 1323 1681 1361 multum
1706 1324 1837 1361 etiam

253 1377 431 1414 adauxit
456 1378 671 1414 enarratio
693 1377 895 1423 Thomac,
914 1378 987 1427 qui
1008 1378 1229 1429 praefatus
1251 1378 1353 1415 haec
1375 1379 1486 1415 inter
1507 1390 1550 1415 se
1573 1378 1664 1416 loca
1686 1379 1837 1428 viginti

193 1447 233 1476 50
254 1431 417 1468 dierum
450 1433 600 1469 11111010
633 1433 804 1478 distare,
831 1434 978 1471 eadem
1009 1439 1155 1472 tamen
1184 1438 1360 1484 propter
1385 1434 1547 1470 itineris
1579 1433 1836 1471 Iudaeorum

253 1488 621 1524 continuationem
644 1489 871 1526 coniuncta
895 1488 977 1525 dici
1000 1491 1323 1539 interpretatur.

310 1541 427 1578 Tunc
450 1543 578 1591 igitur
600 1543 703 1580 mihi
725 1543 767 1580 id
789 1543 905 1593 quod
925 1549 1018 1582 erat
1040 1545 1275 1594 suspicanti
1297 1543 1484 1581 codicem
1507 1542 1716 1582 Graecum
1739 1557 1835 1582 con-

253 1596 388 1634 sulere
418 1597 604 1646 placuit3
637 1599 711 1647 qui
736 1599 840 1636 mihi
867 1598 991 1636 facile
1020 1612 1188 1637 omnem
1217 1598 1535 1636 dubitationem
1561 1599 1745 1645 ademit;
1779 1601 1836 1637 sic

254 1653 366 1689 enim
391 1651 533 1697 habet,
553 1652 598 1689 τὸ
616 1652 692 1701 γὰρ
710 1653 844 1703 ”Αγαρ
863 1653 961 1691 Σινᾶ
977 1654 1070 1703 ὅρος
1087 1653 1241 1702 ἐστί<ν>
1259 1653 1299 1691 ἐν
1316 1657 1364 1703 τῇ
1383 1653 1556 1703 Ἀραβίᾳ
1572 1659 1779 1704 συστοιχεῖ
1794 1654 1836 1692 δὲ

194 1721 232 1750 55
254 1711 302 1755 τῇ
325 1710 390 1743 νῦν
415 1707 694 1758 ’[ερουσαλήμ.
757 1708 947 1754 Quorum
976 1709 1206 1747 verborum
1234 1721 1462 1759 germanus
1487 1709 1732 1747 intellectus
1759 1714 1837 1748 aut

253 1775 329 1811 ego
351 1762 477 1800 fallor
498 1766 575 1800 aut
596 1763 719 1813 longe
741 1763 935 1801 diuersus
956 1769 1022 1802 est
1045 1769 1137 1802 tum
1161 1777 1186 1801 a
1208 1765 1354 1809 veteri,
1377 1768 1471 1801 tum
1496 1777 1521 1801 a
1549 1768 1626 1802 tua
1654 1765 1834 1803 transla-

253 1818 380 1863 tione,
404 1830 534 1866 quam
556 1818 706 1856 itidem
729 1832 795 1857 me
819 1819 962 1857 videre
982 1832 1068 1857 non
1090 1820 1241 1870 piguit.
1293 1819 1405 1857 Nam
1427 1819 1606 1856 verbum
1632 1825 1838 1870 συστοιχεῖ

254 1885 389 1921 neque
412 1873 641 1911 coniuncta
661 1886 751 1911 esse
777 1873 999 1924 significat,
1022 1887 1159 1924 neque
1184 1874 1378 1919 confinia,
1402 1874 1765 1924 quemadmodum
1793 1880 1835 1913 te

253 1928 381 1964 miror
403 1929 674 1966 conuertisse.
726 1928 921 1978 σύστοιχα
943 1931 1068 1975 enim,
1092 1934 1140 1967 vt
1163 1929 1312 1967 multis
1334 1930 1376 1966 in
1398 1929 1499 1967 10018
1525 1929 1651 1967 docet
1672 1930 1834 1968 Aristo-

191 1989 233 2017 00
254 1981 368 2027 teles,
388 1987 489 2020 sunt
504 1996 612 2032 quae
627 1984 845 2033 quandam
864 1985 974 2023 inter
988 1998 1030 2022 se
1048 1985 1369 2035 proportionem
1387 1984 1635 2022 ordinemue
1653 1985 1833 2031 habent;

252 2041 295 2074 et
318 2037 416 2074 talis
444 2038 549 2075 ordo
577 2039 787 2088 συστοιχία
816 2041 974 2090 passim
1003 2040 1057 2077 ab
1086 2040 1234 2078 eodem
1262 2039 1517 2089 philosopho
1546 2044 1834 2090 nuncupatur,

253 2096 299 2129 vt
323 2093 363 2129 in
386 2093 523 2142 primo
544 2098 585 2130 et
610 2095 738 2132 tertio
761 2095 868 2133 libro
890 2095 941 2132 de
964 2095 1141 2145 physico
1162 2094 1327 2139 auditu,
1350 2099 1394 2132 et
1416 2095 1517 2132 item
1540 2095 1580 2132 in
1604 2096 1740 2144 primo
1758 2099 1837 2132 τῶν

252 2146 400 2196 ἠθικῶν
422 2151 501 2184 τῶν
522 2149 789 2198 ιἰκομαχείων
813 2152 886 2199 [et]
911 2150 1089 2199 aliisque
1110 2150 1321 2199 plerisque
1343 2150 1457 2187 loeis.

308 2201 389 2239 Sed
417 2215 665 2252 quanquam
696 2217 821 2242 nemo
850 2210 898 2242 vt
925 2205 1112 2243 arbitror
1143 2205 1206 2242 his
1231 2205 1372 2242 1011118
1403 2204 1668 2254 frequentius
1697 2206 1835 2243 vtitur

190 2268 231 2298 05
252 2269 381 2306 quam
405 2258 669 2300 Aristoteles
689 2264 835 2297 tamen
856 2259 1039 2298 Suidas
1030 2273 1217 2310 ipsorum
1236 2261 1322 2297 vim
1340 2260 1606 2309 apertissime
1629 2260 1830 2298 declarat.

250 2311 444 2361 σύστοιχα
465 2312 541 2361 γὰρ
563 2313 660 2380 φησι
681 2314 842 2364 λέγεται
863 2314 1051 2365 ἀλλήλοις
1075 2314 1125 2352 τὰ
1145 2314 1296 2364 ὁμοίως
1318 2313 1461 2364 ἔχοντα
1482 2314 1580 2364 πρός
1602 2331 1700 2360 τινα,
1722 2314 1747 2352 ἃ
1768 2315 1835 2352 καὶ

251 2366 354 2403 κατὰ
377 2367 592 2416 ἀιαλογιαι
614 2369 674 2418 εἴη
698 2369 755 2406 ἄν·
800 2370 866 2407 καὶ
888 2369 937 2407 τὰ
957 2369 1078 2407 λοιπὰ
1101 2374 1148 2407 vt
1178 2370 1281 2407 mihi
1307 2369 1423 2407 locus
1451 2371 1493 2407 in
1519 2369 1630 2407 hunc
1657 2370 1832 2408 modum

253 2423 361 2459 verti
402 2423 666 2460 commodius
702 2437 823 2474 posse
859 2425 1068 2470 videatur,
1105 2425 1219 2474 Agar
1252 2425 1363 2462 enim
1400 2424 1499 2463 Sina
1535 2438 1657 2462 mons
1692 2429 1756 2465 est
1789 2426 1830 2462 in

254 2476 421 2514 Arabia.
485 2478 561 2515 Est
602 2484 747 2517 autem
789 2480 978 2518 eiusdem
1020 2480 1198 2518 rationis
1231 2484 1363 2529 atque
1398 2493 1447 2517 ea
1480 2492 1590 2529 quae
1623 2493 1734 2517 nunc
1766 2485 1832 2517 est

191 2543 232 2572 70
252 2531 531 2570 Hierusalem.
594 2533 671 2570 Est
711 2536 822 2572 enim
857 2548 1025 2573 sensus:
1071 2533 1170 2572 Sina
1202 2547 1287 2584 quo
1318 2547 1392 2584 per
1431 2534 1610 2583 figuram
1651 2534 1832 2572 refertur

251 2586 364 2635 Agar
392 2600 513 2624 mons
541 2592 605 2625 est
633 2589 675 2626 in
703 2589 875 2635 Arabia,
904 2591 977 2639 qui
1006 2589 1195 2627 eiusdem
1226 2590 1404 2627 rationis
1433 2589 1708 2639 eiusdemque
1736 2603 1829 2640 pro-

296 2687 348 2725 38.
375 2686 542 2725 Galatas]
566 2687 758 2719 Galatians
778 2701 808 2729 4.
836 2698 885 2727 25.
936 2689 1007 2720 For
1076 2690 1120 2720 he
1153 2700 1249 2730 says,
1283 2690 1312 2719 is
1344 2689 1520 2720 rendered
1554 2690 1588 2719 in
1621 2700 1643 2719 a
1677 2699 1831 2720 manner

251 2731 314 2761 the
346 2730 529 2770 difficulty
561 2732 679 2762 raised
715 2743 773 2763 see
810 2734 873 2763 the
908 2744 1004 2764 eom-
1076 2736 1247 2774 ‘corrupt
1272 2733 1345 2763 and
1367 2738 1433 2764 0017
1456 2733 1682 2764 answerable
1705 2738 1744 2764 to
1767 2734 1830 2764 the

251 2778 422 2814 mentary
442 2775 479 2818 01
503 2775 544 2804 Ε.
569 2775 613 2805 de
638 2776 692 2806 W.
717 2777 863 2808 Burton
886 2778 923 2808 in
940 2778 1005 2808 the
1074 2778 1181 2808 truth
1195 2778 1232 2808 of
1250 2778 1314 2808 the
1328 2777 1495 2817 originall
1509 2777 1516 2789 ⁹
1533 2789 1540 2813 ;
1565 2778 1592 2808 it
1608 2778 1636 2807 is
1655 2780 1737 2807 ‘not
1750 2778 1830 2808 well

251 2819 513 2849 International
540 2819 688 2850 critical
713 2820 1004 2857 Commentaries,
1074 2821 1293 2857 translated,
1327 2831 1366 2852 as
1399 2822 1427 2852 it
1459 2831 1541 2851 now
1575 2821 1615 2856 is,
1645 2821 1829 2858 Bordretk,

250 2862 368 2892 which
394 2862 534 2893 follows
562 2864 625 2893 the
654 2865 942 2905 interpretation
967 2865 1005 2896 of
1073 2866 1218 2896 neither
1244 2866 1460 2905 expressing
1487 2865 1550 2896 the
1578 2865 1675 2895 force
1700 2865 1737 2895 of
1765 2866 1829 2896 the

250 2907 468 2947 Sepulveda.
518 2908 717 2938 Attention
735 2919 808 2939 was
830 2909 944 2939 called
966 2914 1006 2940 to
1075 2909 1208 2945 worde,
1231 2919 1298 2939 nor
1319 2909 1382 2940 the
1409 2909 1596 2949 Apostle's
1620 2919 1735 2943 801180,
1762 2920 1829 2940 001

250 2951 279 2980 it
296 2954 335 2980 at
354 2950 417 2981 1110
436 2951 629 2993 Hampton
651 2952 761 2982 Court
782 2953 1005 2983 Conference
1074 2953 1137 2984 the
1147 2953 1326 2983 situation
1337 2953 1374 2983 of
1384 2953 1446 2983 the
1457 2953 1828 2993 place'(seeP011ard,

250 2995 298 3034 by
316 2995 378 3024 Dr.
395 2995 604 3035 Reynolds;
632 2996 695 3026 the
709 2997 808 3027 word
827 3000 1005 3036 συστοιχεῖ,
1074 2997 1224 3028 Records
1244 2997 1282 3037 of
1295 2998 1349 3027 the
1367 2997 1515 3036 Enylz'sh
1535 2997 1646 3033 Biblo,
1666 3007 1702 3037 p.
1721 2998 1790 3036 46).
