1966 3379
100 109 219 156 2734]
444 105 515 144 To
545 105 787 143 GERARD
818 103 888 142 OF
918 103 1286 143 AssENDELFT
1589 104 1664 142 123

98 214 187 251 lari.
240 212 385 250 Habes
406 210 642 260 professum
663 221 830 254 nomen,
849 209 979 246 habes
1001 208 1197 245 clientem
1220 208 1298 245 tibi
1320 208 1524 253 deditum,
1548 209 1665 245 cuius

100 267 350 316 obsequium
372 266 405 303 si
422 278 506 318 (11131
528 265 568 301 111
588 277 629 301 re
648 264 831 300 volueris
848 264 1073 312 requirere,
1092 263 1193 300 faxo
1216 263 1438 312 intelligas,
1458 268 1506 299 vt
1528 263 1665 300 desint

97 322 250 365 omnia,
273 325 385 358 certe
408 323 651 369 promptam
672 322 716 355 et
738 319 973 355 accinctam
997 317 1268 355 voluntatem
1290 330 1374 354 non
1399 317 1594 354 defuisse.

153 375 334 413 Libebat
360 373 552 424 pluribus
580 377 721 410 tecum
749 385 884 422 agere,
910 372 982 409 sed
1011 371 1289 421 interpellant
1317 372 1494 409 labores.
1556 371 1665 408 Nam
1686 386 1726 417 45

98 434 266 481 practer
281 429 365 467 alia
380 429 620 472 minutiora,
636 427 782 465 eodem
798 431 988 476 tempore
1003 426 1276 463 excuduntur
1296 426 1486 463 Basileae
1504 425 1667 475 Adagia

99 486 265 534 aliquot
290 483 490 521 centuriis
518 487 658 526 aucta,
681 486 724 519 et
752 482 949 518 Lutetiae
975 481 1263 530 Hieronymus
1289 482 1360 517 vix
1389 480 1666 518 aestimandis

98 539 315 577 laboribus
343 539 426 575 iam
451 540 655 586 quartum
680 549 705 573 a
734 549 799 574 me
828 537 1080 585 recognitus.
1140 534 1253 585 Opto
1280 540 1321 572 te
1347 548 1441 572 cum
1471 535 1667 571 omnibus

99 594 179 632 tibi
200 593 337 630 charis
358 605 487 641 quam
508 592 789 641 prosperrime
812 591 964 628 valere.

153 648 314 685 Datum
342 646 458 696 apud
486 646 740 695 Friburguin
771 645 987 695 Brisgoiae
1016 649 1172 694 quarto
1197 644 1369 682 Calend.
1398 643 1666 681 Nouembris
1690 657 1730 686 50

98 703 225 740 Anno
246 712 484 744 Mpxxxn.

486 849 615 887 2735.
680 846 747 886 To
771 845 1010 894 Qmmsms
1032 845 1280 885 TALEsms.

148 938 245 972 Vita
264 937 422 971 Erasmi
442 949 479 981 p.
503 947 583 970 112.
1338 934 1543 978 Freiburg.

149 988 212 1021 02.
234 999 273 1032 p.
294 997 387 1038 25r:
417 986 543 1020 Lond.
565 998 658 1019 xxx.
679 988 747 1019 oo:
778 986 860 1019 LB.
885 994 990 1028 1237.
1255 995 1295 1027 31
1319 984 1494 1018 October
1517 993 1622 1026 1532.

143 1055 235 1092 [The
259 1054 451 1094 year-date
477 1054 506 1084 is
529 1053 729 1084 confirmed
756 1054 804 1093 by
828 1053 1059 1093 comparison
1086 1052 1175 1083 with
1202 1052 1271 1092 Ep.
1300 1061 1404 1091 2734;
1437 1051 1510 1082 and
1536 1051 1583 1091 by
1610 1051 1673 1081 the

98 1099 263 1129 mention
281 1098 319 1128 of
337 1098 400 1128 the
417 1098 531 1128 death
547 1098 585 1128 of
602 1097 805 1135 VVarha-rn]

166 1169 366 1196 ERASMVS
388 1168 713 1195 ROTERODAMVS
737 1167 1049 1194 ERVDITISSIMO
1072 1167 1176 1194 VIRO
1199 1167 1386 1199 QVIRINO
1408 1166 1603 1200 TALESIO,

328 1223 549 1250 INCLYTAE
571 1222 785 1250 ClVlTATIS
806 1222 1118 1249 HARLEMENSIS
1140 1221 1452 1248 PENSIONARIO.

154 1284 360 1322 SALVTEM
375 1283 620 1333 plurimum.
671 1282 793 1329 Quod
809 1283 930 1320 bonis
945 1283 1096 1320 auibus
1114 1295 1289 1320 onrem
1307 1287 1460 1319 nactus
1476 1295 1527 1319 ex
1545 1282 1675 1320 animi

100 1339 325 1381 sententia,
349 1339 405 1375 mi
427 1338 610 1384 Quirine,
632 1338 875 1375 mirandum
897 1338 939 1374 in
962 1337 1136 1375 modum
1158 1337 1343 1386 gaudeo:
1377 1338 1446 1386 qui
1471 1337 1575 1374 mihi
1595 1337 1674 1374 hoc

101 1395 270 1432 nomine
303 1393 443 1431 videre
484 1392 684 1438 foelicior,
721 1393 849 1442 quod,
886 1393 1009 1430 iuxta
1050 1396 1220 1442 poetam
1260 1392 1674 1441 epigrammaticum,

101 1449 216 1500 quod
233 1462 289 1493 es,
306 1461 396 1485 esse
420 1447 533 1485 velis.
577 1448 728 1485 Precor
750 1451 908 1492 autem,
927 1451 976 1484 vt
993 1447 1354 1496 quemadmodum
1379 1447 1444 1484 hic
1468 1447 1675 1484 Iunonem

101 1504 291 1542 habuisti
312 1503 558 1552 propitiam,
583 1503 643 1539 ita
664 1502 810 1539 faueat
838 1506 881 1539 et
908 1502 1083 1550 Ilythia.
1143 1501 1265 1547 Quod
1292 1501 1467 1539 viduam
1499 1501 1674 1545 duxisti,
1696 1507 1713 1536 5

100 1572 184 1596 non
212 1562 278 1595 est
305 1557 419 1607 quod
448 1562 490 1594 te
516 1558 746 1607 poeniteat.
807 1557 857 1594 Id
886 1556 1067 1601 malunt,
1090 1557 1161 1606 qui
1191 1569 1366 1593 vxorem
1389 1556 1443 1593 ad
1466 1569 1589 1593 Vsum
1618 1557 1676 1593 rei

101 1613 358 1651 domesticae
380 1612 544 1649 ducunt
568 1613 708 1661 potius
731 1624 859 1660 quam
877 1612 931 1649 ad
954 1611 1237 1661 voluptatem.
1298 1611 1355 1648 Et
1377 1611 1448 1660 qui
1469 1623 1601 1660 equos
1622 1610 1676 1648 ad

101 1681 225 1706 vsum
257 1671 482 1717 quaerunt,
515 1667 684 1704 malunt
714 1666 899 1703 domitos
927 1679 1056 1715 quam
1088 1666 1331 1703 indomitos.
1392 1665 1513 1711 Quod
1542 1666 1576 1703 si
1604 1665 1677 1703 illa

101 1724 247 1773 genuit
267 1723 396 1772 priori
418 1722 586 1766 marito,
605 1726 651 1758 tu
676 1721 818 1770 magni
840 1721 941 1758 mali
970 1725 1087 1758 metu
1110 1721 1315 1758 liberatus
1336 1733 1392 1765 es,
1414 1733 1466 1758 ne
1488 1720 1676 1758 sterilem

101 1778 285 1815 duxeris,
314 1777 457 1814 Morus
476 1776 578 1813 mihi
592 1788 896 1826 saepenumero
911 1788 1083 1813 narrare
1097 1775 1204 1813 solet
1219 1788 1273 1821 se,
1289 1776 1322 1812 si
1337 1779 1509 1813 eentum
1525 1787 1677 1813 vxores
1700 1789 1738 1810 10

102 1836 213 1870 esset
235 1831 456 1876 ducturus,
474 1831 636 1868 nullam
659 1831 890 1868 ducturum
909 1844 998 1868 esse
1016 1831 1240 1880 virginemn
1273 1843 1385 1868 nunc
1408 1830 1539 1868 habet
1556 1833 1676 1867 vetu-

102 1887 188 1925 lam
216 1887 395 1923 nimium
424 1887 641 1928 viuacem;
673 1898 781 1935 quae
803 1886 836 1923 si
859 1886 1093 1934 migrasset,
1115 1886 1327 1935 potuisset
1350 1885 1419 1922 ille
1447 1884 1677 1934 opulentis-

103 1943 232 1980 simae
254 1941 596 1990 clarissimaeque
618 1941 827 1978 foeminae
849 1941 1028 1978 maritus
1045 1953 1146 1978 esse.
1206 1940 1298 1977 Hoc
1322 1939 1578 1977 incommodi
1599 1943 1677 1984 est,

103 1996 217 2046 quod
248 1996 471 2046 episcopus
502 2008 723 2044 nunquam
754 2008 842 2032 esse
870 1996 1042 2045 poteris,
1070 1995 1151 2032 nisi
1179 1995 1295 2045 prius
1323 1994 1399 2032 fias
1429 1994 1676 2032 monachus.

104 2051 268 2089 Nactus
295 2054 340 2088 et
370 2050 555 2088 Leuinus
586 2063 704 2087 meus
736 2063 926 2095 vxorem,
955 2063 1103 2088 verum
1133 2054 1182 2087 vt
1214 2049 1414 2099 neglectis
1445 2050 1677 2087 amicorum
1702 2062 1738 2092 15

103 2106 291 2149 monitis,
315 2106 375 2142 ita
396 2118 547 2155 parum
570 2105 787 2143 foeliciter.
850 2105 934 2142 Res
955 2104 1091 2142 calide
1113 2108 1289 2154 peracta
1306 2108 1371 2142 est
1394 2104 1527 2154 magis
1549 2117 1678 2153 quam

104 2160 267 2198 callide.

159 2215 315 2253 Noster
337 2215 528 2251 Hilarius
557 2214 766 2264 Lugduno
788 2215 989 2264 migrauit
1011 2227 1107 2252 cum
1131 2227 1260 2251 vxore
1283 2227 1371 2259 sua,
1395 2214 1468 2251 sed
1490 2213 1679 2251 nondum

105 2270 239 2319 liquet
255 2282 351 2318 quo.
398 2269 580 2315 Quidam
598 2270 721 2307 aiunt
737 2270 779 2306 in
797 2269 982 2307 Italiam.
1029 2269 1126 2307 Non
1143 2269 1296 2306 refert:
1328 2269 1568 2318 vbicunque
1585 2269 1679 2312 erit,

106 2325 298 2362 Hilarius
317 2325 410 2361 erit.
472 2324 554 2361 Pro
576 2324 830 2361 munusculo
853 2328 952 2361 tuae
974 2325 1161 2373 coniugis
1183 2324 1364 2373 gratiam
1387 2323 1524 2361 habeo
1547 2323 1678 2360 maxi·
1702 2336 1742 2357 20

107 2392 241 2421 mam,
274 2379 457 2416 libenter
479 2379 702 2423 relaturus
721 2380 754 2416 si
771 2379 897 2416 detur
913 2379 1089 2416 occasio.
1151 2378 1365 2428 Scripsisti
1386 2382 1528 2422 noctu,
1552 2377 1679 2414 recla-

108 2439 253 2471 mante
294 2447 437 2471 vxorc.
498 2433 578 2470 Hic
620 2435 751 2470 risum
791 2447 874 2471 non
916 2434 1046 2471 tenui.
1108 2433 1166 2470 At
1206 2433 1450 2477 Montioius,
1484 2432 1681 2469 omnibus

108 2488 370 2538 pedissequis
393 2488 501 2525 male
527 2489 814 2537 precantibus,
837 2488 945 2525 solet
968 2492 1063 2537 post
1086 2488 1273 2525 medium
1303 2488 1439 2525 noctis
1463 2487 1604 2523 venire
1628 2485 1681 2522 ad

110 2543 279 2580 lectum.
339 2543 498 2579 Saltem
521 2543 579 2580 ibi
600 2545 784 2591 gustasti
812 2544 1078 2588 seruitutem,
1101 2542 1173 2579 sed
1200 2542 1269 2579 illa
1293 2543 1356 2579 ius
1379 2555 1500 2578 suuni
1532 2541 1682 2578 merito

110 2597 313 2647 postulat.
374 2597 495 2643 Quod
527 2597 665 2634 adhuc
697 2599 832 2647 spiras
861 2596 1043 2635 Galliam
1072 2610 1215 2634 amore
1244 2597 1496 2640 studiorum,
1527 2596 1598 2632 vbi
1624 2595 1681 2631 sie
1704 2608 1741 2637 :5

110 2652 338 2702 pupugcris
360 2651 432 2701 τὴν
452 2651 634 2689 σύνοικον
655 2656 740 2698 σοῦ,
764 2658 811 2690 vt
833 2652 892 2690 illi
915 2656 1161 2701 turgescant
1183 2652 1265 2697 ilia,
1288 2651 1410 2689 facile
1432 2649 1682 2700 impetrabis

539 2741 635 2771 2734.
662 2749 715 2779 50.
745 2741 844 2771 LN3:
872 2741 1052 2772 Noueinb.
1073 2741 1125 2771 Ν2
1142 2741 1253 2772 Lond.

156 2863 252 2892 27:35.
280 2871 309 2901 3.
336 2861 500 2902 poetam]
519 2861 627 2891 Mart.
650 2871 699 2892 10.
719 2871 770 2902 47.
793 2871 843 2892 12.
935 2872 1052 2891 seems
1077 2866 1116 2892 to
1142 2862 1235 2891 have
1256 2862 1345 2891 been
1366 2862 1399 2891 111
1420 2861 1541 2900 Lyons
1563 2871 1591 2891 c.
1620 2861 1680 2891 sm.

159 2914 208 2943 15.
236 2906 410 2943 Leuinus]
430 2906 494 2935 See
512 2905 581 2945 Ep.
602 2907 697 2944 2693.
937 2905 1028 2935 Nov.
1049 2906 1160 2945 (Epp.
1182 2906 1276 2944 2581.
1299 2907 1375 2937 ffin.
1396 2906 1505 2944 2743).

162 2950 210 2979 18.
240 2949 415 2987 Hilarius]
478 2949 718 2989 Bertulphus.
809 2949 867 2979 ΗΟ
982 2959 1034 2979 20.
1060 2949 1292 2987 munusculo]
1310 2949 1363 2979 Cf.
1384 2949 1452 2989 Ep.
1470 2957 1565 2987 2913.
1585 2957 1637 2987 34.
