1966 3379
93 123 214 173 2692]
523 120 594 159 ΤΟ
624 119 952 159 CORNELIUS
982 119 1238 158 AGRIPPA
1616 123 1667 159 69

93 227 323 265 laboribus.
375 226 528 275 Itaque
550 225 722 262 mallem
745 226 877 262 serius
899 225 954 262 ad
977 229 1019 262 te
1042 225 1223 262 scribere
1246 237 1374 273 quam
1398 226 1668 263 committere

92 287 142 319 vt
172 282 260 319 iure
285 281 403 330 queri
429 281 563 330 possis
591 284 633 318 te
662 292 747 317 non
776 280 985 329 accepisse
1012 281 1169 317 iustam
1199 279 1439 329 epistolam.
1500 280 1669 317 Bellum

92 349 188 374 cum
211 336 349 373 Turea
377 336 640 384 suscepimus
670 335 836 372 cunctis
864 334 975 371 male
1007 334 1312 372 ominantibus,
1373 334 1435 371 Eo
1467 334 1668 371 mittendi
1689 354 1706 383 5

92 395 216 429 erant
249 390 309 427 illi
342 390 507 427 robusti
540 389 661 426 bonis
697 389 904 426 lateribus
940 402 988 426 ac
1025 389 1130 426 bene
1167 388 1348 426 vocales.
1409 388 1523 425 Bene
1560 389 1668 434 vale,

92 445 258 483 Corneli
279 445 532 482 doctissime.
593 444 658 481 Ex
681 444 883 481 nundinis
906 444 1087 481 scribam
1110 447 1151 481 et
1175 443 1357 480 alacrius
1378 447 1421 480 et
1443 444 1667 492 copiosius.

148 499 354 549 Friburgi,
377 499 534 545 Iacobi,
558 499 682 536 Anno
706 508 823 546 1532.

452 686 659 726 26462693.
725 685 864 725 FROM
888 684 1133 725 NICHOLAS
1157 683 1305 725 OLAH.

141 776 368 821 Esterhazy
387 776 470 810 MS.
492 788 530 821 p.
554 787 637 820 234.
1382 775 1579 808 Brussels.

141 825 223 859 OE.
246 836 289 859 22
322 853 328 859 .
1327 827 1372 857 26
1391 824 1491 868 July
1514 834 1620 867 1532.

173 904 214 930 N.
239 903 340 930 OLAI
362 903 660 930 THESAVRARII
682 890 829 929 ALBES*
848 905 854 929 t
889 902 1150 929 SECRETARII
1173 902 1205 929 S.
1230 902 1269 929 R.
1294 902 1351 928 AD
1376 901 1587 928 ERASMVM

577 958 917 985 ROTERODAMVM
939 957 1183 984 RESPONSIO

147 1018 243 1056 CVM
274 1023 544 1069 expectarem
575 1018 756 1056 sollicite
786 1018 1009 1063 famulum,
1037 1030 1163 1067 quem
1190 1018 1417 1068 scripseras
1443 1022 1486 1055 te
1515 1030 1539 1054 a
1571 1017 1669 1054 Pas-

92 1074 217 1112 chate
238 1075 472 1124 praeterito
493 1074 574 1111 huc
593 1075 834 1119 missurum,
853 1074 926 1122 qui
943 1078 1059 1111 certa
1077 1073 1156 1110 tibi
1174 1073 1443 1111 renunciaret
1460 1076 1504 1110 et
1522 1072 1671 1110 nidum

92 1134 341 1179 prepararet
377 1129 643 1171 aduenturo:
685 1128 874 1178 nihilque
909 1129 1073 1166 interea
1111 1128 1167 1165 ad
1209 1132 1307 1166 tuas
1348 1128 1516 1165 litt-eras
1553 1128 1672 1177 prius

93 1185 324 1234 cogitarem
347 1184 583 1229 rescribere,
607 1188 656 1221 vt
678 1197 703 1221 a
724 1184 930 1221 seruitore
952 1184 1098 1233 poeuis
1127 1187 1204 1220 tuo
1230 1183 1433 1221 redeunte
1462 1195 1591 1232 quam
1620 1195 1671 1219 ex

93 1238 247 1276 litteris
269 1252 407 1276 meam
429 1239 699 1276 voluntatem
721 1243 765 1276 et
792 1238 888 1281 alia,
918 1251 1025 1287 quae
1054 1238 1108 1275 ad
1137 1251 1225 1275 rem
1248 1242 1369 1275 tuam
1392 1238 1670 1288 pertinerent,
1692 1252 1710 1282 5

93 1306 388 1344 cognosceres:
420 1307 514 1331 ecce
545 1298 716 1344 praesto
745 1293 849 1330 mihi
873 1293 954 1330 fuit
985 1292 1182 1331 Gandaui
1214 1292 1429 1330 Gerardus
1461 1292 1672 1330 Henricus

93 1349 479 1387 Amsterdamensis
500 1349 688 1386 medicus
710 1361 806 1386 eum
829 1348 915 1386 tuis
936 1348 1104 1386 litteris.
1165 1347 1257 1394 Quo
1279 1349 1370 1385 viso
1391 1348 1564 1397 gauisus
1587 1360 1672 1385 non

92 1416 245 1454 parum
268 1405 406 1454 primo
427 1404 604 1447 fueram,
631 1404 869 1441 arbitratus
897 1416 993 1441 eum
1022 1416 1111 1441 esse
1139 1407 1265 1441 tuum
1295 1403 1415 1440 illum
1445 1402 1671 1447 famulum,

94 1472 219 1508 quem
242 1463 284 1496 te
306 1459 387 1497 hue
409 1460 638 1497 missurum
660 1471 752 1496 eras
774 1458 1003 1508 pollicitus.
1058 1458 1213 1496 Verum
1232 1471 1328 1496 cum
1345 1462 1389 1496 et
1411 1458 1556 1495 literas
1574 1462 1672 1495 tuas

94 1513 299 1564 legissem,
320 1519 364 1551 et
385 1527 480 1552 cum
502 1527 551 1552 eo
573 1514 746 1551 fuissem
769 1519 861 1551 tum
885 1514 937 1551 de
960 1518 1014 1559 te,
1045 1517 1139 1550 tum
1168 1513 1220 1550 de
1249 1514 1380 1563 ipsius
1402 1513 1541 1556 rebus,
1565 1526 1672 1562 quas
1695 1528 1734 1549 10

94 1569 208 1618 apud
244 1582 309 1606 me
345 1569 512 1619 agebat,
549 1569 728 1614 loeutus,
766 1570 946 1619 cognoui
982 1581 1048 1606 me
1088 1568 1249 1606 frustra
1290 1569 1486 1618 gauisum
1528 1568 1671 1606 fuisse.

94 1624 223 1661 Nolui
245 1626 374 1674 igitur
401 1625 682 1667 commit-tere,
711 1625 815 1673 quin
843 1628 941 1674 post
968 1624 1217 1673 ademptam
1246 1624 1460 1661 aduentus
1489 1623 1673 1661 hominis

94 1679 158 1716 tui
179 1680 522 1729 expectationem
545 1679 710 1716 diucius
731 1679 908 1716 silerem.

149 1733 304 1772 Scribis
340 1734 474 1772 literis
509 1735 596 1772 tuis
631 1735 709 1772 tibi
740 1747 829 1771 esse
861 1747 1115 1784 magnopere
1145 1738 1330 1783 gratum,
1364 1733 1478 1783 quod
1511 1733 1673 1771 Leuino

94 1789 316 1827 adfuerim.
377 1789 474 1826 Non
502 1790 539 1827 ei
567 1789 718 1831 solum,
751 1790 870 1826 cuius
899 1789 1083 1826 eruditio
1110 1793 1154 1826 et
1183 1802 1322 1826 mores
1347 1790 1433 1826 iam
1456 1789 1559 1826 mihi
1582 1801 1671 1838 per-
1696 1803 1733 1833 15

95 1845 228 1894 specti
251 1849 364 1888 sunt,
387 1845 458 1882 sed
482 1844 629 1882 multis
654 1844 917 1889 eciam‘aliis
941 1856 1047 1893 quos
1073 1849 1122 1881 tu
1147 1844 1435 1885 commendas,
1459 1848 1672 1893 quantum

95 1900 136 1936 in
169 1912 235 1937 me
267 1901 359 1945 erit,
393 1912 485 1937 sum
518 1912 595 1949 pro
625 1912 746 1949 posse
775 1912 869 1937 meo
898 1899 1142 1937 adfuturus.
1202 1898 1279 1937 Cui
1308 1899 1480 1948 quidem
1512 1898 1674 1936 Leuino

95 1955 242 1991 curaui
273 1960 320 1992 vt
354 1954 542 2003 Reginae
579 1955 750 1991 nomine
781 1954 958 2004 singulis
991 1954 1141 1991 diebus
1175 1959 1272 1992 octo
1306 1955 1439 2004 grossi
1476 1967 1671 1991 numera-

96 2013 256 2054 rentur,
280 2010 443 2046 interea
467 2009 570 2046 dum
602 2009 768 2058 aliquis,
798 2010 1034 2059 praereptis
1065 2009 1158 2046 aliis
1188 2022 1300 2046 nunc
1329 2009 1529 2046 omnibus
1558 2009 1673 2058 apud

97 2064 304 2114 Reginam
331 2065 489 2107 officiis,
513 2069 654 2102 status
681 2065 718 2101 ei
746 2065 1082 2109 00111101110111101,
1107 2064 1158 2101 (10
1187 2078 1272 2113 quo
1298 2064 1515 2114 prouideri
1537 2065 1671 2114 possit
1695 2078 1734 2098 20

95 2123 328 2156 vacaturus
350 2124 473 2156 esset.
535 2119 667 2165 Quem
684 2119 856 2165 Regina
878 2119 993 2169 apud
1016 2132 1082 2156 me
1105 2119 1290 2168 reliquit,
1314 2124 1361 2156 vt
1386 2121 1428 2156 in
1452 2119 1577 2156 rebus
1603 2132 1671 2156 ex-

94 2174 314 2223 pediendis
335 2175 424 2211 eius
447 2179 544 2211 vtar
566 2187 706 2224 opera.
767 2174 860 2220 Quo
877 2174 1012 2212 indies
1030 2179 1128 2211 vtor
1144 2174 1427 2219 familiariter,
1446 2179 1539 2211 tum
1558 2174 1672 2223 quod

96 2233 198 2266 tuus
225 2234 289 2267 est
315 2229 516 2266 alumnus
543 2235 587 2266 ct
616 2242 689 2278 per
717 2234 759 2266 te
788 2229 1128 2273 commendatus,
1158 2234 1251 2266 tum
1278 2229 1393 2278 quod
1422 2229 1526 2266 nihil
1554 2230 1596 2266 111
1625 2242 1674 2266 00

97 2284 232 2327 video,
256 2284 369 2333 quod
392 2290 500 2321 esset
525 2297 781 2334 magnopere
803 2284 1099 2321 dcuitandum.

151 2338 231 2376 Sed
255 2339 357 2376 heus
380 2339 492 2383 audi,
525 2339 628 2388 quid
657 2340 897 2389 contigerit.
958 2339 1105 2389 Nuper
1133 2339 1237 2377 dum
1266 2339 1541 2389 perlustratis
1571 2339 1671 2376 Bra·
1695 2352 1733 2381 25

97 2393 268 2431 bantiae
291 2399 333 2431 et
361 2394 583 2431 Flandriae
606 2394 773 2444 oppidis
799 2407 895 2431 cum
926 2393 1089 2443 Regina
1112 2395 1377 2431 venissemus
1399 2394 1671 2435 Gandauum,

97 2461 196 2486 casu
225 2454 429 2498 exceptus
458 2449 517 2486 fui
545 2449 733 2498 hospicio
763 2450 804 2486 in
833 2449 960 2487 domo
987 2449 1196 2486 Anthonii
1224 2448 1381 2486 Clauae
1404 2449 1529 2490 illius,
1554 2450 1673 2485 cuius

97 2504 404 2541 consuetudine
427 2504 541 2545 olim,
564 2504 665 2541 dum
689 2504 758 2541 ille
780 2505 960 2547 viueret,
990 2509 1032 2541 te
1058 2517 1180 2541 Vsum
1204 2503 1334 2541 fuisse
1364 2504 1568 2541 intellexi.
1632 2503 1673 2539 Is

97 2571 147 2595 ex
170 2557 255 2596 filia
281 2563 453 2608 neptem
478 2559 646 2608 reliquit
671 2572 806 2596 annos
835 2563 981 2596 natam
1011 2559 1155 2596 decem
1185 2564 1229 2596 et
1258 2564 1356 2596 octo
1386 2558 1451 2596 vel
1481 2559 1670 2595 circiter:

99 2613 302 2661 virginem
336 2626 418 2651 non
451 2613 698 2659 deformem,
728 2614 918 2651 honestis
951 2614 1140 2651 moribus
1168 2618 1224 2654 et,
1258 2619 1305 2651 vt
1337 2613 1439 2650 mihi
1473 2614 1560 2650 visa
1593 2617 1671 2655 est,
1694 2626 1734 2655 30

99 2680 182 2705 non
207 2669 353 2718 paucis
379 2673 576 2706 ornatam
599 2669 730 2706 animi
752 2669 938 2706 dotibus.
992 2669 1131 2706 Huius
1148 2670 1328 2706 vitricus
1349 2674 1411 2706 est
1439 2669 1673 2705 Damianus

144 2756 240 2786 2693.
271 2760 319 2787 10.
348 2757 473 2788 multis
491 2758 726 2797 scripsimus:
754 2757 862 2788 nullis
879 2757 961 2788 MS.
1143 2767 1192 2796 17.
1219 2757 1419 2788 adfuturus
1437 2757 1671 2795 scripsimus:

98 2799 295 2831 defuturus
312 2801 394 2831 MS.

144 2888 564 2926 2693.(›.Gerardus]Seo
577 2889 646 2929 Ep.
663 2892 847 2930 20454111.
919 2889 1138 2920 Vissenacus
1161 2888 1213 2925 (of
1235 2889 1406 2918 vissonm:
1431 2889 1465 2917 in
1492 2888 1672 2919 Brubant:

144 2941 196 2971 27.
222 2932 369 2970 Clauao]
389 2933 454 2963 See
472 2933 541 2973 Ep.
565 2942 637 2972 175.
659 2943 734 2963 1011.
919 2933 1032 2963 called
1050 2933 1126 2963 also
1146 2932 1433 2972 Decapolitnnus
1453 2931 1673 2961 111111Βο1·οο-

144 2985 196 3014 31.
223 2976 440 3014 Damianus]
468 2977 615 3007 Tertius
648 2977 852 3007 Damianus
919 2977 1173 3017 copolitunus2
1209 2979 1221 3006 ¹?
1251 2977 1342 3006 [rom
1369 2976 1514 3008 Dieuzc,
1542 2975 1673 3004 Decem
