1966 3379
65 154 186 201 2700]
486 149 557 188 TO
587 148 848 187 CHARLES
879 147 1195 186 UTENHOVE
1572 149 1619 186 81

65 258 315 295 habeantur.
374 255 515 303 Atque
546 255 588 291 in
619 253 848 302 longinqua
878 252 1138 302 profectione
1166 252 1361 301 flagitant
1389 253 1623 301 pecuniam,
1646 267 1686 296 70

64 325 192 361 quam
213 309 388 348 linteolo
410 314 550 346 tamen
573 309 802 357 excipiunt,
825 320 909 344 non
937 307 1192 355 contingunt
1217 306 1331 343 nuda
1356 312 1464 344 cute.
1525 307 1625 352 Quis

65 367 142 403 hoc
164 365 364 402 cordatus
385 364 544 412 absque
566 364 648 400 risu
674 363 814 399 videre
836 362 970 411 possit
985 365 1000 398 ⁴?

121 420 211 457 Iam
243 424 286 456 et
316 418 420 455 illud
451 431 476 454 a
512 417 726 454 nonnullis
762 420 977 466 repertum
1012 419 1086 459 est„
1124 415 1385 464 persuadent
1417 415 1623 454 diuitibus

66 475 273 524 imperitis
304 473 489 510 animam
517 471 740 520 agentibus
768 483 853 508 non
881 475 1052 508 tantum
1083 474 1131 506 vt
1156 470 1416 519 sepeliantur
1444 471 1485 506 in
1507 476 1623 507 veste

65 529 357 572 Franciscana,
386 527 571 575 dataque
600 526 790 563 mercede
818 526 993 562 veniant
1014 525 1055 561 in
1077 525 1336 562 consortium
1359 525 1547 561 omnium
1570 525 1623 562 ab
1645 537 1683 567 75

64 583 209 620 ordine
248 583 351 619 bene
393 585 622 631 gestorum,
666 580 946 618 verumetiam
979 583 1028 616 vt
1064 583 1322 616 testamento
1361 580 1425 615 ius
1465 579 1624 616 faciant

64 638 260 675 omnibus
287 641 330 674 et
358 635 532 684 singulis
560 636 632 684 qui
661 635 711 672 de
739 647 860 684 grege
889 638 987 671 sunt
1017 633 1348 671 Obseruantium
1376 633 1428 670 ad
1456 633 1623 671 illorum

64 692 188 729 aedes
216 690 469 733 diuertendi,
492 690 655 727 vocatis
683 694 726 727 et
754 689 963 727 inuocatis
994 692 1041 725 vt
1072 689 1127 725 sit
1158 688 1284 725 locus.
1345 687 1404 724 Ac
1436 689 1620 737 primum

64 747 130 784 1110
165 745 334 783 haeredi
369 758 445 782 sua
478 745 665 789 libertas,
702 757 829 793 quam
865 756 964 781 suae
1006 744 1156 792 cuique
1192 743 1306 780 domi
1342 742 1505 780 saluam
1535 755 1624 780 esse

63 814 139 851 par
168 804 245 845 est,
276 800 466 849 eripitur,
496 803 663 848 praeter
692 803 870 836 naturae
900 799 963 835 ius
999 811 1046 835 ac
1082 797 1216 834 ciuile.
1263 798 1329 834 An
1365 810 1449 834 non
1483 798 1624 846 grauis
1644 801 1686 830 80

62 860 127 893 est
162 855 358 897 seruitus,
395 854 606 891 hominem
640 854 706 890 cui
742 857 841 890 sunt
876 853 1007 897 liberi,
1044 851 1331 889 adolescentes
1364 865 1411 889 ac
1445 851 1622 901 puellae,

64 923 171 947 vxor
210 910 363 947 aetatis
404 909 604 957 integrae,
640 908 988 957 pedissequarum
1030 907 1196 951 chorus,
1230 907 1486 943 obstrictum
1521 920 1622 951 esse,

63 965 140 1009 vti,
173 964 276 1001 velit
306 964 427 1007 nolit,
459 962 636 1000 subinde
665 963 840 1011 recipiat
868 963 909 999 in
938 962 1060 999 aedes
1091 974 1188 998 suas
1221 961 1409 999 homines
1442 963 1623 1010 ignotos,

63 1019 290 1068 Hispanos,
337 1018 482 1061 Italos,
523 1017 680 1061 Gallos
721 1017 890 1066 Anglos,
925 1016 1084 1060 Scotos⁷
1126 1016 1350 1057 Hibernos,
1391 1016 1624 1053 Germanos

63 1078 106 1111 et
139 1073 280 1117 Indos,
313 1073 479 1109 etiamsi
512 1073 553 1109 in
585 1072 732 1109 eadem
765 1072 940 1108 ciuitate
973 1071 1160 1108 habeant
1194 1069 1407 1120 Seraphiei
1439 1070 1625 1107 sodalitii
1645 1075 1684 1113 85

64 1128 399 1165 monasterium?
468 1126 533 1163 An
562 1139 643 1163 non
674 1127 865 1164 videmus
891 1130 1053 1175 quanta
1081 1126 1275 1162 cautione
1304 1130 1453 1162 curent
1475 1126 1552 1174 ipsi
1575 1138 1624 1162 ne

63 1184 156 1232 quis
177 1196 198 1219 e
220 1183 373 1219 vicinia
395 1181 699 1230 qualiscunque
722 1185 969 1230 prospectus
991 1181 1045 1217 sit
1063 1181 1104 1217 in
1124 1181 1313 1229 ipsorum
1336 1181 1623 1217 monasteria?

63 1250 168 1286 quas
197 1237 292 1274 hinc
321 1237 617 1285 querimonias,
641 1249 746 1284 quas
768 1235 1007 1284 tragoedias
1036 1239 1267 1272 moueant?
1315 1234 1523 1272 Ethnicus
1554 1234 1623 1271 ille

62 1292 184 1329 fabro
212 1291 363 1328 talenti
392 1290 581 1328 mercede
610 1291 825 1339 pollicenti
853 1303 894 1327 se
922 1290 1174 1327 effecturum
1202 1302 1253 1327 ne
1282 1289 1391 1326 vllus
1421 1290 1462 1326 in
1494 1290 1623 1339 ipsius

62 1346 185 1383 aedes
216 1359 237 1383 e
269 1346 420 1382 vicinia
455 1350 703 1395 prospectus
739 1349 860 1385 esset,
893 1345 1037 1382 decem
1071 1344 1237 1381 talenta
1269 1343 1441 1385 obtulit,
1474 1344 1507 1380 si
1540 1357 1623 1392 qua
1643 1358 1685 1384 90

62 1405 205 1450 posset
226 1401 384 1437 efficere
407 1404 467 1445 vt,
490 1400 691 1449 quicquid
717 1401 757 1437 in
786 1399 962 1437 aedibus
991 1400 1076 1436 suis
1096 1402 1251 1448 ageret,
1266 1399 1462 1436 omnibus
1478 1399 1625 1436 vicinis

61 1460 171 1493 esset
188 1456 474 1504 conspicuum.

109 1510 273 1555 Dicent,
294 1510 482 1546 homines
500 1522 656 1546 sumus.
691 1509 898 1558 Agnosco,
916 1521 990 1546 nee
1009 1508 1090 1545 illis
1108 1508 1258 1546 obiicio
1276 1508 1389 1557 quod
1408 1507 1623 1557 Seraphici

61 1564 247 1614 gaudent
264 1564 480 1614 appellari.
505 1564 561 1601 At
576 1563 676 1613 quid
692 1564 924 1613 opinantur
938 1564 1030 1601 illos
1043 1567 1305 1611 χαμαιπετεῖς
1321 1563 1422 1612 pati,
1435 1563 1506 1611 qui
1522 1575 1622 1611 quo-

63 1619 165 1656 tidie
191 1632 324 1656 nouos
353 1619 540 1668 hospites
568 1620 734 1668 ignotos
761 1623 804 1655 et
832 1618 1121 1668 inexploratos
1150 1623 1360 1667 coguntur
1388 1619 1428 1654 in
1452 1618 1624 1654 intimas
1643 1630 1684 1660 95

61 1674 185 1711 aedes
198 1674 391 1723 recipere,
405 1675 477 1723 qui
491 1674 524 1710 si
539 1673 639 1722 quid
655 1673 738 1710 illic
753 1673 930 1710 audiant
945 1673 1185 1717 videantue,
1198 1673 1332 1710 veluti
1348 1672 1538 1710 Cereales
1552 1685 1625 1721 per

62 1729 206 1765 orbem
228 1729 530 1765 disseminent?
590 1727 748 1765 Saltem
770 1741 820 1764 ex
843 1740 918 1765 suo
940 1729 1126 1777 ipsorum
1153 1740 1275 1764 sensu
1298 1727 1490 1776 oportuit
1511 1727 1625 1763 viros

63 1783 294 1832 prudentes
308 1783 488 1820 aliorum
506 1783 684 1820 affectus
698 1783 953 1820 existimare.
988 1783 1078 1819 Iam
1094 1782 1215 1819 facile
1230 1782 1427 1819 diuinant
1444 1782 1483 1818 in
1500 1785 1625 1818 tanta

62 1838 188 1875 turba
211 1850 293 1875 non
316 1850 460 1874 omnes
481 1851 568 1875 esse
590 1838 705 1887 puris
723 1837 922 1881 moribus,
941 1850 1071 1886 quum
1094 1837 1337 1886 frequenter
1355 1837 1395 1873 in
1413 1836 1623 1873 diuersam

63 1893 273 1942 regionem
286 1892 524 1941 relegentur
535 1892 587 1929 ob
599 1892 639 1929 id
651 1892 764 1941 quod
779 1892 880 1929 alibi
892 1894 1041 1941 parum
1053 1891 1289 1929 verecunde
1305 1904 1392 1928 sese
1407 1891 1621 1940 gesserint.
1647 1904 1707 1925 IOO

62 1947 202 1996 Atque
231 1951 276 1983 vt
308 1948 490 1984 maxime
518 1948 603 1984 sint
631 1947 688 1996 pii
717 1960 875 1992 omnes,
898 1947 983 1984 sint
1012 1947 1151 1989 sobrii,
1174 1947 1258 1983 sint
1286 1947 1404 1990 casti,
1435 1946 1624 1982 homines

63 2006 206 2039 tamen
235 2006 347 2045 sunt,
370 2001 545 2039 eandem
575 2014 742 2038 carnem
773 2001 1117 2038 circumferentes
1145 2014 1273 2050 quam
1302 2000 1383 2038 alii.
1444 2000 1624 2037 Proinde

64 2069 144 2093 non
175 2057 303 2093 miror
330 2069 419 2093 esse
447 2057 518 2105 qui
549 2057 625 2093 hac
654 2057 723 2093 via
755 2057 894 2093 ventri
926 2069 1002 2093 suo
1032 2056 1372 2106 prospiciendum
1402 2055 1620 2104 putarint:

62 2111 165 2148 illud
192 2111 375 2148 demiror
402 2115 597 2160 satrapas
625 2111 783 2148 ordinis
812 2112 974 2160 perpeti
1003 2115 1050 2148 vt
1078 2111 1232 2148 fratres
1261 2114 1305 2147 et
1333 2110 1425 2147 aliis
1456 2109 1622 2146 molesti

61 2167 145 2202 sint
174 2170 217 2202 et
248 2166 326 2215 ipsi
361 2170 484 2203 tanto
518 2166 702 2215 periculo
731 2170 1013 2215 exponantur.
1075 2165 1170 2202 Non
1200 2166 1311 2202 enim
1345 2165 1409 2201 1110
1446 2164 1622 2202 referam
1647 2178 1705 2206 105

61 2220 228 2257 fabulas
256 2233 361 2268 quas
392 2220 518 2269 vulgo
548 2225 725 2258 narrant
757 2221 783 2257 ii
814 2221 885 2269 qui
917 2220 1024 2258 tales
1056 2221 1244 2270 hospites
1276 2221 1317 2256 in
1346 2219 1623 2257 domesticam

61 2275 301 2312 admittunt
323 2274 672 2312 familiaritatem.

116 2330 278 2373 Dicent,
295 2330 407 2378 cogit
424 2330 662 2367 necessitas.
694 2329 751 2366 At
765 2343 811 2367 ea
832 2330 977 2366 multis
993 2329 1231 2367 rationibus
1248 2329 1313 2366 vel
1330 2328 1423 2366 tolli
1438 2328 1503 2366 vel
1519 2332 1621 2365 tein-

62 2385 196 2433 perari
220 2388 401 2433 poterat,
464 2385 652 2421 Primum
681 2385 782 2433 quid
805 2398 910 2434 opus
932 2388 999 2422 tot
1019 2385 1214 2421 examina
1238 2397 1403 2421 sursum
1426 2384 1621 2420 deorsum

62 2452 134 2488 per
156 2438 297 2475 orbem
323 2440 497 2485 vagari?
556 2439 651 2476 Non
674 2452 820 2476 omnes
848 2444 981 2485 agunt
998 2440 1218 2485 negocium
1234 2438 1551 2485 Euangelicum.
1575 2451 1622 2474 ae
1648 2451 1705 2471 110

61 2506 205 2530 vereor
219 2505 269 2529 ne
285 2494 418 2542 pauci.
448 2494 552 2531 Dein
568 2495 701 2540 magis
715 2494 994 2531 conueniebat
1012 2498 1060 2531 vt
1077 2494 1129 2530 ad
1148 2495 1210 2530 sui
1227 2494 1361 2541 gregis
1378 2493 1531 2529 fratres
1546 2497 1619 2528 aut

61 2561 221 2585 sorores
239 2547 512 2585 diuerterent.
536 2548 614 2585 Sed
633 2549 785 2585 nolunt
799 2562 974 2597 grauare
992 2562 1100 2585 suos.
1125 2548 1177 2585 At
1196 2548 1236 2585 id
1252 2560 1481 2597 grauainen
1502 2547 1622 2583 facile

62 2607 231 2649 poterat
247 2615 390 2639 corum
415 2603 672 2642 liberalitate
696 2604 872 2652 pensari,
897 2604 937 2639 in
959 2616 1139 2652 quorum
1162 2602 1285 2639 aedes
1308 2615 1416 2639 nunc
1441 2603 1620 2641 irruunt,

63 2661 109 2693 vt
130 2657 431 2706 excipientium
453 2659 572 2705 graui
596 2658 802 2702 molestia,
827 2659 886 2695 ita
907 2671 982 2695 suo
1005 2659 1190 2707 ipsorum
1215 2670 1297 2694 11011
1319 2657 1400 2693 10111
1422 2655 1619 2705 periculo.

61 2711 155 2748 Non
187 2711 252 2748 1110
284 2713 494 2760 requiram
529 2711 799 2761 Serapliicam
832 2712 946 2749 illam
977 2713 1231 2749 charitatem
1263 2712 1302 2748 in
1337 2711 1399 2747 liis
1428 2711 1704 2759 quisuae115

60 2766 330 2815 professionis
359 2766 599 2803 hominibus
628 2771 785 2815 negant
807 2767 1052 2817 hospitium,
1076 2767 1322 2816 praesertim
1353 2778 1482 2813 quum
1515 2764 1621 2801 tales

221 2847 292 2867 101.
317 2838 391 2868 sint
409 2843 489 2868 unte
509 2839 556 2878 pii
578 2838 647 2868 3⁷2:
674 2842 759 2869 sunt
783 2839 880 2869 KN-ss.
1023 2847 1092 2876 105.
1121 2838 1174 2867 N:
1203 2842 1391 2867 nari-arant
1421 2837 1462 2865 Κ.

103 2958 155 2987 88.
183 2958 377 2994 Etlinivusl
406 2958 529 2987 Livius
557 2959 713 2991 Drusus-2
748 2969 805 2987 sec
917 2962 971 2989 (ν’).
998 2956 1391 2993 Fornulos]s‹=.af‹l1'lc.<.
1426 2955 1621 2993 SeeDi'ffrsl

60 3001 376 3040 ΑβορΙΛΙιεγῃηιιῖιι,
396 3002 466 3031 1]Ιί,
487 3002 532 3031 iv.
553 3011 651 3040 30011.
882 3011 907 3031 1.
928 3011 953 3031 2.
972 3011 1032 3040 32:
1064 3002 1128 3031 Dio
1148 3003 1243 3031 (fuss.
1261 3009 1312 3039 43.
1330 3009 1380 3037 5¹-

102 3075 223 3106 452.1o
835 3068 860 3094 G
