1966 3379
108 127 227 174 2773]
618 122 688 160 To
720 122 827 159 ALL
857 119 1146 159 SCHOLARS
1588 117 1662 155 169

105 228 278 271 felicius,
309 226 557 276 gratulabor
592 225 886 262 communibus
915 223 1078 267 studiis,
1110 227 1152 259 et
1183 223 1225 258 in
1256 222 1319 258 his
1350 222 1452 258 mihi
1482 234 1661 270 quoque.
1686 235 1744 264 115

106 282 192 319 Nee
214 281 420 318 addubito
441 281 541 329 quin
573 280 650 316 hoe
681 279 868 316 seculum
898 277 1104 327 plurimos
1135 276 1292 313 habeat
1314 277 1484 313 iuuenes
1505 277 1577 324 qui
1598 288 1663 312 me

107 336 309 373 valeant
300 348 341 372 in
363 335 439 372 hoe
456 334 594 371 stadio
608 345 899 383 praecurrere:
923 331 1065 381 palma
1086 332 1127 367 in
1150 330 1286 367 medio
1307 334 1383 374 est,
1402 331 1577 378 arripiat
1592 330 1663 378 qui

107 395 258 439 potest.

161 443 239 481 Sed
255 444 305 480 de
320 443 382 480 his
397 443 517 492 plura
532 455 657 490 quam
673 445 919 478 statue1ani
962 440 1100 477 Vnum
1117 444 1181 476 est
1197 440 1238 475 in
1253 451 1336 487 quo
1354 438 1456 474 milii
1473 438 1665 474 fortassis

107 511 212 548 opus
236 499 316 535 elit
341 497 509 534 lectoris
537 497 778 545 aequitate3
807 495 1008 543 quoniam
1039 494 1166 531 toties
1190 506 1242 530 ex
1268 492 1403 541 longis
1429 491 1665 528 interuallis
1688 506 1748 527 120

107 553 295 590 aeditum
318 556 383 588 est
404 551 480 588 hoo
503 563 619 600 opus,
641 563 724 587 non
745 549 929 586 arbitror
951 548 1106 596 vbique
1129 549 1315 584 vitatum
1346 559 1395 583 ne
1417 550 1666 594 repetantur

106 606 265 643 eadem.
309 606 423 649 Vale,
445 605 634 654 quisquis
656 617 710 649 eS,
733 605 865 640 amic-e
889 603 1050 639 Lector.

482 850 610 887 2774.
675 846 741 885 To
764 845 894 885 JOHN
919 845 1291 884 PAUNGARTNER.

158 937 325 980 Aliquot
344 936 546 970 Homiliae
565 935 840 979 Chrysostomi
861 935 905 968 f0.
931 935 978 968 *2.
1364 932 1568 975 Freiburg.

159 987 288 1068 Erit}
293 985 493 1077 (LpiiOIr—r:5
501 995 604 1029 1540.
626 985 706 1018 viii.
732 993 820 1027 117:
849 984 974 1017 Lond.
997 983 1102 1016 xxix.
1125 984 1192 1024 85:
1316 992 1329 1014 1
1352 981 1491 1016 March
1514 990 1618 1022 1533.

154 1102 244 1139 [The
268 1101 413 1141 prefaee
438 1105 476 1132 to
502 1101 646 1139 Aliquot
668 1100 845 1131 Homilzae
866 1100 958 1130 Dzuz'
982 1099 1134 1129 Ioannis
1159 1098 1412 1137 Chrysostomz',
1437 1098 1483 1127 acl
1504 1097 1670 1136 pietatcm

109 1155 326 1184 summopeoe
340 1145 586 1177 conducsziles
600 1154 695 1175 nunc
708 1154 867 1183 primum
887 1149 916 1173 et
932 1153 1049 1173 tersae
1066 1148 1094 1173 et
1111 1143 1235 1175 ediQtae
1251 1152 1314 1181 per
1327 1141 1518 1171 Erasmum
1532 1140 1670 1170 Rotero-

108 1190 266 1223 domum,
286 1188 403 1223 Basle,
420 1188 575 1223 Froben,
594 1197 694 1227 1533:
721 1188 933 1236 containing
944 1187 995 1217 De
1009 1187 1151 1216 Daniele
1168 1191 1197 1216 et
1214 1185 1322 1216 Saule
1336 1185 1440 1224 deque
1454 1184 1668 1215 Tolerantia.

109 1233 225 1263 These
246 1232 411 1262 hornilies
431 1242 524 1262 were
544 1232 731 1272 reprinted
753 1232 787 1261 in
812 1231 997 1261 Erasmus'
1016 1230 1141 1269 Opera,
1165 1229 1284 1263 Baslo,
1307 1229 1462 1263 Froben,
1484 1237 1577 1267 1540,
1596 1227 1669 1257 viii.

113 1286 191 1313 119;
217 1275 290 1306 and
308 1276 343 1305 in
361 1275 433 1305 LB.
452 1276 526 1305 viii.
548 1275 634 1314 137.]

233 1345 523 1372 ORNATISSIMO
546 1345 649 1372 VIRO
672 1345 826 1371 IOANNI
850 1343 1205 1371 PAVNGARTNERO
1228 1343 1320 1369 DES.
1346 1342 1544 1368 ERASMVS

667 1399 991 1425 ROTERODAMVS
1013 1399 1045 1425 S.
1069 1399 1109 1425 D.

166 1461 200 1497 A
234 1460 525 1510 Peripateticis
556 1461 598 1496 in
634 1459 855 1497 beatorum
897 1458 1041 1495 album
1083 1458 1325 1495 referuntur
1364 1457 1436 1506 qui
1476 1456 1672 1493 fortunae

116 1515 245 1559 bonis,
276 1519 426 1564 suapte
454 1514 665 1551 industria
693 1514 1006 1551 coniunxerunt
1034 1514 1162 1550 animi
1193 1512 1316 1556 bona,
1347 1512 1408 1548 ita
1438 1511 1672 1560 partientes

113 1569 374 1614 felicitatem,
391 1573 438 1606 vt
456 1569 676 1606 dimidium
694 1568 804 1605 illius
820 1568 1100 1605 asseriberent
1116 1567 1245 1612 casui,
1260 1566 1481 1603 dimidium
1500 1565 1671 1602 homini.

114 1624 171 1660 At
193 1636 268 1673 ego
285 1628 339 1668 te,
356 1624 420 1660 vir
437 1624 715 1665 ornatissime,
734 1623 871 1659 multo
888 1622 1115 1659 feliciorem
1134 1621 1285 1665 iudico,
1304 1620 1417 1669 quod
1435 1621 1583 1656 vnieus
1605 1619 1673 1656 ille

115 1677 274 1714 πάντων
295 1677 425 1726 δωτὴς
447 1677 550 1714 ἐάων
573 1682 637 1723 (vt
660 1677 834 1714 Hesiodi
861 1677 1000 1713 verbis
1027 1676 1198 1721 abutar)
1226 1677 1350 1712 istam
1380 1679 1566 1713 mentem
1595 1673 1673 1710 tibi
1694 1687 1711 1716 5

115 1732 293 1781 largitus
315 1736 390 1775 est,
415 1736 463 1769 vt
489 1731 700 1781 intelligas
721 1736 764 1769 et
790 1731 860 1768 illa
886 1731 996 1768 bona
1019 1743 1126 1779 quae
1155 1729 1396 1779 philosophi
1421 1733 1578 1766 vocant
1604 1740 1672 1765 ex-

116 1791 248 1831 terna,
272 1799 357 1823 non
380 1786 590 1831 fortunae,
614 1786 686 1823 sed
709 1786 775 1822 dei
797 1798 885 1822 esse
908 1798 1083 1822 munera
1105 1787 1145 1821 in
1168 1785 1244 1821 hoe
1271 1784 1385 1828 data,
1409 1796 1493 1820 non
1517 1787 1564 1819 vt
1589 1783 1675 1819 sint

120 1841 394 1890 voluptatum
435 1854 481 1877 ae
523 1841 743 1890 superbiae
779 1841 1077 1883 instrumenta,
1112 1840 1182 1876 sed
1219 1843 1265 1875 vt
1308 1839 1392 1875 sint
1427 1838 1600 1874 virtutis
1633 1841 1677 1874 et

118 1896 347 1932 officiorum
371 1908 539 1944 organa.
582 1894 780 1943 Quisquis
801 1895 911 1931 enim
929 1895 1071 1931 animo
1088 1906 1184 1931 vere
1201 1893 1441 1930 Christiano
1459 1891 1676 1941 praeditus

117 1954 182 1986 est
199 1951 330 1998 magis
352 1949 423 1986 illa
443 1949 631 1998 possidet
652 1953 858 1997 tanquam
881 1949 1149 1998 dispensator
1165 1960 1293 1997 quam
1316 1952 1521 1995 tanquan]
1545 1946 1675 1983 domi·
1700 1959 1738 1980 10

118 2017 219 2047 nus;
261 2005 449 2053 agnoscit
479 2016 568 2041 esse
599 2008 796 2040 mut-uum
829 2003 943 2051 quod
975 2003 1117 2046 habet,
1148 2007 1189 2039 et
1221 2003 1300 2039 seit
1331 2003 1366 2038 ei
1395 2002 1465 2050 qui
1498 2000 1677 2037 eredidit

118 2059 281 2108 accepti
302 2059 559 2108 expensique
588 2059 795 2095 rationem
826 2058 878 2095 ad
910 2070 1043 2094 assem
1073 2070 1161 2094 esse
1190 2056 1462 2093 reddendam.
1524 2055 1676 2103 Itaque

120 2112 271 2161 vulgus
288 2125 412 2162 saepe
429 2114 646 2157 mentitur,
665 2125 795 2161 quum
818 2112 869 2149 de
886 2112 1099 2161 opulentis
1121 2111 1236 2151 dieit,
1256 2110 1324 2148 ille
1343 2110 1472 2147 habet
1490 2110 1674 2146 diuitias.

119 2166 333 2215 Siquidem
356 2167 510 2204 habere
532 2167 704 2204 diuitias
726 2166 1016 2216 philosophica
1038 2179 1100 2202 res
1122 2170 1198 2207 est,
1222 2178 1354 2214 eoque
1376 2177 1619 2214 paucorum.

174 2221 417 2270 Aristippus
467 2221 743 2270 reprehensus
790 2221 905 2269 quod
955 2220 1305 2257 consuetudinem
1358 2219 1532 2256 haberet
1581 2231 1676 2255 cum
1701 2231 1737 2260 15

121 2275 293 2319 Thaide,
318 2276 436 2312 velut
462 2289 568 2312 vnus
596 2289 617 2312 e
645 2275 803 2319 multia
827 2275 1045 2324 respondit
1072 2275 1301 2324 plurimum
1329 2275 1540 2315 interesse,
1563 2272 1677 2321 quod

121 2330 275 2367 caeteri
298 2330 553 2367 haberentur
569 2343 592 2366 a
611 2329 783 2375 Thaide,
802 2331 889 2379 ipse
908 2329 1084 2366 haberet
1101 2329 1318 2366 Thaidem.
1361 2327 1515 2364 Nullus
1533 2331 1677 2364 autem

123 2388 265 2433 potest
291 2384 444 2421 habere
472 2384 656 2428 diuitias,
680 2385 757 2421 nisi
782 2384 894 2421 adsit
922 2384 1088 2421 animus
1116 2383 1443 2432 philosophicus,
1466 2382 1537 2430 qui
1566 2382 1679 2418 norit

121 2442 164 2475 et
185 2443 393 2487 quantum
417 2440 471 2475 sit
493 2439 588 2475 huie
612 2439 817 2475 bonorum
840 2439 980 2487 generi
1008 2437 1296 2481 tribuendum,
1319 2442 1362 2474 et
1383 2436 1596 2485 quomodo
1625 2437 1679 2472 sit

123 2492 203 2529 illis
221 2493 439 2530 vtendum.
492 2493 671 2529 Proinde
689 2493 826 2530 multo
844 2493 938 2542 plus
956 2492 1082 2529 debes
1104 2492 1357 2540 benignitati
1380 2491 1549 2527 diuinae
1566 2489 1678 2538 quod
1701 2503 1740 2523 20

124 2548 250 2584 istum
288 2548 475 2584 animum
513 2548 708 2584 omnibus
748 2547 908 2584 diuitiis
949 2548 1206 2596 superiorem
1248 2546 1363 2582 dedit
1399 2558 1526 2593 quam
1566 2544 1679 2593 quod

124 2614 262 2638 reruni
291 2602 453 2650 copiam
487 2601 639 2649 largita
668 2606 743 2638 est.
806 2601 1027 2638 Pulchrius
1057 2605 1120 2637 est
1149 2602 1250 2638 istas
1282 2613 1380 2649 opes
1411 2604 1680 2636 contemnere

124 2668 250 2716 quam
274 2655 507 2704 possidere:
540 2657 773 2693 eontemnit
795 2660 953 2699 autern,
975 2656 1047 2705 qui
1070 2668 1152 2692 non
1178 2656 1307 2691 seruit
1335 2654 1405 2691 sed
1432 2666 1502 2691 eas
1531 2653 1680 2702 pietati

125 2711 280 2746 seruire
311 2711 432 2756 cogit.
494 2710 601 2755 Quid
634 2711 742 2747 enim
777 2714 878 2747 sunt
915 2711 995 2747 ista
1033 2710 1141 2746 bona
1175 2710 1222 2746 iis
1255 2710 1326 2757 qui
1359 2709 1549 2745 nes(iunt
1589 2708 1680 2743 xti'!

126 2762 234 2808 Quid
262 2763 389 2808 aliud,
412 2765 490 2801 nisi
512 2765 623 2812 quod
653 2778 758 2801 auio
782 2765 1040 2813 geminisque
1067 2765 1179 2813 pieta
1208 2763 1384 2803 eithaia.
1408 2763 1584 2798 musices
1607 2762 1678 2797 i1n-
1703 2773 1740 2802 -5

126 2819 290 2866 perito!
350 2818 435 2855 Aut
457 2831 654 2867 gnomon,
677 2819 868 2863 e·,i1(·inus
892 2820 1002 2855 aqi-1
1025 2822 1067 2855 et
1095 2819 1261 2858 seeuiffis
1286 2816 1519 2854 fawhiicandi
1545 2821 1678 2852 a1te1n

169 2917 264 2946 2774.
292 2926 319 2954 5.
349 2917 512 2954 Hesiodi]
532 2917 617 2946 Hos.
639 2917 761 2955 Theoq.
782 2922 833 2956 40.
939 2928 1004 2946 sv.
1033 2917 1248 2954 Ανιδίιρρυε
1274 2925 1307 2954 31
1332 2915 1478 2949 (where,
1501 2915 1680 2946 however.

173 2969 220 2997 15.
248 2961 473 3000 Aristippus]
497 2961 800 3000 Apophtheymula
823 2961 868 2993 iii,
941 2961 1025 2989 Lais
1043 2961 1097 2989 for
1116 2960 1253 2995 Thais).
