1966 3379
137 119 258 168 2851]
537 118 697 157 FROM
727 118 961 157 CONRAD
992 118 1313 158 GOCLENIUS
1629 123 1703 159 281

136 223 257 261 nobis
288 227 486 272 vegetum
511 227 555 260 et
579 223 794 260 valentem
825 224 1039 260 restituat.
1092 223 1269 260 Interim
1298 224 1405 269 vale,
1436 225 1569 262 totius
1594 226 1707 263 orbis

135 290 267 315 vnum
288 282 331 315 et
352 278 523 314 vnicum
545 282 856 315 ornamentum.

191 332 367 370 Louanii
389 333 571 381 septimo
591 331 732 369 Calen.
756 331 937 381 Augusti
959 331 1082 369 Anno
1105 332 1275 369 Domini
1297 343 1487 369 M.D.xxx
1510 335 1649 371 tertio.

1194 386 1310 423 Tuus
1332 387 1567 435 quantulus
1587 393 1653 426 est

1231 440 1353 478 Conr.
1377 440 1614 479 Goelenius.
1727 457 1766 487 75

189 511 335 549 Omnis
357 511 607 549 eruditionis
629 512 806 561 principi
830 511 880 548 D.
906 511 1083 548 Erasmo
1106 511 1410 549 Roterodaino.
1472 512 1676 562 Friburgi.

581 729 710 766 2852.
776 725 843 766 To
875 725 1048 766 Jumus
1081 725 1255 766 PFLUG.

183 816 301 850 Liber
320 817 369 850 de
388 817 598 850 sarcienda
616 816 819 850 Ecclesiae
837 816 1065 856 eoncordia,
1087 816 1132 849 fo·
1155 816 1207 849 a2.
1409 817 1613 860 Freiburg.

182 866 308 899 Lond.
330 866 437 899 xxix.
459 874 517 908 37.
1363 876 1404 908 31
1427 866 1527 910 July
1551 876 1655 909 1533.

176 933 269 970 [The
289 933 438 963 Preface
461 937 500 963 to
522 933 586 963 the
608 933 711 963 Liber
731 932 771 962 de
788 933 975 962 sarcienda
996 932 1172 962 Ecclesiae
1193 933 1390 965 concordia.
1408 933 1529 967 Basle,
1548 933 1705 966 Froben,

135 985 229 1015 1533,
257 979 294 1016 40
321 977 395 1007 and
416 978 475 1011 80:
509 977 697 1016 reprinted
723 977 758 1006 in
783 977 848 1006 the
870 986 971 1006 same
995 986 1083 1016 year
1104 980 1144 1006 at
1167 976 1346 1016 Antwerp
1370 976 1538 1013 (Hillen),
1559 977 1707 1017 Leipzig

132 1020 294 1057 (Faber),
315 1020 418 1051 Paris
444 1020 632 1057 (Wechel).
680 1019 822 1050 within
842 1030 864 1050 a
883 1030 971 1060 year
992 1023 1065 1050 two
1083 1019 1242 1050 German
1261 1020 1502 1050 translations
1519 1021 1706 1060 appeared

132 1063 380 1104 (Strasbourg,
396 1064 443 1094 M.
460 1064 649 1104 Apiarius3
669 1063 811 1099 Erfurt,
826 1063 875 1093 M.
890 1063 1037 1100 Maler);
1055 1063 1129 1093 and
1143 1063 1219 1094 also
1237 1073 1305 1094 one
1320 1063 1481 1094 Flemish
1500 1065 1705 1104 (Antwerp,

131 1107 285 1138 Wouter
301 1118 375 1138 van
392 1108 508 1148 Lyn);
534 1107 608 1138 and
625 1117 694 1138 one
712 1107 852 1138 Danish
871 1107 1140 1145 (Roschildie).]

206 1178 299 1205 DES.
324 1178 524 1205 ERASMVS
546 1178 870 1204 ROTERODAMVS
892 1177 1080 1204 CLARISS.
1101 1177 1206 1204 VIRO
1230 1178 1349 1204 IVLIO
1372 1178 1509 1205 PFLVG
1533 1178 1565 1205 S.
1590 1179 1630 1204 D.

186 1237 488 1284 QVANTOPERE
512 1242 554 1275 te
576 1239 718 1287 pigeat
740 1238 890 1275 horum
917 1250 1082 1287 semper
1110 1238 1151 1274 in
1180 1238 1298 1288 peius
1325 1237 1594 1287 gliscentium
1623 1239 1704 1275 dis-

131 1293 346 1338 sidiorum,
377 1297 624 1342 quantoque
651 1293 834 1342 pectoris
861 1293 1011 1330 ardore
1039 1293 1223 1342 suspires
1251 1293 1330 1342 piis
1359 1293 1556 1330 omnibus
1584 1298 1704 1342 opta-

131 1347 257 1385 bilem
278 1347 476 1385 ecclesiae
497 1347 778 1392 concordiam,
802 1347 883 1384 Iuli
905 1348 969 1384 vir
994 1347 1274 1392 ornatissime,
1298 1348 1402 1384 satis
1429 1352 1616 1397 arguunt
1638 1352 1706 1385 tot

131 1406 230 1440 tuae
270 1402 325 1440 ad
366 1415 432 1440 me
470 1401 688 1451 epistolae,
730 1414 894 1451 semper
933 1402 1111 1439 eandem
1153 1402 1392 1439 occinentes
1432 1402 1704 1448 cantilenam,

130 1469 369 1506 magnaque
391 1457 598 1494 instantia
618 1456 901 1506 efflagitantes
924 1460 972 1494 vt
994 1456 1120 1494 huius
1143 1457 1414 1506 tempestatis
1442 1470 1509 1494 me
1537 1457 1702 1494 sedato—
1725 1471 1743 1500 5

130 1524 218 1549 rem
250 1511 489 1561 praebeam.
549 1510 671 1557 Quod
700 1523 832 1560 quum
862 1516 909 1548 tu
940 1511 1072 1548 nihilo
1104 1511 1382 1549 verecundius
1414 1511 1545 1549 facias
1574 1525 1704 1561 quam

130 1567 163 1603 si
189 1566 335 1604 iubeas
364 1566 609 1615 Pigmaeum
638 1565 827 1603 Atlantis
857 1566 946 1603 vice
975 1567 1183 1603 sustinere
1211 1565 1389 1611 coelum,
1414 1570 1558 1604 tamen
1587 1579 1611 1603 a
1640 1580 1705 1604 me

128 1621 291 1658 nullam
313 1621 508 1658 admittis
529 1621 858 1658 excusationem.

185 1675 312 1713 Erras
327 1680 374 1713 tu
389 1675 573 1724 quidem,
591 1676 648 1712 mi
666 1675 759 1720 Iuli,
779 1675 1053 1713 vehementer
1070 1676 1309 1724 ignorantia
1326 1676 1419 1713 mei.
1467 1676 1622 1713 Verum
1639 1676 1704 1714 hic

128 1743 243 1768 error
264 1743 349 1779 quo
371 1731 505 1767 maior
529 1734 605 1775 est,
629 1730 706 1767 1100
732 1731 865 1779 magis
894 1730 1086 1768 declarat
1114 1730 1318 1780 insignem
1349 1734 1468 1768 tuam
1499 1731 1704 1780 pietatem
1728 1747 1767 1768 10

128 1797 227 1834 erga
255 1784 333 1822 Dei
360 1785 548 1830 domum,
574 1785 615 1821 in
645 1781 729 1834 qua
758 1789 805 1822 tu
834 1797 919 1822 non
950 1785 1143 1822 infimum
1173 1788 1290 1822 tenes
1322 1785 1473 1829 locum,
1502 1790 1705 1835 tenesque

129 1839 183 1877 ob
204 1840 381 1877 eximias
398 1840 581 1877 virtutes
597 1843 695 1876 tuas
716 1840 986 1877 meritissimo
1003 1853 1009 1877 :
1037 1840 1192 1888 quibus
1210 1839 1288 1877 hoc
1305 1839 1524 1877 decentius
1542 1841 1704 1878 ornaris

129 1894 243 1943 quod
266 1894 361 1931 hinc
383 1894 548 1931 nullum
570 1895 743 1931 omnino
765 1894 879 1931 tollis
901 1894 1186 1944 supercilium,
1209 1894 1282 1931 sed
1311 1896 1503 1943 agnoscis
1533 1895 1704 1932 Domini

129 1948 476 1986 munificentiam.
528 1947 681 1994 Quales
698 1950 808 1986 viros
826 1949 859 1986 si
876 1949 1036 1987 multos
1054 1949 1231 1986 haberet
1250 1949 1511 1998 Respublica
1528 1949 1702 1987 Christi-

128 2016 223 2048 ana,
255 2008 332 2041 aut
361 2003 404 2040 hi
429 2003 644 2041 tumultus
672 2016 756 2040 non
783 2004 1030 2041 extitissent
1057 2008 1135 2041 aut
1162 2003 1413 2053 iampridem
1440 2009 1581 2041 essent
1607 2017 1701 2042 con-
1728 2021 1766 2050 15

129 2059 268 2108 sopiti.
331 2058 426 2107 Ipse
448 2070 548 2095 vero
569 2059 626 2095 sic
648 2058 758 2095 inter
780 2071 960 2103 sacrum,
979 2062 1028 2096 vt
1049 2059 1184 2103 aiunt,
1206 2062 1250 2095 et
1271 2071 1423 2096 saxum
1446 2060 1704 2096 constrictus

129 2117 177 2149 vt
205 2112 319 2162 quod
349 2113 516 2162 flagitas
545 2125 619 2150 nec
648 2125 840 2151 recusare
868 2125 941 2163 per
973 2117 1015 2150 te
1047 2113 1173 2150 liceat
1204 2126 1278 2150 nec
1310 2126 1361 2150 ex
1393 2126 1459 2150 me
1487 2119 1703 2163 praestare

129 2167 308 2212 valeam,
332 2167 518 2205 medium
547 2167 752 2216 quiddam
780 2169 959 2217 repperi,
988 2181 1072 2217 quo
1094 2172 1136 2205 te
1159 2168 1339 2218 posthac
1362 2172 1460 2205 vtar
1481 2168 1704 2217 aliquanto

128 2221 372 2272 placatiore.
435 2222 637 2259 Tractaui
674 2222 890 2260 Psalmum
925 2223 976 2270 83
1012 2223 1054 2259 in
1090 2235 1175 2271 quo
1212 2222 1382 2260 diuinus
1417 2222 1485 2260 ille
1521 2222 1703 2272 Spiritus

128 2277 231 2314 mire
252 2277 375 2314 nobis
396 2277 669 2314 commendat
697 2276 907 2314 Ecclesiae
933 2277 1215 2315 concordiam.
1276 2277 1373 2315 Non
1400 2290 1551 2327 parum
1581 2278 1703 2315 iuuat
1723 2295 1764 2316 20

129 2331 325 2369 hortator
347 2332 388 2368 in
410 2331 488 2368 1100
510 2344 608 2368 sane
631 2332 897 2380 negotiorum
919 2344 1067 2381 genere
1089 2333 1131 2369 in
1152 2345 1238 2381 quo
1260 2331 1371 2370 bona
1393 2344 1491 2381 pars
1512 2332 1615 2369 facti
1637 2337 1702 2369 est

128 2399 337 2436 propensa
367 2386 594 2427 voluntas:
639 2387 705 2423 0111
735 2399 957 2435 nunquam
989 2386 1133 2424 deesse
1169 2386 1277 2424 solet
1313 2386 1482 2435 benigni
1518 2388 1702 2424 numinis

129 2441 398 2490 praesidium.
440 2440 561 2486 Quod
584 2441 617 2477 si
638 2440 832 2478 Christus
852 2445 896 2478 et
918 2441 1023 2479 illud
1047 2441 1188 2490 largiri
1211 2441 1409 2491 dignetur
1427 2445 1474 2478 vt
1497 2441 1710 2478 Ecclesia--

128 2496 259 2533 sticae
280 2497 395 2545 pacis
425 2508 556 2537 amor,
580 2508 664 2544 quo
690 2499 737 2532 tu
769 2500 855 2533 tam
883 2497 1103 2545 insigniter
1131 2496 1297 2544 flagras.
1320 2497 1509 2533 omnium
1538 2497 1701 2533 animos

127 2551 342 2600 corripiat,
360 2550 478 2587 breui
496 2550 688 2587 futurum
707 2554 772 2587 cst
790 2554 837 2587 vt
854 2563 928 2587 nec
948 2554 994 2587 tu
1012 2551 1259 2599 flagitando,
1277 2564 1351 2588 nec
1369 2564 1445 2599 ego
1468 2551 1700 2588 recusando
1723 2567 1760 2596 25

128 2617 291 2642 sumam
316 2605 481 2642 inanem
504 2617 690 2654 operam,
713 2605 784 2641 scd
809 2609 987 2654 vterque
1008 2605 1131 2643 alteri
1159 2605 1436 2654 gratulemur.
1499 2605 1653 2643 Verum
1676 2618 1700 2642 a

128 2659 298 2697 Psalmo
320 2672 404 2696 11011
428 2663 470 2696 te
493 2659 735 2696 remorabor
756 2659 930 2697 (liutius

183 2714 344 2752 Datum
370 2714 562 2763 Friburgi
585 2714 718 2763 pridie
741 2713 938 2751 calendas
959 2714 1142 2764 Augusti
1165 2725 1395 2752 MDxxxnI.

628 2813 722 2843 2852.
754 2815 801 2843 16.
828 2814 986 2851 sacrum]
1007 2814 1119 2854 Δάας).
1142 2824 1191 2852 15.
