1966 3379
167 118 287 166 2776]
647 117 718 155 TO
749 117 937 154 PETER
969 115 1244 154 TOMICZKI
1651 115 1725 153 173

164 221 334 270 quidem
356 221 550 258 omnibus
567 220 746 258 scribere
763 233 868 269 quos
891 219 1025 257 habeo
1042 220 1198 256 amicos
1220 220 1261 256 in
1278 219 1455 256 diuersis
1473 219 1723 267 regionibus.
1745 234 1786 255 20

166 275 404 313 Redamare
426 287 597 324 possum
620 287 776 319 omnes,
798 274 978 311 scribere
1001 274 1196 311 omnibus
1219 286 1302 310 non
1324 285 1507 322 possum.
1648 320 1654 325 ἱ

220 330 322 366 Mihi
340 334 483 367 tamen
501 341 584 366 non
602 329 768 378 ingrata
784 329 867 366 fuit
884 328 993 365 Iusti
1010 328 1107 365 licet
1123 340 1273 377 parum
1292 328 1404 364 iusta
1420 327 1722 376 expostulatio,

164 384 319 433 quippe
342 396 392 420 ex
415 396 498 432 qua
520 384 698 432 cognoui
720 383 780 420 illi
802 395 865 420 res
887 395 1001 419 meas
1026 395 1113 419 esse
1139 394 1286 422 curae:
1320 394 1417 418 nam
1439 381 1553 429 quod
1579 382 1724 419 scribit

164 438 299 475 Tuam
333 438 382 475 R.
410 437 749 487 Amplitudinem
777 437 978 486 singulari
1007 436 1191 485 quodam
1223 448 1321 484 erga
1352 448 1417 472 me
1445 435 1591 472 fauore
1623 449 1722 481 esse,

164 505 251 529 rem
279 492 348 529 ille
379 492 549 541 quidem
580 491 682 528 mihi
712 504 964 541 magnopere
995 495 1161 540 gratam
1193 491 1424 533 nunciauit,
1455 490 1525 526 sed
1553 491 1724 527 minime
1746 505 1783 534 25

162 559 332 584 nouam.

218 601 296 637 Hic
318 613 454 638 annus
476 600 578 637 mihi
594 600 899 650 propemodum
917 603 1008 636 ater
1029 599 1112 636 fuit
1129 603 1220 636 tum
1239 598 1292 635 ob
1309 599 1501 647 priuatas
1518 598 1723 646 quasdam

162 655 391 699 molestias,
419 659 510 691 tum
539 655 593 691 ob
621 655 837 691 decessum
863 654 1028 703 aliquot
1055 654 1300 697 amicorum,
1324 652 1468 701 quales
1496 652 1611 690 haud
1639 654 1723 690 seio

162 722 215 747 an
227 709 426 758 'vnquam
448 709 491 746 in
514 710 604 746 vita
625 710 703 746 sim
725 709 990 746 inuenturus.
1051 708 1195 745 Mense
1216 707 1410 756 Augusto
1436 719 1626 744 summus
1655 707 1722 744 ille

161 763 400 801 studiorum
436 776 625 801 meorum
662 763 883 801 Moecenas
918 762 1194 807 Guilhelmus‚
1231 761 1583 810 Archiepiscopus
1618 760 1721 798 Can-
1744 777 1784 805 30

162 819 355 863 tuariefi.‚
379 830 455 855 nos
477 818 648 867 reliquit
669 822 712 854 et
734 818 775 854 in
798 817 1013 854 meliorem
1040 820 1197 854 sortem
1223 816 1488 865 demigrauit,
1512 815 1722 863 simulque

161 885 256 909 cum
288 872 360 910 illo
390 872 493 909 mihi
523 873 648 921 periit
676 872 876 921 quicquid
904 871 1220 908 fortunularum
1248 870 1458 907 habebam
1488 871 1528 906 in
1558 870 1721 919 Anglia,

162 927 371 964 habebam
392 930 537 964 autem
558 927 737 964 florenos
758 926 888 963 ferme
910 926 1127 963 ducentos.
1184 924 1315 974 Saepe
1338 925 1440 961 mihi
1462 937 1534 973 per
1556 924 1723 962 litteras

161 981 427 1030 significauit,
450 994 492 1018 se
518 993 704 1018 seorsum
732 980 893 1029 aliquid
922 981 964 1017 in
990 993 1055 1017 me
1083 979 1289 1017 collocare
1312 979 1420 1016 velle
1449 978 1723 1028 benignitatis

160 1040 334 1085 propter
355 1035 547 1073 vultures
569 1048 675 1084 quos
697 1047 772 1085 pro
793 1035 1015 1084 dignitatis
1036 1033 1327 1083 magnitudine
1349 1033 1582 1083 permultos
1608 1033 1723 1070 domi
1743 1048 1782 1077 35

160 1090 391 1139 cogebatur
411 1090 534 1135 alere,
557 1090 629 1127 sed
651 1103 725 1139 per
745 1089 951 1139 quosdam
973 1088 1156 1126 artifices
1182 1088 1223 1125 id
1250 1092 1446 1125 curatum
1473 1092 1538 1125 est
1563 1092 1611 1124 vt
1639 1100 1722 1125 non

159 1145 296 1182 solum
318 1144 421 1181 nihil
444 1144 593 1193 legarit
616 1145 807 1189 moriens,
831 1157 977 1181 verum
1006 1156 1056 1180 ne
1084 1143 1230 1193 pensio
1251 1142 1420 1191 quidem
1450 1143 1532 1179 iam
1561 1142 1614 1179 ad
1640 1155 1721 1179 ses-

160 1199 393 1247 quiannum
429 1199 574 1236 debita
615 1198 939 1248 persolueretur.
1000 1197 1109 1243 Quin
1149 1201 1192 1234 et
1231 1201 1472 1246 postremae
1511 1209 1629 1234 meae
1668 1197 1722 1233 ad

160 1253 278 1290 illum
304 1254 486 1298 litterae,
508 1254 549 1290 in
571 1253 724 1302 quibus
746 1253 865 1290 illum
888 1253 1041 1290 veteris
1066 1252 1260 1302 promissi
1285 1251 1627 1295 submonueram,
1650 1264 1724 1300 per

159 1308 327 1345 eosdem
350 1307 532 1345 artifices
554 1320 802 1357 suppressae
824 1311 936 1344 sunt.
997 1306 1197 1344 Scribunt
1219 1306 1411 1343 vultures
1437 1306 1579 1343 triduo
1605 1319 1721 1355 prae-
1743 1320 1784 1350 40

159 1363 304 1411 sagire,
335 1362 404 1399 vbi
434 1363 519 1399 sint
547 1362 693 1399 futura
721 1362 942 1407 cadauera,
969 1366 1014 1399 at
1042 1362 1177 1399 nostri
1205 1360 1398 1398 vultures
1427 1360 1572 1397 multis
1600 1361 1723 1397 annis

159 1417 325 1454 inhiant
346 1417 564 1454 morituro.

214 1471 304 1508 Iam
346 1475 585 1508 excesserat
617 1472 919 1520 octogesimum
953 1483 1125 1514 annum,
1157 1474 1200 1507 et
1234 1469 1452 1507 ferebatur
1482 1469 1723 1507 adhibuisse

159 1526 333 1563 tertium
367 1525 529 1575 pedem,
563 1526 634 1563 sed
671 1526 723 1563 ob
765 1530 1013 1575 perpetuam
1049 1526 1164 1562 vitae
1205 1524 1480 1561 sobrietatem
1523 1536 1723 1573 prospera

159 1580 418 1618 valetudine.
469 1580 556 1617 Nec
577 1581 687 1617 enim
710 1585 905 1617 senectus
927 1580 1046 1618 illum
1067 1580 1235 1629 eripuit,
1258 1579 1331 1616 sed
1353 1578 1525 1616 infoelix
1549 1578 1721 1628 quidam
1742 1592 1783 1622 45

159 1648 292 1672 casus.
335 1633 585 1672 Surrexerat
606 1640 748 1675 noctu,
768 1635 966 1672 excitatis
983 1635 1055 1684 qui
1077 1634 1136 1671 illi
1153 1638 1275 1671 erant
1293 1646 1315 1670 a
1333 1633 1541 1670 cubiculo„
1583 1632 1722 1678 Quum

159 1702 303 1727 rursus
336 1693 504 1738 vrgeret
539 1689 777 1739 corpusculi
813 1690 1053 1733 necessitas5
1089 1702 1173 1726 non
1205 1689 1403 1725 excitatis
1439 1688 1536 1732 suis,
1570 1700 1621 1724 ne
1657 1688 1723 1724 cui

158 1744 361 1781 molestus
389 1748 497 1781 esset
521 1747 661 1790 (tanta
689 1748 781 1781 erat
810 1745 960 1793 optimi
989 1743 1200 1781 Praesulis
1228 1743 1502 1789 humanitas),
1526 1742 1721 1785 surrexit,

159 1803 201 1835 et
224 1798 380 1836 lectum
403 1802 609 1848 repetens,
631 1798 753 1848 lapsu
779 1798 896 1847 pedis
921 1798 1052 1835 latere
1079 1798 1254 1847 impegit
1281 1798 1320 1833 in
1346 1797 1506 1846 lignum
1535 1796 1721 1845 aliquod,

159 1853 268 1890 Hinc
300 1857 439 1902 ruptO,
472 1857 520 1890 vt
547 1857 737 1902 apparet,
771 1854 973 1890 intestino
1004 1853 1204 1902 quopiam
1241 1852 1380 1900 coepit
1415 1863 1598 1901 expuere
1630 1863 1721 1888 san·
1744 1864 1785 1894 50

157 1908 338 1957 guinem.
398 1906 619 1944 Cruciatus
651 1909 763 1944 intra
791 1907 1069 1956 quatriduum
1098 1911 1278 1943 mortem
1310 1905 1471 1943 attulit.
1535 1906 1725 1943 Decessit

158 1966 302 1999 autem
324 1975 407 1999 non
429 1966 518 1999 tam
541 1963 710 2012 priuato
732 1962 1011 2011 plurimorum
1034 1961 1255 2010 dispendio
1277 1972 1405 2010 quam
1432 1960 1602 2009 publico
1631 1964 1723 1997 tum

157 2017 271 2066 regni
295 2021 385 2053 tum
404 2016 615 2054 Ecclesiae
638 2016 762 2054 malo.
806 2017 921 2054 Nihil
944 2016 1054 2053 illius
1071 2017 1162 2053 vita.
1180 2016 1368 2053 sanctius
1385 2020 1461 2052 aut
1476 2015 1721 2063 religiosius.

158 2071 207 2108 In
230 2071 488 2108 consulendo
516 2072 633 2121 regni
660 2071 892 2109 commodis
921 2071 1026 2108 liber
1054 2071 1175 2108 iuxta
1203 2083 1250 2107 ac
1280 2070 1476 2119 prudens.
1536 2068 1637 2114 Quis
1669 2070 1724 2106 sit

157 2125 217 2162 illi
239 2138 520 2169 successurus,
543 2126 733 2163 nondum
755 2125 893 2163 audio.
954 2126 1177 2163 Perierunt
1198 2125 1269 2161 alii
1291 2129 1389 2167 tres,
1412 2136 1518 2173 quos
1540 2124 1724 2161 arbitror
1744 2137 1783 2167 55

157 2180 235 2217 tibi
258 2181 424 2229 ignotos
447 2193 548 2225 esse,
571 2180 674 2217 mihi
695 2180 982 2218 candidissimi
1005 2193 1053 2218 ac
1079 2180 1281 2217 maiorem
1311 2180 1351 2215 in
1380 2179 1555 2216 modum
1584 2191 1721 2215 neces-

157 2235 255 2272 sarii
277 2235 411 2272 amici.
471 2234 677 2272 Attamen
698 2235 739 2272 in
769 2235 846 2272 hoc
875 2235 1006 2280 luctu,
1029 2239 1119 2272 tam
1147 2234 1300 2271 acerbo
1328 2238 1374 2270 vt
1403 2246 1549 2270 verear
1578 2246 1629 2269 ne
1658 2246 1723 2269 me

157 2289 239 2325 illis
274 2289 406 2326 addat
439 2290 649 2333 comitem,
684 2302 766 2327 non
804 2294 949 2327 tamen
982 2289 1155 2327 omnino
1187 2289 1446 2325 ccssauimus
1479 2288 1520 2324 in
1557 2287 1721 2324 studiis.

158 2343 375 2393 Epistolae
397 2344 483 2380 diui
508 2344 758 2393 Hieronymi
779 2357 874 2381 cum
897 2344 1065 2381 scholiis
1088 2356 1232 2380 rursus
1257 2356 1281 2380 a
1308 2355 1374 2380 me
1400 2343 1626 2391 recognitis
1653 2355 1721 2378 ex·

157 2399 338 2446 cus[s]ae
356 2403 456 2435 sunt
475 2398 682 2435 Lutetiae.
725 2398 832 2444 Quid
852 2399 906 2436 ibi
927 2399 1083 2436 laboris
1100 2399 1155 2434 sit
1171 2397 1442 2441 exhaustum,
1461 2410 1585 2434 nemo
1601 2396 1722 2433 facile
1742 2409 1783 2430 <³0

157 2453 378 2489 estimarit.
439 2453 610 2502 Adagiis
633 2454 855 2502 recognitis
877 2458 919 2490 et
942 2454 1077 2490 auctis
1104 2453 1146 2489 in
1175 2452 1325 2493 medio,
1348 2451 1481 2488 adieci
1510 2452 1723 2488 centurias

157 2506 287 2544 ferme
309 2508 508 2556 quinque.
571 2507 784 2544 Vertimus
808 2508 1016 2545 Homilias
1043 2507 1336 2556 Ghrysostomi
1364 2510 1460 2543 octo
1489 2505 1670 2543 antehac
1699 2518 1721 2541 a

201 2615 252 2643 30.
281 2606 600 2646 Archiepiscopus]
640 2606 704 2635 See
739 2607 835 2636 what
877 2607 905 2636 is

158 2649 235 2679 said
257 2650 294 2679 of
319 2649 374 2679 his
393 2649 505 2679 death
528 2651 581 2685 (22
603 2650 694 2689 Aug.
718 2652 812 2688 1532)
831 2650 904 2680 und

158 2693 221 2723 the
238 2693 309 2723 loss
326 2693 363 2723 of
382 2693 566 2723 Erasinus'
583 2694 735 2733 pension
753 2695 787 2723 in
808 2694 902 2733 Epp.

160 2740 252 2775 2761.
282 2745 395 2773 10-25,
424 2738 518 2775 2783.
569 2736 610 2766 In
639 2737 704 2776 Ep.
732 2738 816 2775 2783
842 2738 905 2767 tho

157 2791 254 2818 srsqu
264 2781 396 2810 fannus
407 2781 539 2817 during
548 2781 664 2810 w}1i‹·h
678 2781 740 2810 tho
752 2782 903 2820 pensiori

159 2824 223 2853 has
251 2828 321 2858 1101,
341 2824 432 2853 boen
458 2824 543 2864 pnid
571 2824 635 2853 hus
661 2824 808 2854 bceoinc
833 2829 905 2854 two

158 2877 272 2906 years.

203 2914 254 2948 30.
280 2911 552 2950 quosdum180s=
569 2911 635 2951 lep.
652 2914 745 2950 2761.
763 2921 902 2944 ioezon.

202 2965 253 2993 44.
280 2955 431 2985 tertium
452 2954 594 2993 pedem]
615 2956 642 2984 A
662 2956 800 2985 crutch.

1017 2615 1070 2644 55.
1097 2606 1186 2643 tres]
1220 2605 1372 2635 Alfonso
1401 2604 1533 2634 Valdcs
1562 2604 1621 2639 (cf.
1653 2605 1721 2643 Ep.

976 2651 1086 2688 .’”83),
1107 2649 1346 2688 Christophor
1370 2649 1407 2679 of
1432 2648 1720 2687 Scliydlowyetz.

973 2694 1045 2723 and
1086 2693 1277 2723 Zacharias
1318 2692 1512 2722 Deiotarus
1550 2692 1722 2730 l'lirysius

974 2737 1084 2776 (Epp.
1106 2738 1201 2775 2708,
1222 2737 1333 2769 2300).

1018 2790 1070 2817 50.
1101 2780 1327 2819 Hieronymi]
1344 2780 1407 2807 Sec
1423 2779 1489 2817 Hp.
1507 2780 1609 2817 :75R;
1635 2778 1720 2811 und.

974 2824 1029 2853 sor
1068 2834 1087 2853 u
1127 2823 1263 2853 similar
1301 2822 1491 2858 ‹malcum-
1527 2822 1563 2851 (11
1600 2827 1718 2852 recent

975 2868 1100 2900 books,
1122 2868 1187 2906 Ep.
1210 2868 1302 2905 2783.

1017 2918 1069 2941 (›1.
1099 2911 1260 2948 Adugiis]
1279 2911 1342 2938 Son
1365 2910 1429 2948 ¹⁴3i‘-
1453 2918 1544 2947 2773.

1019 2961 1071 2985 (12.
1099 2954 1365 2994 Ulirysostonu]
1385 2956 1448 2981 Sec
1471 2953 1535 2992 Ep.
1559 2962 1651 2992 2724.
