1966 3379
143 95 264 144 2845]
1630 94 1707 130 269

537 199 743 239 28042845.
809 199 876 238 ΤΟ
908 198 1039 239 ,JOHN
1074 198 1315 239 VLATTEN.

191 290 342 323 British
362 290 545 323 Museum
565 289 646 323 MS.
668 289 772 322 Add.
795 289 926 331 38512‚
947 288 974 321 f.
997 290 1054 322 82.
1077 292 1127 331 (a)
1414 289 1617 333 Freiburg.

189 339 370 372 Brussels
389 338 471 372 MS.
493 339 547 371 II.
570 347 677 381 3750,
698 338 725 371 f.
749 347 792 380 27
813 341 877 382 (β).
1368 347 1410 378 25
1431 338 1529 381 July
1554 348 1657 380 1533.

239 388 321 421 Lss.
344 389 448 432 App.
470 396 554 430 373.

183 455 284 492 [This
309 455 418 485 letter
443 454 472 484 is
498 454 692 494 preserved
720 455 755 484 in
781 458 854 483 two
878 457 1162 493 contemporary
1187 453 1321 492 copies,
1350 453 1440 482 both
1463 453 1498 482 in
1525 454 1587 483 the
1611 464 1709 483 same

138 499 249 531 hand.
268 508 337 528 one
352 499 386 528 in
405 498 468 528 the
487 498 745 538 Bibliotheque
763 497 902 536 Royale
920 501 959 527 at
972 497 1149 531 Brussels,
1169 497 1232 526 the
1250 497 1356 526 other
1370 497 1523 531 (British
1543 497 1709 527 Muscuin

138 542 210 572 MS.
228 542 453 581 Add.3851·2.
470 542 494 571 f.
513 543 568 577 82)
588 552 676 571 once
694 541 835 571 formed
855 544 939 580 part
956 541 993 571 of
1011 541 1074 571 the
1093 541 1193 570 Neve
1210 540 1413 573 collection,
1433 550 1491 570 sec
1510 541 1606 580 App.
1622 542 1707 570 xvii.

138 586 236 616 Both
253 596 314 616 are
332 585 529 615 inscribed:
550 588 556 598 ⁴
571 585 684 625 Copia
697 595 742 615 ex
756 585 920 624 originali
936 585 1078 615 Erasnii
1096 584 1253 623 epistola
1269 594 1291 614 a
1308 594 1365 613 rne
1383 584 1568 621 descripta
1586 584 1708 614 Leodii

138 630 174 659 in
187 639 312 659 museo
326 630 491 669 generosi
505 639 545 659 ac
558 629 690 659 nobilis
702 629 769 659 viri
783 629 920 659 domini
935 629 1083 658 chrici
1098 628 1142 657 de
1152 627 1302 657 Vlatten
1317 627 1488 657 Canonici
1502 628 1710 658 Leodiensis

137 677 175 703 et
184 673 363 713 prepositi
374 673 568 713 Aquensis,
583 672 739 702 necdum
751 672 875 712 praelo
887 672 1017 702 edita'.
1037 671 1215 701 VVhether
1224 671 1366 701 Leclerc
1378 671 1524 711 printed
1538 672 1633 711 App.
1647 680 1708 710 373

138 717 231 746 from
243 727 311 747 one
328 717 366 747 of
384 717 487 747 these
504 717 625 756 copies
635 727 676 746 or
689 716 782 746 from
802 717 865 746 the
879 715 1030 756 original
1044 726 1096 745 we
1108 719 1245 745 cannot
1257 715 1471 744 determine.
1521 715 1597 745 The
1611 725 1710 745 same

137 760 236 790 hand
253 760 383 800 copied
402 760 470 800 Ep.
491 762 586 799 2897,
606 760 723 790 which
742 770 815 790 was
832 760 908 790 also
925 764 965 790 at
982 769 1050 789 one
1068 760 1158 789 time
1176 759 1211 788 in
1231 759 1293 788 the
1312 758 1413 788 Neve
1431 758 1650 795 collection]

192 818 230 857 S.
251 819 294 856 P.
355 819 659 857 Difficillimum
688 823 764 863 est,
788 820 1055 856 ornatissime
1078 817 1290 862 Vlattene‚
1323 817 1401 854 hoc
1430 817 1708 867 perturbatis-

137 875 243 911 simo
275 887 414 911 rerum
456 874 739 911 humanarum
781 878 912 918 statu,
943 873 1044 910 felix
1077 873 1178 910 dare
1211 872 1444 917 consilium,
1477 872 1579 908 mihi
1610 885 1710 909 vero

137 941 221 966 non
258 929 362 966 satis
398 932 556 966 tutum.
616 928 726 966 Nam
764 929 797 964 si
829 928 932 977 quid
967 928 1147 965 authore
1178 939 1244 964 me
1275 931 1566 971 renouaretur,
1598 926 1710 964 illico

136 983 420 1033 superstitiosi
451 983 649 1032 theologi,
681 983 753 1032 qui
784 995 896 1020 nunc
928 982 1126 1020 Lutetiae
1159 994 1336 1031 magnos
1365 982 1611 1018 excitarunt
1644 985 1708 1018 tu-

138 1037 312 1082 multus,
342 1037 615 1075 clamitarent
642 1037 867 1075 Erasmum
894 1049 1032 1074 nouae
1061 1040 1201 1074 sectae
1228 1039 1448 1086 parentem
1477 1048 1579 1080 esse,
1603 1048 1709 1084 quae

137 1092 306 1129 dicatur
345 1092 675 1130 moderatorum.
748 1091 871 1138 Quod
913 1093 946 1129 si
986 1091 1208 1129 consilium
1250 1090 1357 1128 illud
1398 1103 1540 1127 meum
1585 1091 1710 1127 cessit

137 1146 327 1192 feliciter,
370 1148 502 1196 magis
542 1147 843 1196 imputandum
890 1151 954 1184 est
997 1146 1248 1183 dexteritati
1298 1145 1450 1194 optimi
1496 1145 1708 1194 principis,

137 1214 265 1250 quam
299 1214 417 1239 meae
452 1202 716 1251 prudentiae.
777 1201 1097 1238 Liberalitatem
1139 1201 1339 1249 principis
1374 1212 1459 1237 non
1495 1212 1708 1249 aspernor,

137 1256 235 1293 licet
263 1256 367 1293 nihil
397 1257 662 1305 promeritus.
724 1256 929 1293 Pensione
958 1268 1043 1293 non
1068 1255 1140 1292 diu
1168 1255 1443 1304 grauabitur:
1478 1267 1577 1291 nam
1608 1254 1710 1291 haec

135 1323 261 1348 eruca
283 1311 517 1348 meditatur
538 1310 626 1348 fieri
646 1311 816 1360 papilio.

192 1365 254 1402 De
272 1367 514 1415 precatione
528 1365 738 1403 dominica
753 1365 871 1403 nulla
884 1369 948 1402 est
963 1365 1267 1403 controuersia.
1306 1364 1368 1402 De
1390 1376 1439 1401 ea
1461 1364 1526 1413 pie
1542 1364 1710 1413 scripsit

137 1421 265 1457 etiam
296 1420 510 1457 Lutherus
527 1435 549 1466 3·
570 1425 613 1458 et
645 1424 789 1458 exstat
814 1421 855 1457 in
882 1420 996 1457 illam
1023 1424 1171 1457 nostra
1196 1419 1470 1469 paraphrasis
1497 1418 1552 1455 ad
1584 1418 1707 1455 Iudo-

136 1487 232 1512 cum
256 1474 444 1512 Decium.

192 1529 242 1566 In
275 1529 518 1578 symbolum
552 1542 636 1567 non
670 1529 940 1580 indiligenter
972 1529 1144 1579 scripsi;
1188 1529 1291 1566 item
1326 1531 1371 1565 et
1404 1528 1446 1564 in
1482 1532 1711 1577 praecepta

137 1584 349 1633 Decalogi.
400 1584 524 1621 Liber
545 1585 649 1622 exiit
670 1589 862 1622 mercatu
884 1597 1039 1622 verno:
1066 1584 1237 1621 mittam
1261 1596 1336 1633 per
1357 1583 1482 1627 hunc,
1501 1583 1534 1619 si
1556 1595 1709 1631 queam

136 1639 345 1676 nancisci:
389 1652 487 1676 nam
513 1639 628 1689 apud
656 1652 723 1677 me
749 1639 893 1677 nullus
921 1639 1110 1688 reliquus
1137 1642 1213 1676 est.
1277 1638 1550 1675 Hieronimus
1577 1638 1639 1674 ait
1668 1650 1710 1674 se

136 1693 438 1731 Francfordiae
461 1706 607 1731 omnes
628 1694 867 1731 vendidisse
890 1695 1004 1731 intra
1026 1698 1112 1731 tres
1134 1693 1272 1730 horas.

191 1748 291 1797 Legi
312 1748 626 1786 ordinationem
648 1749 924 1786 illustrissimi
945 1748 1074 1786 Ducis
1092 1761 1098 1785 :
1131 1749 1249 1785 cuius
1271 1748 1341 1797 pia
1362 1748 1527 1784 monita
1544 1747 1709 1784 vtinam

136 1802 319 1852 populus
340 1803 490 1840 mallet
518 1804 648 1852 sequi,
671 1816 800 1853 quam
830 1803 1072 1841 auscultare
1094 1802 1351 1851 quibusdam
1380 1801 1614 1845 erronibus,
1637 1802 1710 1850 qui

135 1870 259 1894 suum
288 1862 423 1907 agunt
452 1859 682 1907 negotium,
706 1871 791 1896 non
820 1858 918 1896 Iesu
945 1858 1116 1901 Christi,
1144 1858 1325 1907 cupiunt
1352 1869 1440 1894 esse
1469 1857 1511 1893 in
1541 1860 1640 1893 tuto
1667 1861 1709 1893 et
1734 1873 1746 1885 ν

135 1924 309 1961 regnare
330 1912 444 1950 malo
465 1913 623 1962 populi.

191 1966 305 2012 Quot
338 1968 556 2016 opiniones
593 1968 854 2005 exstiterunt
884 1968 995 2005 circa
1025 1966 1349 2005 Sacramentum
1382 1966 1709 2003 Eucharistiae?

135 2020 186 2058 de
204 2034 290 2070 qua
310 2035 445 2071 nuper
462 2021 637 2071 quidam
656 2022 958 2060 Francfordiae
980 2035 1140 2060 nouum
1164 2022 1318 2071 dogma
1340 2021 1480 2070 coepit
1499 2033 1708 2070 spargere,

136 2075 223 2113 tale
263 2080 312 2113 vt
354 2081 495 2114 totum
538 2077 808 2114 subuerteret
848 2077 1186 2115 Sacramentum.
1259 2076 1529 2124 Quamquam
1573 2076 1618 2119 is,
1662 2080 1709 2112 vt

135 2130 275 2176 audio,
299 2132 517 2169 coniectus
545 2136 610 2169 est
638 2132 679 2169 in
708 2144 931 2177 carcerem,
954 2132 1106 2181 dignus
1136 2131 1294 2169 maiore
1315 2130 1440 2168 malo.
1504 2130 1709 2167 Homines

136 2185 392 2235 inauspicati
409 2185 734 2224 Sacramentum
756 2186 874 2232 illud,
893 2187 1065 2224 vnicum
1088 2187 1253 2236 piarum
1271 2185 1481 2223 mentium
1499 2185 1707 2228 delitium,

135 2241 221 2277 suis
256 2240 453 2278 absurdis
489 2241 759 2291 opinionibus
799 2254 906 2291 pene
939 2245 1164 2279 verterunt
1197 2241 1240 2278 in
1275 2253 1491 2285 nauseam,
1524 2239 1639 2289 quod
1675 2240 1708 2275 si

136 2294 373 2344 ambigunt,
393 2300 441 2333 vt
458 2296 549 2345 ipsa
571 2308 635 2333 res
650 2295 853 2345 loquitur,
871 2301 1035 2345 quanto
1051 2296 1186 2334 satius
1201 2299 1295 2333 erat
1312 2296 1354 2332 in
1371 2307 1420 2332 eo
1437 2307 1708 2344 perseuerare

134 2349 249 2398 quod
285 2350 406 2387 nobis
440 2350 619 2389 tradidit
653 2350 828 2388 ecclesia
863 2351 1074 2388 catholica
1107 2350 1306 2400 quodque
1342 2354 1410 2386 tot
1443 2349 1706 2386 saeculorum

136 2416 237 2441 vsus
264 2405 574 2454 comprobauit.
636 2406 713 2442 Est
741 2405 845 2442 mihi
874 2418 985 2443 nunc
1018 2407 1059 2442 in
1088 2405 1286 2443 manibus
1317 2404 1486 2441 libellus
1518 2404 1579 2440 Dc
1610 2416 1705 2440 con-

134 2459 278 2496 cordia
310 2459 510 2497 ecclcsiae
546 2460 752 2497 aduersus
788 2460 1019 2498 schismata
1052 2465 1096 2497 et
1125 2460 1301 2504 hereses,
1324 2460 1397 2508 qui
1425 2458 1614 2508 prodibit
1644 2457 1707 2494 his

135 2514 336 2550 nundinis
376 2515 591 2563 proximis.
653 2515 806 2552 Totam
850 2515 958 2552 hanc
999 2518 1207 2552 aestatem
1254 2514 1411 2563 langui,
1453 2526 1527 2549 nec
1568 2512 1706 2549 adhuc

137 2568 261 2605 rediit
292 2569 423 2618 vigor.
485 2569 638 2606 Precor
668 2573 715 2607 vt
751 2569 946 2611 Christus
981 2570 1192 2619 propitius
1224 2568 1422 2618 dignetur
1453 2567 1598 2605 adesse
1630 2567 1708 2615 piis

178 2666 208 2694 3.
236 2660 438 2687 nouarctur
455 2657 528 2687 LB.
704 2667 733 2696 7.
761 2658 914 2688 feliciter
931 2659 1040 2689 cessit
1059 2658 1131 2688 LB.
1309 2666 1358 2686 11.
1385 2657 1443 2696 pie
1457 2669 1475 2685 (ι
1498 2656 1573 2685 LR:
1593 2666 1656 2685 om.
1675 2653 1706 2693 β.

134 2709 186 2739 24.
213 2699 446 2741 Quamquam
466 2701 574 2731 MSS.
591 2714 597 2731 ε
625 2726 632 2737 ,
651 2705 689 2732 ct
705 2701 855 2742 quidem
875 2702 947 2732 ΑΒ.
1085 2703 1137 2732 28.
1165 2702 1281 2732 satius
1300 2713 1318 2729 α
1340 2700 1399 2730 LB
1416 2712 1421 2730 ι
1448 2700 1539 2730 satis
1555 2698 1586 2737 β.

178 2818 276 2845 0—10.
304 2820 389 2840 nam
418 2811 505 2841 hae<-
534 2812 657 2849 eruca]
687 2812 752 2841 See
786 2812 887 2842 Liber
955 2811 1127 2852 papilio'.

133 2853 173 2883 (le
195 2854 381 2890 sarcienda
401 2855 574 2885 Ecclesiae
593 2855 779 2886 concordia
797 2856 884 2892 (LB.
1003 2857 1050 2884 18.
1078 2855 1162 2893 Legi
1203 2853 1489 2890 ordinationem]
1530 2852 1595 2881 Sec
1637 2851 1704 2890 Ep.

134 2907 169 2926 v.
188 2898 309 2936 481c):
339 2902 345 2911 ⁴
363 2898 549 2929 Einoritsur
571 2899 745 2929 deformis
765 2909 885 2933 cruca,
955 2901 1039 2938 2804
1059 2898 1191 2928 introd.

134 2945 175 2970 vt
216 2941 385 2980 prouolet
421 2942 560 2973 nitidus
596 2953 636 2973 at·
678 2944 886 2983 picturatus
1002 2952 1051 2982 23.
1078 2942 1244 2982 quidum]
1263 2941 1315 2970 (Ὺ.
1337 2941 1405 2979 Ep.
1427 2941 1522 2970 2800.
1548 2948 1644 2968 11111.

1730 1054 1748 1083 5

1734 1326 1772 1346 10

1734 1599 1770 1629 15

1728 2419 1769 2448 30
