1966 3379
243 115 318 151 104
668 113 925 152 LETTERS
957 113 1027 152 OF
1057 113 1323 152 ERASMUS
1683 116 1803 162 [1532

241 219 478 257 Macrobios
500 231 634 256 annos
656 218 777 255 nobis
799 232 949 256 sanum
972 232 1020 256 ac
1042 219 1295 257 incolumem
1318 222 1472 264 seruet,
1492 219 1557 256 cui
1576 231 1640 256 me
1664 222 1803 256 totum

239 287 287 311 ac
309 278 449 311 totum
472 273 818 311 commendatum
840 287 928 311 esse
949 275 1147 324 optarim.

296 329 509 377 Patauiiw)
531 328 792 377 Septembris
814 328 937 366 Anno
960 329 1169 366 humanae
1191 328 1341 365 salutis
1367 337 1466 375 1532

180 384 220 415 35
1170 383 1264 420 Tibi
1286 383 1574 420 deditissimus

1243 436 1480 475 Stanislaus
1500 437 1750 474 Glandinus.

295 508 495 547 Omnium
517 522 622 558 quos
644 508 714 547 Sol
739 508 847 546 vidit
868 509 1038 547 doctiss.
1063 509 1162 546 Viro
1192 509 1240 546 D.
1266 509 1443 545 Erasmo
1472 508 1805 553 Rotherodamo,

240 566 408 613 parenti
429 577 477 602 ac
500 565 736 614 preceptori
759 576 834 601 suo
855 564 1012 601 omnib.
1035 564 1171 601 modis
1193 563 1381 601 colendo.

551 704 741 755 27192720
804 699 940 741 Fssom
965 700 1124 741 PETER
1148 700 1499 741 CASTELLANFS.

290 790 449 835 Leipzig
468 790 549 824 MS.
1410 789 1659 833 <Freib11rg.>

289 841 372 874 ΕΕ.
397 842 476 873 180.
1332 848 1374 882 17
1395 839 1631 883 September
1655 850 1758 882 1532.

284 907 355 945 [An
383 907 535 947 original
559 907 680 943 letter,
701 907 910 946 autograph
937 907 1177 947 throughout.
1225 907 1323 937 Tliat
1349 907 1457 936 Peter
1481 907 1710 937 Castellanus
1736 917 1808 936 was

240 956 279 982 at
298 951 474 989 Freiburg
491 961 649 990 appears
670 955 735 981 not
752 950 839 990 only
858 951 951 981 from
975 951 1029 981 bis
1051 951 1121 989 gift
1141 951 1178 980 ol'
1205 950 1411 991 partridges
1433 950 1506 980 and
1526 950 1618 980 froin
1636 951 1699 981 the
1719 951 1806 980 invi-

241 995 361 1026 tation
387 995 424 1025 of
449 995 518 1034 Ep.
546 1003 641 1033 2720.
670 996 788 1034 36—41,
817 995 883 1024 but
911 995 1005 1025 from
1034 995 1097 1025 the
1124 995 1195 1024 fact
1225 996 1307 1025 that
1334 995 1378 1024 he
1404 995 1469 1024 has
1504 994 1666 1034 recently
1694 994 1807 1024 called

241 1049 287 1069 on
307 1039 494 1073 Erasinus,
519 1038 589 1078 Ep.
609 1047 704 1077 2720.
725 1047 777 1077 31.
827 1038 897 1068 For
916 1038 1159 1071 Cast011a11us.
1178 1050 1236 1069 sce
1255 1039 1324 1078 Ep.
1345 1047 1427 1077 2213
1447 1038 1597 1075 introdl

296 1098 334 1136 S.
360 1098 403 1135 P.
465 1098 649 1142 Memini,
673 1110 804 1146 quum
828 1110 932 1147 pene
954 1110 1058 1147 puer
1079 1098 1269 1135 audirem
1288 1102 1363 1134 tua
1380 1097 1612 1146 Colloquia‚
1629 1097 1808 1135 subinde

241 1153 390 1198 dicere,
413 1152 843 1199 obseruandiss<ime>
866 1152 1105 1200 D<omine>‚
1129 1163 1136 1171 ·
1155 1153 1318 1190 vtinam
1341 1153 1563 1201 contingat
1579 1152 1810 1201 aliquando

242 1213 290 1245 vt
312 1207 430 1244 illum
453 1220 594 1244 coram
623 1207 867 1256 loquentem
896 1206 1081 1252 audiam,
1110 1208 1181 1256 qui
1210 1220 1276 1244 mc
1303 1207 1456 1244 absens
1478 1207 1697 1244 absentem
1720 1211 1809 1244 tam

242 1262 423 1300 fideliter
453 1261 567 1310 loqui
596 1262 743 1306 docet3
777 1265 869 1298 tum
898 1261 1097 1299 habunde
1125 1266 1362 1299 saturarem
1392 1274 1513 1299 aures
1541 1274 1589 1298 ac
1618 1262 1807 1299 animum

204 1333 222 1363 5
242 1330 383 1355 meum
399 1318 499 1353 viua
512 1316 584 1353 illa
599 1320 728 1365 atque
743 1315 944 1365 αὐτοτάτῃ
961 1315 1086 1365 φωνῇ,
1102 1329 1209 1365 quae
1225 1321 1394 1354 tantum
1413 1317 1527 1366 picta
1544 1317 1808 1366 incompara-

243 1372 370 1409 bilem
399 1372 463 1408 sui
487 1383 674 1408 amorem
705 1371 905 1409 excitat'.
966 1371 1058 1408 Iam
1085 1375 1177 1409 tum
1207 1372 1348 1408 nescio
1376 1373 1470 1420 quis
1499 1371 1634 1408 bonus
1662 1372 1810 1420 genius

241 1426 419 1474 iubebat
439 1439 505 1463 me
528 1426 639 1463 bono
660 1438 749 1463 esse
766 1426 921 1471 animo,
940 1425 1044 1463 illud
1062 1426 1233 1475 quidem
1250 1426 1417 1464 difficile
1434 1439 1522 1463 esse
1539 1425 1810 1463 subindicans

242 1481 357 1530 quod
392 1493 598 1530 precarer,
635 1480 707 1518 sed
744 1480 857 1529 quod
894 1480 1039 1518 haberi
1074 1486 1217 1530 posset
1253 1493 1348 1517 cum
1386 1485 1602 1530 tempore;
1640 1485 1809 1518 tantam

242 1536 368 1573 fidem
390 1535 493 1572 mihi
514 1535 700 1572 faciebat
722 1535 772 1572 de
795 1539 870 1572 tua
892 1535 1174 1573 humanitate.
1225 1534 1339 1581 Quae
1357 1548 1452 1572 cum
1470 1536 1526 1573 sit
1546 1548 1644 1585 erga
1666 1548 1810 1573 omnes

186 1607 224 1628 10
244 1591 357 1628 haud
390 1590 516 1628 dubie
547 1591 747 1634 maxima,
780 1594 892 1627 certe
923 1602 1023 1640 erga
1053 1603 1118 1627 me
1143 1590 1247 1627 nihil
1280 1590 1384 1627 benc
1415 1591 1629 1635 meritum,
1662 1603 1808 1640 prope-

244 1645 418 1683 modum
440 1657 482 1682 se
503 1645 596 1694 ipsa
617 1645 733 1682 vicit.
795 1645 992 1682 Prestitit
1013 1645 1115 1682 mihi
1136 1657 1221 1682 non
1253 1644 1511 1694 colloquium
1535 1644 1673 1690 modo,
1696 1645 1811 1693 quod

244 1700 358 1737 haud
381 1700 465 1737 scio
487 1712 540 1737 an
563 1712 752 1748 vnquam
774 1699 947 1737 fuissem
969 1712 1096 1737 ausus
1119 1712 1299 1749 sperare,
1323 1700 1394 1737 sed
1415 1699 1659 1749 epistolium
1682 1699 1810 1748 idque

243 1754 497 1804 αὐτόγραφον
518 1755 646 1791 misit.
707 1753 854 1803 Neque
871 1766 973 1791 vero
991 1755 1093 1791 satis
1109 1754 1382 1804 amplitudini
1401 1759 1500 1792 tuae
1518 1754 1602 1791 duo
1620 1755 1703 1791 ista
1719 1755 1811 1792 visa-

244 1813 357 1853 sunt,
379 1810 482 1858 quin
503 1813 546 1846 et
569 1809 744 1846 tertium
773 1808 1021 1854 adiunxisti,
1044 1821 1128 1858 quo
1154 1809 1232 1846 tibi
1261 1809 1421 1846 firmius
1444 1809 1636 1853 vincirer‚
1659 1821 1810 1859 nempe

185 1878 224 1908 15
244 1864 434 1901 libellum
473 1863 847 1913 elegantissimum.
909 1863 991 1900 Pro
1029 1864 1184 1913 quibus
1223 1863 1420 1900 omnibus
1459 1868 1670 1913 quantum
1711 1869 1811 1901 tuae

244 1919 421 1957 debeam
444 1919 486 1955 in
509 1931 574 1955 me
592 1918 914 1955 beneuolentiae
931 1917 1001 1955 ἅτε
1019 1917 1225 1967 αὐτομάτῃ
1243 1918 1354 1967 οὔσῃ,
1372 1930 1456 1955 non
1474 1924 1563 1955 tam
1586 1918 1809 1956 consilium

244 1978 308 2011 est
329 1986 440 2010 nunc
462 1974 605 2010 conari
628 1973 766 2010 verbis
788 1977 864 2010 aut
886 1985 928 2010 re
950 1974 1041 2022 ipsa
1061 1973 1354 2010 demonstrare
1372 1985 1501 2022 quam
1524 1974 1666 2010 animo
1683 1986 1809 2022 agno-

245 2041 370 2066 scere.
430 2027 558 2065 Cuius
586 2029 752 2064 vtinam
784 2027 1017 2077 aliquando
1047 2027 1178 2065 facias
1209 2028 1467 2077 periculum3
1500 2028 1654 2065 senties
1682 2041 1811 2077 quam

246 2083 422 2132 ἀτέχνως
451 2082 602 2120 Petrus
627 2095 652 2120 a
676 2081 861 2119 Castello
886 2086 981 2120 tota
1011 2083 1102 2120 vita
1130 2082 1180 2120 D.
1209 2082 1435 2119 Erasmum
1458 2083 1634 2120 amauit.
1694 2083 1811 2120 Nihil

186 2152 227 2173 20
246 2151 352 2187 opus
374 2142 438 2175 est
460 2137 623 2179 verbis:
656 2137 779 2186 pulsa
801 2137 904 2186 quid
926 2137 1118 2181 tinniam,
1142 2138 1175 2174 si
1197 2137 1371 2186 quando
1394 2149 1458 2174 res
1480 2137 1675 2174 inciderit
1703 2150 1811 2187 quae

247 2193 339 2230 soni
362 2193 443 2229 mei
464 2204 587 2229 vsum
610 2191 793 2240 aliquem
811 2191 1034 2229 desideret.
1097 2191 1307 2229 Fortassis
1329 2205 1421 2228 sum
1444 2191 1678 2229 audaculus
1696 2192 1810 2241 quod

247 2247 453 2287 scribam:
486 2246 559 2283 sed
581 2246 693 2283 malo
715 2247 757 2283 in
779 2246 887 2283 hane
915 2258 1087 2295 peceare
1115 2250 1280 2295 partem
1312 2258 1441 2295 quam
1470 2259 1555 2283 non
1585 2246 1662 2283 hoc
1685 2247 1811 2284 modo

246 2302 397 2339 testari
418 2313 558 2339 meum
580 2313 678 2350 erga
700 2305 821 2338 tuam
847 2301 1157 2338 authoritatem
1186 2301 1388 2338 animum.
1449 2300 1570 2338 Adde
1592 2301 1707 2350 quod
1735 2301 1811 2338 has

247 2356 414 2393 litteras
436 2368 525 2393 esse
546 2355 644 2392 volo
666 2354 752 2392 τινὰ
772 2355 1006 2404 συγγραφὴν
1028 2356 1109 2392 mei
1131 2356 1173 2392 in
1195 2360 1237 2392 te
1259 2356 1394 2400 officii,
1417 2355 1531 2404 quod
1560 2355 1711 2393 tandiu
1734 2369 1811 2405 pro

187 2423 227 2453 25
248 2424 342 2449 mea
364 2410 474 2447 virili
497 2411 658 2447 nomini
681 2414 756 2447 tuo
778 2410 990 2459 prestabo,
1013 2409 1201 2459 quandiu
1224 2411 1379 2447 vinam.
1440 2410 1553 2447 Deus
1574 2409 1672 2460 Opt.
1696 2410 1808 2448 Max.

247 2469 387 2503 seruet
408 2469 450 2502 te
471 2465 710 2502 diutissime
733 2464 852 2502 bonis
874 2465 1029 2502 litteris
1051 2464 1317 2502 incolumem.
1379 2464 1490 2501 Bene
1513 2464 1619 2502 vale.

303 2520 512 2567 D<atum>
545 2531 597 2556 ex
634 2523 780 2557 nostro
815 2519 1044 2557 coenaculo
1074 2519 1128 2556 ad
1159 2519 1572 2568 quintumdecimum
1604 2519 1810 2557 Calendas

249 2574 434 2612 octobris
458 2583 574 2621 1532.

999 2628 1149 2665 Petrus
1170 2640 1195 2665 a
1215 2627 1412 2673 Castello,
1434 2628 1621 2669 famulus
1643 2632 1754 2666 tuus.

189 2717 230 2747 30
304 2700 435 2737 Vnico
456 2699 591 2737 totius
613 2699 725 2736 orbis
747 2699 881 2744 oculo,
904 2699 1088 2736 Domino
1109 2698 1286 2736 Erasmo
1309 2699 1661 2748 Rotero<damo>.

807 2787 903 2817 2719.
932 2796 982 2825 19,
1009 2785 1150 2826 ἀτεχνῶς
1166 2786 1248 2817 MS.

294 2908 390 2939 2719.
419 2917 469 2938 12.
494 2907 719 2946 epistolium]
747 2907 823 2937 The
851 2907 996 2937 earliest
1064 2906 1222 2937 ‘cellanus
1240 2907 1267 2936 is
1285 2907 1321 2937 of
1340 2915 1357 2945 7
1376 2906 1475 2946 Sept,
1498 2915 1579 2945 1529
1597 2907 1680 2948 (Ep.
1700 2909 1810 2947 2213).

250 2956 382 2986 extant
402 2951 510 2982 letter
530 2952 567 2982 of
588 2951 763 2982 Erasmus
785 2955 824 2982 to
846 2951 886 2981 P.
912 2950 994 2981 Cas·
1110 2959 1159 2990 15.
1186 2950 1362 2989 libellum]
1381 2951 1457 2981 The
1475 2951 1793 2991 Apophtheymata.
