1966 3379
136 99 257 147 2923]
1625 99 1702 136 377

506 239 633 276 2923.
699 235 766 275 To
798 235 1016 276 VINCENT
1049 235 1332 276 CORNELIUS.

184 321 233 354 R.
256 321 303 354 B.
325 321 457 353 Adam
476 320 558 353 MS.
1396 321 1601 365 Freiburg.

182 370 333 403 Illustr.
355 369 428 403 vir.
450 370 578 413 Epist.
603 371 708 410 1617,
725 379 764 412 p.
787 378 880 411 320:
910 369 992 402 LB.
1017 371 1122 410 1269.
1346 379 1388 412 23
1409 370 1522 414 April
1546 381 1650 415 1534.

176 447 249 485 [An
270 448 421 487 original
445 447 565 480 letter.
588 447 795 487 autograph
819 446 1062 486 throughout.
1085 446 1121 476 in
1144 446 1208 476 the
1229 446 1273 476 R.
1294 447 1335 476 B.
1356 447 1474 477 Adam
1496 448 1700 485 collection,

132 501 213 521 now
230 495 270 521 at
288 491 502 527 Rochester,
526 491 614 521 New
635 491 749 520 York.
798 490 869 520 For
893 490 956 520 the
980 489 1156 520 Erasmus
1179 490 1306 520 letters
1330 490 1479 530 printed
1503 492 1539 520 in
1562 492 1699 522 Illustr.

132 535 197 564 vir.
217 535 335 574 Epist.
355 545 414 565 see
432 535 502 574 Ep.
523 543 605 573 2295
623 534 759 564 introd.
809 534 880 564 For
898 533 1057 564 Vincent
1073 533 1262 564 Cornelius
1281 544 1339 564 see
1357 534 1426 574 Ep.
1447 535 1532 571 2819
1550 535 1701 573 introd]

185 604 224 643 S.
248 605 292 642 P.
353 605 491 650 Quum
513 617 763 654 persuasum
784 608 895 641 esset
915 617 940 641 a
962 603 1211 641 ciuitatibus
1234 604 1488 642 Hollandiae
1509 605 1702 644 decretos

131 673 219 697 esse
245 660 425 697 florenos
453 664 678 704 trecentos,
701 659 743 695 id
772 659 884 707 quod
914 659 1002 707 ipse
1029 659 1158 695 etiam
1186 659 1237 696 D.
1262 659 1414 696 Petrus
1442 672 1467 696 a
1490 660 1702 698 Montfort

131 714 361 759 fatebatur,
385 718 428 751 et
449 713 631 763 epistola
651 713 850 750 aduocati
872 713 1129 750 Hollandiae
1150 725 1237 750 non
1254 713 1433 750 haberet
1450 714 1528 750 nisi
1546 714 1699 751 ducen-

131 772 197 806 tos
225 772 318 814 eto,
341 768 392 805 de
417 768 535 805 nullo
565 767 736 817 quidem
767 768 939 816 concepi
970 768 1186 804 sinistram
1218 769 1511 817 suspitionem,
1535 769 1607 806 sed
1636 782 1701 807 res

130 824 221 873 ipsa
242 823 499 872 loquebatur
521 822 682 871 aliquid
703 822 856 859 erroris
878 822 1061 859 subesse.
1106 822 1272 859 Rursus
1290 823 1437 872 scripsi
1454 836 1527 872 per
1544 823 1698 861 Docto·
1719 835 1738 864 5

129 890 216 915 rem
235 877 431 926 Viglium,
449 877 562 926 quod
580 889 665 914 non
682 876 872 914 fecissem
890 877 923 913 si
940 875 1082 913 Scheti
1098 876 1264 914 litteras
1280 878 1547 926 accepissem.
1589 878 1699 916 Nam

129 932 355 982 epistolam
377 933 529 981 egregii
550 932 629 968 viri
652 931 797 968 Iodoci
821 930 1022 968 Sasbouti
1050 932 1253 980 scriptam
1285 942 1334 981 14
1355 931 1442 970 Cal.
1466 929 1698 970 Nouembr.

129 988 272 1036 accepi
294 987 336 1024 in
359 986 627 1024 hebdomada
649 985 848 1023 Paschae.
908 985 1032 1023 Nunc
1054 985 1159 1022 nihil
1183 991 1374 1035 superest
1397 987 1597 1036 scrupuli,
1620 988 1699 1025 nisi

128 1041 180 1078 de
212 1041 377 1079 florenis
409 1042 642 1090 sexaginta,
669 1041 741 1089 qui
772 1041 860 1077 siue
890 1053 974 1077 non
1004 1040 1179 1078 fuerunt
1210 1041 1380 1086 decreti,
1407 1042 1496 1078 siue
1527 1046 1628 1079 sunt
1658 1043 1699 1079 in

128 1096 326 1133 manibus
349 1096 570 1141 bonorum,
592 1108 676 1133 non
697 1108 769 1132 ero
790 1095 941 1143 cuique
958 1095 1136 1144 posthac
1154 1095 1372 1133 molestus.
1416 1096 1603 1134 Tantum
1622 1097 1699 1134 hoc
1722 1108 1761 1129 10

128 1163 264 1200 agam,
294 1154 342 1187 vt
373 1151 493 1187 vobis
524 1151 668 1187 amicis
698 1153 741 1186 et
771 1151 934 1199 patriae
964 1162 1042 1199 pro
1073 1149 1150 1187 hoc
1182 1150 1341 1188 honore
1372 1155 1524 1200 sponte
1555 1151 1700 1190 delato

128 1205 353 1254 praebeam
376 1205 550 1254 aliquod
570 1205 681 1253 grati
702 1205 832 1242 animi
854 1209 1166 1253 argumentum.

183 1260 346 1297 Datum
368 1259 483 1308 apud
506 1259 759 1308 Friburgum
782 1259 915 1308 Brisg.
942 1269 1003 1306 23.
1027 1259 1094 1296 die
1116 1259 1248 1309 April.
1276 1269 1392 1309 1534.

1035 1314 1239 1351 Erasmus
1262 1314 1361 1352 Rot.
1385 1327 1480 1352 mea
1500 1328 1642 1354 manu.

181 1378 348 1417 Clariss.
371 1380 463 1417 viro
484 1379 534 1417 D.
557 1379 782 1417 Vincentio
803 1378 984 1417 Cornelii
1006 1379 1301 1425 Thesaurario,
1323 1384 1403 1418 etc.
1721 1395 1759 1424 15

515 1570 645 1608 2924.
711 1567 777 1608 To
811 1567 1057 1618 <ERAsMUs
1091 1567 1305 1620 SCHETs>.

178 1652 329 1686 British
348 1652 533 1686 Museum
553 1652 634 1686 MS.
656 1652 760 1686 Add.
782 1654 914 1696 38512‚
935 1653 962 1686 f.
979 1663 1038 1694 90.
1390 1654 1596 1699 Freiburg.

1338 1713 1383 1746 23
1403 1704 1517 1748 April
1540 1714 1645 1749 1534.

169 1777 242 1814 [An
267 1777 420 1817 original
443 1777 563 1813 letter,
587 1778 796 1818 autograph
818 1778 1069 1818 throughout:
1096 1779 1160 1808 the
1182 1778 1333 1809 address
1355 1779 1460 1810 sheet
1482 1779 1512 1809 is
1532 1780 1695 1821 missing,

124 1821 193 1852 but
210 1821 273 1852 the
291 1825 464 1852 contents
481 1822 588 1852 make
606 1822 634 1852 it
652 1822 751 1862 plain
769 1822 854 1853 that
870 1822 934 1852 the
951 1822 1062 1853 letter
1079 1823 1108 1852 is
1124 1823 1274 1853 written
1291 1826 1330 1853 to
1348 1822 1504 1861 Schets.]

179 1891 348 1929 onms
370 1896 470 1929 tuae
492 1891 730 1941 benignitas
752 1892 854 1930 mihi
876 1905 1074 1942 magnam
1097 1893 1240 1930 iniecit
1256 1893 1569 1932 solicitudinem
1586 1907 1696 1944 quae

124 1959 189 1984 me
214 1950 304 1984 tam
330 1946 552 1995 splendido
578 1959 751 1985 munere
778 1947 962 1985 donarit.
1023 1948 1197 1985 Vtinam
1225 1947 1413 1986 licuisset
1440 1949 1564 1986 isthic
1589 1951 1693 1988 acci-

124 2013 221 2050 pere
239 2002 245 2038 !
296 2001 502 2038 Veneram
525 2002 567 2038 in
589 2001 745 2039 bonam
767 2015 884 2052 spem
906 2002 961 2040 ad
982 2001 1190 2040 Calendas
1212 2002 1390 2052 Apriles.
1447 2003 1604 2042 Verum
1628 2005 1694 2042 hic

123 2059 266 2093 aestus
283 2068 590 2105 praeproperus
607 2069 654 2093 ac
671 2061 902 2106 perpetuus
919 2070 985 2094 me
999 2058 1172 2106 grauius
1188 2057 1337 2107 affligit
1354 2070 1483 2107 quam
1501 2059 1695 2097 brumale

122 2109 266 2159 frigus,
283 2123 358 2147 nec
376 2123 442 2147 me
459 2110 608 2156 solum,
623 2111 696 2149 sed
713 2111 818 2149 alios
835 2111 1085 2161 complures.
1128 2112 1208 2149 Vix
1225 2114 1537 2162 praeterierant
1550 2112 1694 2152 decem
1714 2127 1732 2157 5

123 2164 224 2209 dies,
256 2177 387 2214 quum
418 2165 648 2203 sceleratus
678 2167 892 2204 cruciatus
927 2167 1086 2204 inuasit
1122 2166 1290 2204 laeuam
1325 2172 1493 2216 partem
1529 2169 1693 2218 capitis,

123 2219 232 2264 colli,
255 2219 479 2257 humerum
499 2224 544 2257 et
565 2220 797 2267 brachium,
820 2221 963 2270 ibique
988 2221 1106 2259 heret
1131 2222 1253 2270 quasi
1278 2235 1591 2271 permansurus
1652 2223 1693 2262 Si

124 2274 359 2311 Brabantia
380 2287 465 2311 non
489 2275 658 2312 abesset
678 2275 843 2325 longius
871 2288 1000 2325 quam
1026 2277 1175 2314 itinere
1200 2277 1431 2326 quatridui,
1455 2278 1521 2315 vel
1544 2278 1694 2316 lectica

123 2341 314 2366 curarem
336 2341 403 2366 me
424 2329 564 2367 isthuc
587 2329 915 2379 deportandum.
974 2330 1092 2368 Adeo
1113 2343 1180 2368 me
1201 2332 1320 2369 tedet
1345 2331 1470 2369 huius
1498 2334 1691 2381 regionis.

122 2381 230 2420 Sunt
252 2384 346 2420 istic
368 2397 393 2420 a
415 2384 568 2432 quibus
594 2389 751 2434 putant
776 2385 880 2422 mihi
904 2385 1155 2423 cauendum.
1216 2386 1372 2423 Verum
1402 2387 1468 2424 hic
1496 2387 1591 2437 plus
1618 2389 1691 2424 im-
1716 2400 1754 2421 10

122 2438 256 2475 minet
285 2438 471 2487 periculi.
531 2438 678 2477 Sentio
706 2440 949 2489 capitaliter
978 2441 1019 2477 in
1050 2453 1116 2478 me
1144 2442 1449 2490 conspiratum.
1512 2442 1693 2480 Luterus

123 2492 258 2530 veluti
280 2493 453 2530 tubicen
475 2492 599 2530 huius
620 2494 719 2531 belli
735 2495 876 2532 emisit
892 2494 1117 2544 epistolam
1140 2495 1336 2533 omnibus
1358 2496 1478 2533 furiis
1500 2496 1690 2534 furiosio-

122 2559 222 2591 rem,
240 2551 284 2584 et
300 2547 526 2596 plusquam
544 2549 809 2597 parricidiale
826 2549 970 2587 odium
989 2551 1235 2599 spirantem,
1254 2551 1455 2588 refertam
1471 2551 1692 2589 calumniis

121 2614 169 2638 ac
195 2602 437 2639 mendaciis.
497 2601 598 2651 Spes
622 2607 687 2640 est
711 2604 752 2640 in
780 2605 920 2641 armis.
982 2605 1038 2641 Et
1063 2605 1232 2642 interim
1257 2604 1412 2642 Caesar
1439 2610 1621 2642 venatur
1648 2607 1690 2643 in

122 2655 342 2706 Hispania.
393 2656 472 2702 Qui
495 2657 575 2694 nisi
597 2657 742 2695 redeat
762 2659 806 2695 in
827 2658 1110 2705 Germaniam,
1132 2659 1367 2709 periculum
1389 2664 1454 2697 est
1476 2673 1526 2697 nc
1549 2660 1688 2698 videa·
1714 2672 1750 2702 15

121 2723 216 2747 mus
237 2711 303 2748 hic
323 2711 537 2748 funestam
559 2724 697 2749 rerum
718 2712 882 2751 faciem.

166 2809 261 2839 2923.
288 2813 363 2848 5—(›.
391 2811 534 2841 Rursus
554 2835 560 2840 .
581 2834 587 2840 .
609 2834 615 2840 .
634 2812 869 2851 accepissem]
939 2813 1125 2844 Erasmus*
1149 2823 1301 2849 answer,
1324 2813 1536 2843 mentioued
1561 2814 1594 2843 iu
1619 2814 1687 2854 Ep.

121 2853 208 2883 This
226 2857 371 2893 repeats
388 2855 488 2884 what
510 2854 683 2885 Erasmus
701 2860 814 2886 wrote
830 2860 870 2887 to
940 2866 1034 2896 2924.

122 2896 249 2927 Schets
267 2898 302 2927 in
322 2898 417 2938 Epp.
435 2899 619 2937 280(›.1-4,
639 2908 735 2937 2013.
754 2901 868 2930 12—18.
982 2901 1079 2930 2924.
1109 2910 1136 2930 1.
1164 2901 1308 2937 onris]
1328 2901 1392 2931 Sco
1412 2901 1479 2940 Ep.
1500 2901 1595 2937 2890.
1613 2904 1687 2931 πῶυ.

166 2948 195 2979 7.
221 2941 429 2981 epistolam]
459 2942 534 2972 Not
565 2946 710 2979 extant,
745 2953 810 2974 nor
842 2943 870 2973 is
986 2954 1034 2974 12.
1061 2944 1271 2984 epistolam]
1290 2946 1354 2975 Sco
1369 2944 1437 2984 Ep.
1455 2945 1687 2981 291Sintrod.
