1966 3379
230 89 309 126 354
659 89 916 127 LETTERS
947 88 1017 127 OF
1049 88 1314 127 ERASMUS
1675 91 1797 139 [1534

230 193 515 242 profusionem
556 193 714 230 inuitat
750 206 825 230 nec
860 194 914 230 ad
950 194 1159 242 ingratam
1195 193 1495 242 parsimoniam
1531 193 1795 242 constringit.

230 247 330 284 Fuit
360 247 432 284 illa
462 247 633 296 quidem
665 248 806 293 vidua,
838 248 910 285 sed
942 261 1007 284 me
1038 260 1153 285 meae
1184 247 1439 284 conditionis
1469 248 1682 296 poenitere
1712 260 1798 284 non

229 301 362 339 decet.
422 301 594 339 Vtinam
625 315 735 339 nunc
764 314 847 339 non
876 307 988 339 esset
1018 315 1161 339 rumor
1191 314 1339 346 vanus,
1369 303 1440 350 qui
1471 305 1717 338 constanter
1746 301 1797 338 de

171 374 210 395 10
230 360 306 393 tuo
338 356 529 393 aduentu
563 357 797 405 spargitur!
853 356 1063 393 Habercm
1097 356 1219 393 aedes
1252 356 1330 393 tibi
1363 356 1796 401 eonnenientissimas,

230 423 315 447 non
346 414 517 447 tantum
549 416 722 460 propter
753 411 1039 448 aedificiorum
1074 410 1444 459 magnificentiam,
1478 409 1549 447 sed
1581 411 1710 447 etiam
1743 410 1797 447 ob

229 464 526 502 salubritatem
549 465 640 509 loci,
658 466 729 513 qui
747 466 860 502 iactu
878 465 1031 514 lapidis
1045 478 1069 501 a
1087 465 1306 502 moenibus
1323 465 1511 501 ciuitatis
1529 464 1796 501 Mechlinien-

230 520 284 556 sis
304 531 387 556 non
408 519 554 564 distat,
577 519 882 568 paululumque
904 520 945 556 in
967 519 1082 556 edito
1109 524 1174 556 est
1201 523 1331 567 atque
1360 520 1401 555 in
1429 520 1491 556 sui
1520 519 1798 556 munitionem

230 573 388 623 duplici
423 587 536 623 aqua
575 575 768 623 cingitur.
832 574 921 611 Has
957 573 1035 610 tibi
1070 573 1147 610 soli
1188 573 1480 622 relinquerem,
1516 574 1798 623 Antuerpiam

173 646 210 676 15
230 628 555 677 demigraturus.

286 683 347 719 De
370 682 577 732 Hispania
599 682 701 731 quid
724 683 800 719 tibi
823 682 1016 727 scribam,
1043 683 1194 719 nescio.
1256 682 1410 719 Feruet
1438 682 1520 719 illic
1543 681 1712 731 quidem
1735 683 1799 719 tui

231 737 366 782 fauor,
397 737 470 774 sed
501 738 587 774 sine
621 737 706 774 vlla
737 738 800 773 sui
831 737 1127 774 declaratione.
1188 736 1540 786 Arehiepiseopus
1566 736 1799 774 Toletanus

232 791 369 829 multa
397 791 692 841 pollicebatur,
722 791 794 828 sed
822 792 974 828 mirum
1002 796 1130 840 quam
1157 792 1212 828 sit
1240 791 1524 841 tardaipsius
1552 791 1795 828 liberalitas.

232 846 513 883 Extorsissem
537 846 718 883 libenter
744 849 845 883 ante
870 858 1010 883 meum
1039 845 1266 883 discessum
1294 846 1582 895 syngrapham
1610 858 1800 883 summae

171 918 213 939 20
233 901 310 938 tibi
342 900 592 945 destinatae,
629 900 701 937 sed
737 901 938 949 quoniam
971 904 1143 937 tantum
1177 913 1270 937 mea
1303 901 1513 938 rhetorica
1546 913 1631 937 non
1665 900 1799 949 potui,

233 955 417 1004 Vergara
444 955 801 992 transmittendae
827 954 1095 1004 syngraphae
1123 967 1229 992 onus
1254 955 1295 991 in
1324 968 1366 992 se
1392 955 1573 1004 recepit:
1606 955 1660 992 ob
1682 955 1800 992 cuius

231 1011 570 1059 expectationem
599 1009 805 1046 hactenus
834 1010 964 1058 ipsius
991 1009 1216 1058 epistolam
1244 1010 1423 1054 seruaui,
1456 1022 1540 1058 quo
1571 1009 1686 1046 illam
1718 1022 1801 1046 vna

232 1077 326 1102 cum
350 1064 592 1113 syngrapha
617 1065 844 1101 mitterem.
906 1063 1083 1101 Interim
1109 1068 1253 1101 tamen
1282 1076 1365 1101 non
1391 1065 1587 1109 occurrit,
1610 1064 1677 1101 cui
1703 1068 1801 1101 tuto

232 1119 464 1168 potuissem
486 1119 765 1156 committere.
825 1117 946 1163 Quod
969 1118 1023 1155 ad
1045 1131 1111 1156 me
1137 1119 1332 1168 pertinet,
1355 1120 1397 1155 in
1424 1118 1631 1168 Hispania
1658 1119 1800 1156 inueni

172 1190 212 1220 25
232 1174 599 1210 constantissimos
621 1173 791 1222 quidem
813 1173 983 1217 amicos,
1006 1173 1079 1210 sed
1099 1172 1399 1222 χρηστολόγους
1420 1186 1575 1211 omnes.
1631 1173 1800 1210 Archie-

232 1229 391 1277 piscopi
416 1228 665 1276 benignitati
686 1227 915 1277 plurimum
938 1227 1083 1272 debeo,
1101 1240 1209 1276 quae
1231 1241 1273 1265 se
1295 1232 1439 1265 tamen
1461 1228 1668 1265 hactenus
1689 1228 1802 1265 intra

232 1283 447 1332 pomoeria
470 1281 759 1319 beneuolentis
779 1282 908 1319 animi
930 1283 1152 1319 continuit.
1195 1282 1309 1320 Bene
1331 1282 1437 1328 vale,
1460 1282 1639 1320 Domine
1661 1282 1800 1320 claris-

233 1337 348 1382 sime,
370 1341 413 1374 et
435 1349 499 1373 me
521 1349 571 1373 ex
595 1337 735 1373 animo
757 1341 879 1373 tuum
901 1349 989 1374 esse
1012 1341 1178 1386 putato.

289 1391 465 1441 Raptim
488 1391 737 1428 Mechliniae
760 1392 801 1428 xi
823 1391 1022 1428 Februar.
1045 1391 1171 1429 Anno
1196 1401 1311 1441 1534.

174 1462 215 1491 30
288 1445 416 1483 Mitto
446 1446 500 1483 ad
531 1450 574 1483 te
605 1445 931 1490 oratiunculam,
964 1459 1092 1495 quam
1124 1446 1386 1484 Barthinone
1418 1446 1669 1484 habuimus:
1708 1459 1801 1484 eam

233 1513 317 1538 non
339 1500 568 1537 illubenter
589 1500 883 1537 submittimus
905 1505 981 1538 tuo
1002 1497 1457 1546 limatissnno‘iudioio,
1480 1514 1634 1550 magna
1656 1505 1801 1538 tamen

233 1567 328 1592 cum
351 1568 436 1604 spe,
458 1556 608 1592 erroris
634 1555 801 1592 veniam
832 1567 898 1592 me
928 1555 1050 1592 facile
1080 1568 1105 1592 a
1136 1560 1211 1593 tuo
1244 1557 1285 1592 in
1316 1569 1381 1593 me
1410 1568 1551 1593 amore
1577 1557 1803 1605 impetrare

233 1622 365 1659 posse.
426 1608 572 1646 Omnis
603 1614 747 1647 tamen
779 1610 820 1646 in
850 1622 899 1647 ea
927 1623 969 1647 re
998 1611 1215 1648 temeritas
1240 1610 1408 1648 Caesari
1435 1611 1701 1660 imputanda,
1729 1611 1802 1660 qui

233 1665 497 1714 impressioni
518 1677 602 1701 non
624 1664 930 1714 refragabatur.
991 1664 1152 1702 Iterum
1176 1665 1281 1702 vale.

173 1734 214 1764 35
1013 1719 1111 1757 TE.
1135 1719 1424 1757 deditissimus
1445 1719 1569 1757 Fran.
1594 1719 1746 1758 Dilfus.

429 1879 695 1934 287329052938
758 1879 826 1919 ΤΟ
858 1879 990 1920 JOHN
1024 1878 1268 1921 GENEsms
1301 1879 1601 1921 SEPULVEDA.

285 1967 533 2013 Sepuluedae
552 1969 828 2014 Epistolarum
848 1969 934 2003 Lib.
958 1978 992 2012 7,
1016 1978 1120 2013 1557,
1142 1970 1169 2003 f.
1193 1970 1239 2003 B.
1450 1970 1654 2014 Freiburg.

286 2017 375 2062 Sep.
396 2018 442 2052 E.
464 2029 502 2062 p.
524 2019 582 2062 84.
1355 2028 1397 2062 17
1418 2019 1626 2063 February
1649 2029 1753 2062 1534.

336 2111 376 2137 D.
401 2111 599 2138 ERASMVS
621 2111 945 2139 ROTERODAMVS
966 2112 992 2138 I.
1016 2112 1207 2140 GENESIO
1229 2112 1516 2139 SEPVLVEDAE
1539 2113 1571 2140 S.
1595 2113 1630 2139 P.
1654 2113 1695 2139 D.

291 2170 426 2208 NIHIL
447 2172 549 2209 mihi
576 2171 791 2209 redditum
817 2176 894 2217 est,
923 2172 1166 2210 doctissime
1191 2171 1440 2222 Sepulueda‚
1463 2173 1536 2210 sed
1559 2172 1610 2210 R.
1634 2173 1684 2210 D.
1709 2172 1803 2210 Ina-

237 2225 351 2270 chus,
374 2226 607 2275 Episcopus
631 2230 674 2263 et
699 2226 936 2264 Cardinalis
963 2227 1201 2276 Burgensis,
1223 2227 1356 2265 literis
1377 2228 1462 2265 suis
1483 2227 1742 2277 significarat
1763 2240 1805 2264 se

237 2285 485 2317 curaturum
516 2285 565 2318 vt
595 2293 646 2318 ex
669 2281 732 2318 his
763 2294 871 2330 quae
902 2280 1078 2319 Stunica
1108 2286 1295 2327 notarat,
1327 2282 1665 2319 describerentur
1697 2294 1805 2331 quae

238 2334 485 2372 viderentur
505 2335 559 2372 ad
580 2348 667 2372 rem
688 2337 922 2385 pertinere;
955 2336 1081 2385 idque
1102 2336 1156 2373 ab
1177 2348 1226 2374 eo
1247 2335 1409 2374 factum
1431 2340 1509 2381 est,
1532 2336 1605 2373 sed
1627 2336 1806 2374 schedae

200 2406 219 2438 5
239 2388 292 2426 ad
314 2402 379 2426 me
400 2401 484 2426 non
505 2394 791 2439 peruenerunt
811 2391 1058 2440 priusquam
1080 2391 1168 2440 ipse
1189 2391 1244 2428 ad
1261 2389 1481 2428 Caesarem
1498 2391 1715 2440 profectus
1736 2403 1807 2428 eas

239 2444 282 2480 in
307 2444 468 2480 scriniis
493 2443 656 2481 Alfonsi
685 2444 871 2482 Valdesii
897 2446 1132 2494 reperisset,
1163 2458 1247 2482 vna
1272 2458 1367 2482 cum
1393 2446 1480 2482 suis
1504 2445 1649 2490 literis,
1676 2449 1806 2494 atque

239 2497 335 2535 inde
356 2498 411 2535 ad
432 2510 498 2535 me
520 2499 782 2543 transmisit3
815 2499 941 2536 simul
963 2499 1069 2537 illud
1092 2499 1295 2545 indicans,
1313 2498 1533 2537 Stunicam
1555 2500 1806 2537 morientem

239 2551 463 2601 diligenter
484 2553 709 2590 mandasse
730 2566 781 2590 ne
798 2554 900 2602 quid
916 2567 1063 2592 earum
1085 2555 1415 2591 annotationum
1431 2555 1566 2591 exiret
1583 2555 1625 2591 in
1641 2554 1806 2603 vulgus,

456 2622 551 2652 2904.
577 2632 608 2660 9.
634 2623 739 2653 decet
756 2624 991 2663 scripsimus:
1017 2623 1129 2654 debet
1146 2624 1239 2655 Hist.
1258 2624 1334 2655 eccl.
1352 2623 1497 2664 Suppl.‚
1516 2624 1590 2654 LB.

283 2709 379 2739 2904.
405 2719 454 2748 17.
477 2709 796 2750 Archiepiscopus]
808 2710 986 2747 Fonseca3
1057 2711 1120 2742 the
1138 2711 1214 2742 fact
1230 2712 1315 2742 that
1328 2712 1374 2742 he
1387 2711 1460 2742 had
1474 2711 1639 2742 received
1655 2721 1676 2742 a
1694 2711 1806 2752 speci-

240 2753 304 2783 the
319 2754 485 2792 gratuity
503 2754 620 2783 which
640 2753 816 2784 Erasmus
833 2765 907 2785 was
927 2765 987 2785 ex·
1055 2765 1139 2785 men
1171 2755 1209 2785 of
1242 2755 1425 2786 Stunica's
1452 2760 1558 2786 notes
1586 2755 1680 2786 from
1708 2765 1808 2786 some

240 2797 388 2836 pecting
419 2806 493 2826 was
524 2797 760 2837 presumably
792 2798 828 2828 in
859 2802 987 2829 return
1056 2808 1188 2838 person
1205 2798 1403 2835 unnamed,
1422 2809 1480 2829 see
1498 2799 1566 2838 Ep.
1585 2807 1680 2838 2701.
1699 2807 1796 2835 9-10.

241 2840 296 2870 for
313 2840 369 2870 his
385 2839 594 2870 dedication
611 2841 648 2870 of
666 2841 884 2881 Augustine.
1102 2851 1132 2872 2.
1158 2842 1286 2880 literis]
1312 2842 1387 2873 Not
1411 2847 1555 2878 extant,
1581 2842 1650 2873 but
1674 2842 1808 2882 clearly

284 2883 380 2913 2905.
410 2893 436 2913 1.
463 2883 576 2921 Nihil]
613 2884 788 2915 Erasmus
827 2885 899 2915 had
938 2885 987 2915 al·
1058 2886 1156 2926 prior
1173 2890 1213 2916 to
1231 2886 1299 2926 Ep.
1320 2895 1415 2925 2705.

241 2926 353 2966 ready
390 2927 611 2966 acquainted
653 2927 860 2968 Sepulveda
898 2929 989 2959 with
