1966 3379
580 134 652 173 To
680 133 833 173 JOHN
863 131 1140 170 VERGARA
1569 128 1648 166 323

80 140 201 189 2879]

81 242 341 291 descriptum
363 244 439 285 est,
463 252 548 288 quo
568 251 709 276 meum
731 250 820 274 esse
841 236 950 274 duco
972 234 1175 284 quicquid
1203 237 1269 271 est
1298 234 1341 269 in
1370 233 1490 269 bonis
1514 233 1649 269 Pann-

80 296 318 346 gartenicis.
378 294 476 331 Non
502 293 617 342 quod
642 292 753 330 illius
774 291 970 329 fortunas
992 289 1120 326 velim
1143 289 1392 326 imminuere
1416 287 1546 335 (quod
1575 299 1651 323 nec

81 352 247 389 animus
278 349 344 387 hic
375 348 567 398 postulat
592 360 667 384 nec
692 359 756 384 res
783 345 1006 382 familiaris
1033 343 1194 392 exigit),
1218 342 1291 379 sed
1319 341 1373 378 ob
1405 341 1482 378 hoc
1512 342 1651 390 ipsum

82 406 181 442 viuo
211 403 485 452 tranquillius
515 401 630 451 quod
659 401 898 438 existimem
934 399 975 435 in
1009 410 1103 435 meo
1133 409 1223 434 esse
1254 395 1416 433 mundo
1448 395 1651 444 quicquid

80 459 269 510 possidet
298 469 501 506 syncerus
531 457 704 493 amicus.
765 454 894 491 Proin
929 464 1150 501 nunquam
1187 450 1290 488 mihi
1323 449 1500 487 videbor
1531 450 1653 498 inops

81 517 158 551 aut
192 512 440 556 destitutus,
477 510 666 560 quandiu
702 508 810 546 tales
850 510 1081 557 supersunt
1121 505 1258 549 amici,
1299 517 1386 541 non
1426 504 1487 540 ita
1528 503 1654 540 multi

80 567 252 616 quidem
274 566 346 611 illi,
369 565 442 603 sed
464 565 619 609 eximii,
642 567 691 600 vt
712 563 864 600 horum
886 561 1069 610 quilibet
1089 572 1178 597 esse
1198 559 1335 609 possit
1355 557 1516 595 πολλῶν
1537 556 1652 594 ἀντά-

80 621 164 668 ξιος
203 620 346 658 ἄλλων.
418 619 604 667 Syncero
639 618 774 655 amico
808 616 927 653 nulla
959 615 1166 665 possessio
1201 614 1451 663 preciosior:
1498 613 1540 648 in
1577 612 1654 649 hac

82 675 195 713 soleo
216 675 442 725 praecipue
458 673 767 722 conquiescere,
786 683 937 719 meque
955 671 1093 719 ipsum
1110 668 1318 706 aduersus
1339 666 1385 703 τὸ
1407 670 1487 703 τῶν
1505 665 1651 714 βατρά-
1699 681 1714 701 2

80 746 163 779 χων
183 728 283 774 κοὰξ
304 728 526 766 consolari.
574 727 655 765 Sed
677 726 878 775 quoniam
901 725 943 761 in
965 724 1043 761 hoc
1065 722 1208 760 seculo
1225 721 1330 759 nihil
1347 725 1412 758 est
1434 721 1652 770 proprium

81 788 158 822 aut
184 787 455 833 perpet-uum,
477 781 720 820 consultum
742 784 819 824 est,
843 780 965 816 iuxta
995 778 1109 815 beati
1131 776 1253 814 Pauli
1274 775 1512 819 consilium,
1542 775 1651 811 hanc

80 850 249 887 quoque
277 838 584 887 possessionem
606 836 663 872 sic
685 835 839 872 habere
861 833 982 881 quasi
1011 844 1096 869 non
1126 831 1372 868 habeamus.
1435 829 1654 866 Volubiles

81 896 182 930 sunt
213 892 343 930 animi
378 890 638 935 mortalium,
670 893 714 926 et
747 892 796 925 vt
828 887 915 925 tale
950 886 1055 924 nihil
1092 885 1272 930 accidat,
1305 898 1330 922 a
1360 887 1497 921 morte
1530 895 1655 920 nemo

80 951 203 984 tutus
225 950 302 984 est.
363 944 444 983 Sed
469 945 582 982 absit
603 956 727 981 omen
750 943 984 980 sinistrum.
1043 940 1270 978 Communi
1297 943 1482 989 patrono
1509 937 1654 975 Archi-

80 1002 279 1051 episcopo
305 1000 513 1037 Toletano
534 999 601 1036 fac
623 1011 689 1036 me
711 996 995 1040 commendes,
1018 996 1186 1044 quoties
1212 993 1409 1031 inciderit
1435 993 1655 1042 oportuni-

83 1060 162 1093 tas.
223 1054 472 1104 Complures
503 1057 603 1091 sunt
634 1053 746 1097 anni,
776 1051 892 1100 quod
922 1063 989 1087 me
1020 1050 1222 1099 dignatus
1253 1052 1318 1086 est
1348 1049 1390 1084 in
1421 1048 1656 1084 amicorum

81 1122 306 1147 numerum
328 1108 571 1149 asscribere,
589 1111 633 1145 et
653 1111 797 1144 tamen
816 1110 864 1142 vt
887 1117 1032 1143 omnes
1054 1116 1139 1141 vno
1162 1116 1232 1141 ore
1254 1102 1518 1153 praedicant,
1538 1105 1657 1139 totus

81 1164 220 1202 adhuc
243 1164 286 1201 in
307 1162 604 1201 beneuolentia
625 1174 767 1198 recens
789 1164 865 1198 est.
926 1159 1041 1196 Bene
1064 1158 1171 1196 vale.

136 1219 299 1256 Datum
320 1217 436 1267 apud
458 1217 713 1265 Friburgum
736 1215 948 1263 Brisgoae.
976 1224 1024 1261 13
1047 1212 1134 1250 Cal.
1159 1211 1380 1250 Decembr.
1408 1221 1524 1258 1533.

136 1272 291 1322 Scripsi
313 1276 413 1309 ante
435 1283 593 1321 paucos
615 1270 702 1307 dies
730 1282 804 1319 per
825 1268 990 1306 Cesaris
1012 1272 1238 1311 oratorem,
1261 1265 1657 1304 commendatorem

81 1327 307 1376 quendam,
331 1328 470 1364 virum
499 1330 548 1363 vt
575 1328 757 1374 apparet
787 1323 1016 1360 candidum
1048 1323 1270 1370 nostrique
1301 1320 1555 1365 studiosum,
1586 1320 1659 1368 qui

80 1381 220 1419 multa
241 1381 343 1419 mihi
365 1380 644 1431 praedicabat
665 1378 818 1416 auditu
840 1377 1026 1415 iucunda
1043 1377 1094 1414 de
1113 1376 1310 1414 Toletani
1331 1374 1538 1425 praesulis
1559 1386 1659 1422 erga

79 1449 146 1474 me
168 1440 374 1486 perpetuo
396 1435 555 1473 fauore.

475 1625 603 1662 2880.
668 1621 736 1661 To
768 1619 931 1660 PETER
964 1619 1263 1660 RICHARDOT.
1294 1595 1296 1597 .

128 1712 337 1757 Epistolae
357 1711 580 1745 Vniuersae
599 1722 638 1755 p.
663 1721 768 1744 1112.

130 1762 258 1796 Lond.
279 1761 402 1794 xxvii.
424 1771 492 1804 49:
522 1761 605 1794 LB.
630 1762 736 1793 1260.

1286 1707 1495 1751 Freiburg.

1187 1768 1230 1798 19
1248 1757 1481 1790 November
1504 1765 1610 1799 1533.

125 1845 249 1883 [Peter
266 1844 481 1879 Riehardot,
500 1844 632 1879 LL.D.‚
650 1853 724 1873 was
741 1842 822 1873 first
838 1853 859 1873 a
877 1842 1041 1872 member
1063 1841 1100 1872 of
1125 1841 1189 1872 the
1212 1839 1416 1871 household
1433 1840 1471 1870 of
1493 1839 1661 1870 Leonard

81 1889 118 1919 of
142 1888 324 1928 Gruyeres
344 1889 417 1924 (see
440 1888 508 1928 Ep.
532 1896 613 1926 1534
635 1886 769 1917 int-rod.
786 1898 793 1921 ;
819 1886 864 1917 ef.
888 1885 973 1926 Cog.
993 1886 1035 1915 E.
1054 1885 1077 1919 i,
1102 1895 1137 1925 p.
1162 1886 1253 1923 302),
1272 1884 1365 1914 later
1383 1883 1523 1914 Official
1541 1887 1581 1914 to
1598 1883 1662 1913 the

82 1932 320 1963 Archdeacon
334 1932 370 1961 111
380 1931 586 1962 511000551011
600 1934 640 1961 to
654 1931 737 1970 Des.
752 1930 923 1960 Morellus
933 1930 1017 1970 (Ep.
1036 1938 1130 1968 1534.
1147 1929 1241 1965 2011),
1257 1928 1331 1958 and
1344 1938 1462 1958 canon
1477 1927 1513 1957 of
1524 1927 1662 1957 Besan-

82 1986 151 2015 con
169 1975 288 2015 4July
303 1984 386 2015 1534
401 1975 608 2013 (Besanqon
626 1974 803 2004 Archives
820 1974 863 2004 G.
884 1982 959 2011 250,
974 1983 1010 2013 p.
1026 1974 1073 2011 5),
1087 1972 1149 2010 Τ25
1167 1973 1252 2002 Dec.
1270 1980 1364 2011 1541.
1407 1971 1475 2001 His
1497 1980 1663 2011 younger

82 2019 246 2053 brother,
267 2019 415 2049 Francis
433 2018 637 2048 Richardot
654 2018 879 2057 (1507—1574)
901 2027 975 2047 was
995 2027 1016 2046 a
1038 2015 1190 2056 protege
1211 2016 1248 2046 of
1268 2016 1332 2046 the
1355 2014 1569 2045 Granvelles
1588 2013 1662 2044 and

81 2063 230 2093 became
251 2063 312 2102 bp.
335 2063 372 2092 of
395 2063 517 2093 Arras.
567 2061 631 2092 See
654 2061 762 2091 Me‘m.
788 2061 881 2091 Hist.
902 2061 942 2091 (Ie
965 2061 1000 2090 la
1022 2060 1331 2093 Famem-Cornifi,
1354 2059 1402 2093 ix,
1430 2068 1524 2095 1900,
1547 2068 1584 2098 p.
1607 2067 1662 2096 97,

82 2106 155 2137 and
170 2107 212 2136 A.
223 2106 359 2137 Castan
372 2107 408 2136 in
421 2106 530 2136 Me'm.
543 2105 620 2135 Soc.
633 2097 794 2136 d’Emul.
808 2105 856 2135 du
874 2104 1109 2137 Doubs,vi.6,
1123 2104 1262 2140 1891—2,
1273 2113 1336 2143 pp.
1348 2104 1400 2140 58,
1413 2102 1555 2133 6o.——P.
1567 2102 1601 2132 S.
1619 2102 1661 2132 A.

126 2150 213 2180 Two
230 2150 359 2180 letters
376 2154 416 2180 to
434 2149 542 2180 Peter
560 2149 763 2179 Richardot
777 2149 871 2178 from
885 2148 1073 2187 Cognatus
1087 2148 1194 2183 (both
1207 2147 1367 2177 without
1381 2146 1588 2186 year-date)
1602 2155 1664 2175 are

83 2193 232 2233 printed
247 2194 283 2223 in
296 2193 381 2233 Cog.
396 2193 438 2223 E.
455 2193 476 2227 i,
492 2203 554 2233 pp.
571 2202 689 2232 300—2.

82 2237 139 2267 his
156 2237 342 2274 enemies]

724 2193 768 2222 In
786 2193 849 2222 the
867 2192 948 2222 first
965 2192 1153 2232 Cognatus
1169 2191 1323 2231 appeals
1340 2190 1397 2221 for
1415 2189 1500 2230 help
1517 2190 1664 2229 against

451 2290 651 2316 ERASMVS
672 2290 768 2316 ROT.
794 2289 934 2316 PETRO
956 2288 1242 2316 RICHARDOTO
1264 2288 1296 2314 S.

140 2350 225 2387 ΙΑΜ
247 2349 377 2387 ferme
404 2351 558 2387 mensis
583 2354 649 2387 est
677 2350 791 2399 quod
823 2354 1033 2399 patronus
1064 2348 1168 2386 mihi
1199 2352 1341 2385 tecum
1373 2347 1610 2385 communis
1640 2359 1661 2382 e

84 2405 260 2442 Luceria
300 2405 470 2454 scripsit
509 2405 563 2442 ad
609 2417 675 2442 me
718 2404 883 2442 litteras
924 2404 1209 2442 humanitatis
1249 2415 1297 2440 ac
1340 2401 1661 2439 beneuolentiae

128 2492 225 2522 2879.
252 2501 391 2531 212—13.
419 2492 523 2522 MS:
550 2492 871 2531 Paungartncricis
889 2492 929 2522 L.

84 2539 159 2566 216.
185 2536 339 2566 videbor
356 2536 444 2566 mihi
463 2536 502 2566 L.
577 2545 651 2572 219·
679 2536 714 2566 in
733 2536 800 2566 hac
820 2560 826 2566 .
849 2559 855 2566 .
877 2559 882 2565 .
902 2545 976 2566 221.
1003 2535 1181 2566 consolari
1199 2535 1281 2565 add.
1305 2534 1340 2564 L.

83 2580 223 2610 sionem
240 2579 322 2610 add.
341 2579 381 2609 L.

980 2501 1052 2530 213.
1080 2491 1247 2522 Non...
1267 2493 1342 2521 216.
1368 2490 1507 2520 amicus
1525 2489 1605 2519 odd.
1622 2488 1660 2518 L.

1420 2542 1494 2572 223.
1522 2542 1661 2573 posses-

129 2666 225 2696 2879.
253 2667 327 2696 218.
354 2666 496 2704 πολλῶν]
510 2666 620 2697 Hom.
636 2666 681 2696 Il.
699 2676 747 2696 11.
762 2675 835 2706 514.

130 2719 204 2748 231.
230 2710 430 2747 oratorem]
455 2710 544 2740 This
569 2710 700 2740 should
730 2714 836 2740 natu-

907 2667 1025 2696 mians
1034 2665 1107 2696 and
1120 2666 1149 2696 it
1161 2666 1190 2695 is
1201 2664 1434 2695 concoivubk»
1445 2664 1523 2694 that
1539 2663 1562 2693 it
1579 2673 1663 2702 may

909 2711 952 2739 be
970 2710 1026 2745 110,
1045 2709 1118 2740 and
1137 2714 1203 2739 not
1220 2709 1420 2740 Cifuonfos.
1437 2707 1517 2736 who
1536 2707 1563 2736 is
1579 2707 1662 2735 here

86 2753 177 2792 rally
194 2763 301 2783 mean
320 2754 383 2783 the
404 2753 577 2793 Imperial
598 2754 839 2784 ambassador

86 2800 126 2827 to
144 2796 207 2827 the
225 2797 339 2837 Papal
356 2801 474 2831 court,
493 2797 574 2827 who
594 2801 634 2827 at
655 2797 729 2827 this
749 2798 838 2827 time

86 2850 160 2870 was
171 2840 364 2870 Fernando
373 2840 417 2870 de
427 2840 537 2876 Silva,
548 2840 675 2871 Comtc
685 2840 729 2870 de
739 2840 838 2870 Cifu-

86 2887 202 2913 entes.
222 2883 359 2913 Hehad
369 2884 569 2914 succeeded
578 2884 838 2924 MiguelMaius

85 2927 369 2957 ambassadorin
378 2927 503 2957 March
516 2937 609 2966 1533·
636 2928 780 2958 Brewer
789 2928 836 2958 vi.

89 2978 160 3010 175.
190 2970 262 3001 Mai
272 2980 345 3001 was
356 2980 424 3001 one
434 2971 471 3001 of
482 2971 546 3002 the
558 2971 715 3011 Spanish
730 2971 837 3002 Eras-

907 2754 1048 2793 spoken
1075 2753 1132 2785 of:
1166 2753 1236 2782 but,
1260 2762 1313 2782 we
1343 2752 1436 2781 have
1462 2760 1509 2780 no
1539 2750 1660 2779 know-

907 2797 1011 2835 ledge
1034 2797 1072 2827 of
1096 2807 1170 2836 any
1192 2796 1280 2826 visit
1305 2799 1343 2825 to
1369 2795 1545 2824 Erasmus
1568 2793 1660 2823 from

906 2841 1025 2870 either
1041 2841 1079 2870 of
1096 2841 1200 2870 these
1219 2848 1450 2879 personages.

951 2884 1047 2913 2880.
1078 2893 1105 2913 1.
1133 2880 1506 2923 patronusssmonard
1519 2880 1660 2910 010111-

907 2927 1029 2967 yores;
1069 2927 1125 2957 for
1155 2927 1210 2956 his
1238 2926 1348 2956 letter
1377 2935 1435 2954 sce
1465 2924 1533 2963 Ep.
1566 2924 1660 2962 2870.

911 2981 986 3011 1411.

1674 409 1734 440 215

1676 951 1738 981 ²²5

1678 1225 1741 1254 230
