1966 3379
105 150 225 199 2683]
395 147 465 186 TO
493 146 645 185 JOHN
675 143 905 183 GEORGE
937 142 1376 181 PAUNGARTNER
1611 143 1661 178 57

104 254 187 292 alia
208 252 345 291 multa
367 264 460 289 sum
480 249 764 294 exosculatus,
787 253 881 285 tum
903 248 1128 297 praecipue
1152 246 1337 283 indolem
1359 246 1485 282 istam
1512 245 1660 282 libera-

106 309 201 353 lem,
232 308 545 357 ingenuumque
576 304 796 354 pudorem,
828 315 913 351 qua
946 301 1108 338 factum
1142 305 1207 338 est
1237 304 1285 337 vt
1315 300 1429 348 quod
1463 304 1539 336 tuo
1575 300 1662 336 iure

104 363 223 400 licuit
244 360 473 411 postulare,
496 359 537 396 id
560 363 649 396 tam
667 357 915 401 verecunde,
939 361 1111 404 tamque
1129 358 1372 392 reuerenter
1389 355 1555 404 putaris
1573 366 1661 390 am-

106 416 317 454 biendum.
377 414 480 452 Mihi
508 426 608 451 vero
636 412 815 462 posthac
836 416 880 448 et
901 412 988 460 ipse
1010 411 1190 448 Ioannes
1214 410 1561 458 Paungartnerus
1582 409 1663 445 erit

104 471 292 509 charior:
325 470 398 519 qui
424 469 554 506 talem
573 467 755 511 habeat,
781 479 864 504 non
893 465 1019 503 modo
1046 464 1306 502 facultatum
1329 463 1663 512 haudquaquam
1687 476 1723 505 15

103 526 289 570 exilium,
304 523 583 562 verumetiam
597 522 858 571 egregiarum
873 521 1100 564 virtutum,
1115 519 1269 568 quibus
1284 518 1421 555 multo
1436 518 1663 567 speciosius

104 581 223 618 diues
254 583 319 617 est
348 591 477 628 quam
510 575 853 627 possessionibus,
885 579 1085 624 paratum
1117 573 1352 611 haeredem.
1413 573 1583 610 Etenim
1617 573 1663 616 si,

104 634 218 684 quod
253 633 450 678 arbitror,
487 632 589 669 haec
622 630 805 681 epistola
836 634 913 667 tuo
943 630 1067 666 vnius
1101 632 1238 665 marte
1271 627 1337 664 καὶ
1373 627 1465 664 ἄνευ
1499 625 1665 676 Θησέως

104 690 262 738 scripta
282 692 358 733 est,
381 686 485 724 nihil
507 685 716 724 mediocre
737 685 789 722 de
817 689 859 722 te
884 684 1005 721 nobis
1031 683 1293 733 pollicemur,
1316 695 1390 719 nec
1416 681 1665 719 dubitamus

104 744 207 793 quin
228 747 289 788 tu,
307 755 391 791 qua
413 741 588 791 coepisti
609 752 797 790 pergens,
815 740 869 776 sis
887 742 931 775 et
946 739 1155 775 maiorum
1172 736 1386 787 splendori
1408 741 1452 774 et
1473 737 1665 773 omnium
1686 749 1727 770 20

105 803 276 836 tuorum
298 796 586 846 expectationi
607 794 776 832 abunde
798 805 1089 843 responsurus.
1148 791 1444 841 Respondebis
1465 794 1610 828 autem
1633 791 1666 827 si

104 852 283 890 solidam
323 851 606 889 eruditionem
647 862 742 886 cum
776 848 1022 898 integritate
1056 860 1223 884 morum
1259 846 1540 884 coniunxeris.
1600 844 1665 882 Ad

104 907 218 956 quod
249 919 381 956 quum
414 905 494 943 tibi
523 909 566 942 et
598 904 832 942 domestica
865 903 1195 953 progenitorum,
1212 905 1342 950 atque
1372 901 1562 938 affinium
1595 912 1664 937 ex-

104 961 256 1012 empla,
287 965 331 999 et
362 960 649 1010 praeceptoris
679 958 835 996 eruditi
866 957 1099 1007 vigilantia,
1129 960 1173 993 et
1203 955 1405 1005 quicquid
1436 969 1461 996 a
1492 954 1667 992 fortuna

105 1016 369 1066 suppeditari
389 1019 545 1065 potest,
568 1013 737 1051 abunde
758 1016 973 1062 suppetat,
997 1024 1081 1049 non
1103 1023 1301 1048 veremur
1322 1023 1374 1048 ne
1396 1014 1491 1048 tute
1512 1009 1592 1047 tibi
1612 1010 1667 1046 sis
1688 1021 1727 1051 25

104 1083 292 1120 vnquam
320 1070 558 1114 defuturus,
588 1068 837 1118 praesertim
865 1079 996 1116 quum
1025 1066 1164 1104 adhuc
1193 1067 1234 1103 in
1264 1065 1394 1103 herba
1426 1069 1515 1102 tam
1547 1076 1666 1114 prae—

104 1126 267 1163 clarum
288 1124 339 1162 de
362 1129 403 1162 te
425 1125 637 1174 specimen
659 1122 834 1159 dederis,

159 1179 359 1230 Superest
380 1183 428 1216 vt
450 1179 587 1216 Deum
609 1177 830 1227 Optimum
848 1177 1084 1214 Maximum
1106 1187 1435 1225 comprecemur,
1454 1178 1503 1212 vt
1524 1174 1603 1211 tibi
1625 1177 1669 1210 et

104 1236 240 1272 vitam
262 1234 688 1282 incolumitatemque
714 1231 931 1281 largiatur,
954 1235 997 1268 et
1018 1232 1149 1268 istum
1177 1231 1367 1268 animum
1390 1241 1515 1278 quem
1541 1229 1667 1278 inspi-

105 1291 217 1328 rauit
239 1301 402 1339 semper
423 1290 466 1326 in
487 1289 623 1325 maius
650 1286 871 1337 prouehat.
932 1286 1048 1323 Haec
1075 1286 1219 1335 scripsi
1245 1286 1356 1322 inter
1380 1285 1521 1321 varias
1549 1296 1668 1321 occu·
1690 1295 1730 1325 30

105 1345 308 1395 pationes,
323 1356 375 1381 ne
392 1356 476 1381 non
494 1342 670 1380 haberes
688 1354 804 1378 meae
822 1342 863 1378 in
881 1345 922 1378 te
940 1353 1023 1377 non
1042 1342 1125 1377 iam
1140 1340 1466 1377 beneuolentiae
1484 1342 1668 1383 tantum,

105 1399 385 1437 verumetiam
407 1398 580 1448 pietatis
601 1395 942 1445 chirographum.
1003 1395 1114 1432 Nam
1136 1395 1170 1432 si
1194 1395 1298 1432 mihi
1322 1407 1418 1431 cum
1444 1398 1566 1443 patre
1594 1397 1671 1430 tuo

104 1455 237 1491 ictum
259 1453 471 1491 amicitiae
498 1451 647 1490 foedus
675 1450 868 1501 postulat
891 1454 939 1487 vt
966 1451 1078 1487 inter
1104 1449 1223 1486 illum
1249 1454 1292 1487 et
1320 1462 1386 1486 me
1415 1449 1502 1486 sint
1529 1448 1672 1485 omnia

105 1509 358 1553 communia,
376 1520 560 1556 aequum
577 1511 642 1543 est
658 1505 849 1555 profecto
867 1509 914 1542 vt
932 1505 974 1542 in
996 1509 1038 1542 te
1056 1505 1246 1554 parentis
1269 1516 1435 1541 sumam
1453 1503 1668 1540 affectum.

106 1563 157 1601 Id
185 1563 300 1612 quod
329 1562 439 1600 facio
467 1573 673 1612 perquam
702 1560 896 1605 libenter,
925 1560 1026 1609 quia
1056 1572 1141 1596 non
1171 1558 1345 1609 perinde
1375 1571 1427 1595 ex
1459 1558 1671 1595 amicitiae
1692 1568 1731 1598 35

106 1618 267 1668 legibus
297 1621 428 1666 atque
456 1629 531 1666 pro
559 1620 635 1654 tuo
663 1616 828 1652 merito.
888 1615 1097 1652 Dominus
1126 1618 1247 1651 tuam
1276 1613 1462 1651 indolem
1491 1613 1673 1662 sospitet

106 1685 154 1710 ac
176 1676 407 1722 prosperet,
430 1670 581 1720 Georgi
603 1670 859 1708 charissime.

160 1727 287 1777 Apud
308 1726 562 1776 Friburgum
584 1725 782 1775 Brisgoae
805 1736 843 1762 v.
868 1724 934 1762 die
957 1723 1068 1761 Iulii.
1093 1734 1334 1761 M.D.xxxn.

449 1910 638 1963 26842688
701 1907 768 1947 ΤΟ
791 1907 1034 1947 ΒΟΝΙΕΑΟΕ
1057 1907 1342 1947 AMERBACH.

155 1984 364 2029 Epistolae
383 1983 648 2017 Palaeonaeoi
669 1995 708 2028 p.
730 1993 762 2026 3.
1385 1982 1591 2025 Freiburg.

158 2034 208 2068 N.
228 2045 267 2078 p.
288 2043 382 2078 942:
412 2033 540 2067 Lond.
561 2033 669 2066 xxiv.
694 2036 759 2066 16:
789 2033 872 2066 LB.
897 2034 1003 2066 1226.
1357 2034 1379 2065 6
1397 2031 1497 2076 July
1521 2041 1625 2074 1532.

282 2126 481 2154 ERASMVS
503 2126 827 2154 ROTERODAMVS
848 2126 1036 2153 CLARISS.
1060 2125 1249 2153 DOCTORI
1272 2125 1510 2152 BONIFACIO

689 2181 977 2208 AMERBACHIO
998 2181 1030 2208 S.
1054 2181 1094 2208 D.

164 2241 262 2280 NAE
284 2245 332 2279 tu
352 2241 461 2290 μάλα
484 2241 755 2290 ὑπερβολικῶς
776 2240 843 2278 καὶ
865 2240 1122 2290 ὑπερμέτρως
1149 2240 1355 2279 candidus
1382 2253 1429 2278 ac
1458 2240 1676 2278 modestus

111 2309 166 2342 es,
197 2296 453 2334 Amerbachi
486 2297 744 2342 charissime,
776 2297 848 2345 qui
881 2309 1013 2345 quum
1044 2297 1187 2333 omnia
1217 2296 1331 2333 laeta
1362 2296 1494 2344 magis
1530 2296 1676 2345 cupias

109 2363 199 2388 esse
229 2352 461 2389 amicorum
492 2364 619 2400 quam
651 2355 740 2396 tua,
771 2355 916 2388 tamen
948 2352 980 2387 si
1011 2351 1114 2400 quid
1146 2350 1302 2388 accidit
1332 2351 1539 2395 acerbius,
1571 2351 1677 2387 miro

110 2405 252 2443 studio
288 2405 398 2443 celas
431 2407 600 2451 amicos,
634 2419 765 2455 quum
803 2409 914 2443 recte
947 2405 1110 2443 dictum
1145 2406 1200 2442 sit
1232 2409 1276 2442 et
1310 2405 1416 2443 illud
1452 2404 1563 2442 κοινὰ
1598 2408 1678 2441 τῶν

111 2459 237 2509 φίλων
258 2460 349 2510 ἄχη.
410 2460 532 2498 Solus
553 2460 694 2498 dolere
716 2461 791 2506 vis,
811 2461 844 2497 si
866 2460 967 2509 quid
990 2460 1177 2497 vulneris
1199 2460 1279 2497 tibi
1300 2460 1473 2497 fortuna
1496 2459 1674 2497 inflixit:
1698 2478 1715 2507 5

113 2519 158 2552 at
179 2516 212 2552 si
233 2515 335 2564 quid
358 2515 478 2553 nobis
500 2515 655 2564 obtigit
676 2516 854 2560 tristius,
878 2528 961 2552 non
984 2519 1051 2552 sat
1073 2515 1204 2552 habes
1232 2516 1273 2552 in
1303 2515 1506 2552 moeroris
1535 2515 1677 2551 venire

113 2570 372 2613 societatem,
390 2571 561 2619 grauius
583 2571 862 2607 commoneris
880 2583 1008 2619 quam
1032 2571 1065 2607 si
1086 2570 1254 2619 proprie
1276 2573 1386 2607 esset
1404 2574 1527 2606 tuum
1547 2569 1676 2609 infor-

113 2625 292 2661 tunium.
354 2624 545 2668 Decessit
572 2625 651 2662 tibi
680 2624 822 2667 filiola,
848 2628 892 2662 et
916 2625 1031 2673 quod
1062 2624 1184 2665 nobis
1210 2624 1348 2662 multo
1375 2628 1440 2661 est
1471 2623 1677 2667 acerbius,

113 2678 183 2770 iili}
195 2684 243 2716 tu
264 2679 384 2727 μόνον
400 2678 488 2728 οὐχὶ
504 2679 782 2725 συναπέθανες,
800 2678 832 2715 ὦ
847 2679 1043 2728 βέλτιστε,
1061 2692 1135 2716 nec
1153 2679 1235 2716 alia
1252 2679 1389 2716 morbi
1406 2691 1533 2716 causa
1550 2690 1678 2726 quam

113 2746 127 2769 (
143 2746 167 2769 o
187 2746 244 2770 or.
1704 2750 1740 2770 10

170 2787 358 2825 Tantum
388 2788 547 2826 malum
574 2789 676 2826 mihi
704 2801 794 2826 sero
826 2789 930 2826 scire
962 2789 1093 2833 licuit,
1122 2802 1196 2826 noc
1229 2788 1267 2825 id
1295 2801 1394 2825 sane
1426 2800 1499 2837 por
1524 2792 1579 2831 te,
1608 2786 1679 2823 scd

117 2854 189 2891 per
223 2843 433 2880 medicum
468 2848 590 2880 tuum
632 2843 711 2881 huc
744 2843 855 2881 forte
896 2843 1070 2881 fortuna
1104 2843 1356 2892 profectum.
1419 2842 1570 2890 Itaque
1605 2854 1679 2877 nos

277 2914 372 2944 2683.
399 2917 450 2953 36.
478 2925 544 2955 pro
561 2915 641 2946 add.
662 2915 707 2945 N.
800 2915 896 2945 2684.
922 2924 995 2945 '1¹1‘r.
1015 2924 1176 2945 eLAmss.
1198 2922 1360 2944 noevum
1378 2925 1444 2944 om.
1467 2913 1510 2942 Ν.

435 3002 530 3032 2683.
562 3004 610 3033 18.
637 3001 788 3042 Θησέως]
806 3003 919 3042 Aday.
938 3012 1021 3042 427;
1048 3003 1092 3033 cf.
1114 3002 1182 3042 Ep.
1206 3011 1298 3042 2453.
1320 3011 1370 3032 22.
