1966 3379
186 288 226 324 85

186 569 229 597 90

188 842 229 871 95

170 1115 230 1136 100

169 1388 228 1418 105

168 1661 228 1682 110

248 123 326 161 392
704 121 963 160 LETTERS
994 120 1065 159 OF
1095 120 1362 160 ERASMUS
1696 124 1819 173 [1534

247 226 360 272 Quas
381 226 434 263 ab
459 226 647 275 Fuggero
668 227 809 276 accepi
833 228 901 272 (ne
924 239 989 263 me
1011 226 1161 263 emisse
1183 229 1336 275 putes).
1389 226 1594 263 Misissem
1617 227 1818 264 maiorem

247 282 425 330 copiam,
455 281 526 317 sed
551 282 665 317 visae
694 286 795 318 sunt
824 282 964 318 minus
993 285 1194 323 recentes,
1223 285 1267 317 et
1296 281 1336 317 in
1367 280 1455 317 dies
1484 282 1738 318 recentiores
1766 294 1817 318 ex

248 335 471 372 Lusitania
488 336 877 385 exspectabantur3
909 348 1016 384 quae
1039 348 1135 372 cuin
1154 336 1362 379 venerint,
1385 336 1418 371 si
1441 339 1630 372 recentes
1646 335 1818 380 fuerint,

248 391 418 427 mittam
442 390 608 439 plures:
641 403 739 427 nan]
768 390 982 439 Fuggerus
1010 390 1221 426 commisit
1247 394 1295 426 vt
1324 389 1517 426 tollerem
1548 395 1623 427 tuo
1651 391 1820 427 nomine

248 444 456 493 quidquid
479 444 629 482 vellem
653 450 729 482 aut
752 445 829 481 tibi
851 449 1020 491 gratum
1043 457 1132 480 esse
1154 444 1447 491 intelligerem.

304 498 521 536 Perlatum
554 504 618 536 est
650 500 730 536 huc
761 499 815 536 ad
847 512 934 541 nos,
965 500 1003 535 in
1042 499 1273 535 Brabantia
1301 503 1343 535 et
1373 499 1561 536 inferiori
1592 498 1821 536 Germania

248 553 390 603 plures
412 554 596 601 virgines
617 567 795 601 magnae
817 554 1138 593 sanctimoniae,
1163 553 1411 602 prophetico
1428 554 1581 602 spiritu
1599 553 1820 603 pollentes,

250 610 392 645 viuere.
416 608 494 645 sub
518 614 619 645 voto
641 609 867 652 eastitatis,
893 608 1019 645 nullis
1041 608 1346 645 monachorum
1370 608 1643 655 religionibus
1665 610 1819 645 manci—

249 668 387 712 patas,
421 663 493 699 sed
527 663 606 700 sub
642 668 871 712 parentum
907 662 1046 700 tutela
1081 663 1262 711 priuatis
1295 662 1472 699 aedibus
1507 664 1819 701 sanctissimam

250 719 383 754 vitam
406 730 540 766 agere,
563 719 693 755 etiam
718 718 932 754 miraculis
957 717 1125 754 clarere.
1169 717 1310 754 Tanta
1334 722 1478 754 autem
1506 717 1749 755 referuntur
1770 718 1821 754 (le

250 772 344 817 illis,
367 777 416 809 vt
438 772 562 809 fidem
585 772 671 809 fere
693 777 896 822 superent
918 772 1033 814 (licet
1056 784 1141 808 non
1162 771 1356 808 dubitem
1383 772 1517 809 Deum
1542 772 1698 821 vbique
1724 785 1821 809 suos

251 827 405 864 habere
438 830 638 874 sanctos).
682 827 804 864 Volui
836 832 981 864 tamen
1012 826 1064 863 (le
1096 826 1174 862 hiis
1205 830 1247 863 te
1282 826 1522 871 admonere,
1552 832 1612 871 vt,
1649 828 1682 864 si
1718 827 1820 876 quid

250 882 354 918 certi
375 881 425 918 de
449 881 526 918 hiis
549 883 783 931 virginibus
806 881 976 923 habeas,
1001 881 1123 918 nobis
1144 880 1248 917 velis
1271 881 1516 929 significare.

306 935 438 985 Rogo,
462 949 591 985 quum
616 937 799 985 primum
831 937 1030 973 nuncium
1061 940 1213 973 nactus
1241 935 1294 972 ad
1325 948 1400 973 nos
1429 936 1571 981 fueris,
1602 937 1820 981 rescribas,

250 995 299 1028 vt
320 992 448 1027 sciam
471 1004 525 1028 an
548 1004 674 1027 nuces
696 996 914 1028 muscatae
938 990 1127 1027 redditae
1149 991 1235 1027 sint
1257 990 1321 1027 vel
1345 1003 1409 1028 ne.

306 1046 608 1093 Purgationem
624 1050 744 1083 tuam
762 1046 884 1082 hodie
899 1046 1096 1094 episcopo
1111 1049 1257 1081 nostro
1268 1044 1576 1095 Christophoro
1590 1047 1820 1084 transmisi.

249 1100 480 1148 Sperabam
504 1113 599 1137 eum
623 1101 703 1137 huc
726 1100 779 1137 ad
803 1099 1037 1137 Sueuorum
1060 1104 1336 1145 conuentum,
1352 1101 1419 1137 cui
1441 1102 1611 1138 nomine
1633 1100 1822 1139 Caesaris

249 1154 486 1203 praesidere
511 1155 663 1192 solitus
688 1160 764 1197 est,
788 1160 1031 1191 venturum.
1074 1154 1154 1191 Sed
1181 1159 1411 1192 venturum
1438 1168 1523 1192 non
1549 1160 1666 1205 puto,
1690 1169 1820 1205 quum

249 1209 387 1246 adhuc
413 1209 516 1246 nihil
542 1210 601 1246 illi
624 1210 679 1246 sit
700 1210 985 1247 commissum.
1037 1208 1140 1254 Quis
1162 1222 1300 1246 rerum
1324 1214 1465 1246 status
1487 1223 1571 1247 non
1594 1210 1732 1248 solum
1756 1210 1821 1247 hic

249 1264 321 1300 sed
345 1265 387 1300 in
409 1268 503 1301 tota,
525 1264 752 1301 Germania
773 1264 945 1301 futurus
967 1264 1033 1308 sit,
1058 1276 1109 1300 ne
1130 1265 1317 1312 cogitare
1339 1264 1510 1313 quidem
1534 1278 1718 1315 possum.

304 1317 399 1355 Non
431 1323 537 1367 puto
568 1318 803 1356 Lutherum
835 1319 1027 1368 quietum
1061 1318 1268 1356 futurum.
1321 1319 1413 1356 Hae
1444 1323 1521 1356 tua
1548 1321 1822 1369 responsione

249 1374 382 1421 magis
419 1373 660 1411 irritabit-ur
696 1386 822 1422 quam
860 1373 1115 1423 placabitur.
1177 1373 1420 1411 Praestabit
1455 1374 1570 1423 quod
1606 1374 1822 1424 pollicitus

248 1432 325 1471 est,
349 1432 397 1464 vt
420 1428 510 1465 orbi
539 1428 590 1465 de
619 1434 661 1465 te
689 1428 889 1465 iudicium
921 1428 1148 1477 relinquat.
1199 1427 1321 1474 Quod
1350 1430 1383 1465 si
1413 1428 1508 1466 huic
1537 1433 1635 1466 tuae
1665 1430 1820 1479 Purga-

248 1482 355 1519 tioni
378 1483 655 1532 responderit,
679 1488 751 1520 aut
775 1482 958 1532 amplius
982 1482 1109 1519 simili
1136 1483 1377 1532 petulantia
1409 1484 1448 1520 in
1478 1488 1520 1521 te
1545 1484 1820 1528 (lebachetur,

248 1549 349 1586 rogo
372 1541 418 1574 vt·
439 1542 483 1574 et
506 1542 553 1574 tu
575 1537 719 1575 stilum
743 1550 906 1581 accuas,
930 1542 976 1574 vt
999 1537 1229 1586 aliquando
1257 1537 1468 1587 intelligat
1489 1543 1531 1575 te
1554 1540 1693 1576 virum
1718 1552 1820 1584 esse,

247 1592 327 1628 nisi
362 1592 485 1628 malis
519 1592 633 1641 apud
672 1592 991 1630 Melanthonem
1022 1604 1194 1630 causam
1227 1592 1457 1642 deprecari,
1489 1606 1541 1630 ne
1572 1593 1674 1642 quid
1706 1595 1748 1631 in
1780 1598 1822 1631 te

247 1645 450 1683 moliatur
472 1646 709 1687 Lutherus:
742 1647 856 1696 quod
880 1652 921 1684 te
942 1647 1089 1684 fecisse
1105 1647 1261 1684 aemuli
1283 1648 1347 1685 tui
1368 1648 1533 1686 iactant
1554 1653 1598 1686 et
1619 1648 1820 1686 calumni-

247 1705 388 1738 antur.
440 1701 585 1738 Nescis
607 1702 708 1750 quid
731 1702 797 1738 hic
820 1701 1073 1751 spermologi
1096 1703 1269 1739 iactent.

303 1755 532 1804 Reliquum
555 1761 620 1793 cst
637 1761 685 1793 vt
702 1756 859 1801 valeas,
882 1761 925 1794 et
947 1769 1079 1805 quum
1103 1757 1286 1806 primum
1310 1758 1443 1806 possis
1461 1757 1564 1794 velis
1581 1758 1820 1803 rescribere,

247 1814 295 1846 vt
326 1811 455 1847 sciam
486 1823 613 1859 quam
647 1811 790 1848 valeas
820 1816 864 1848 et
894 1811 996 1860 quid
1028 1824 1166 1848 rerum
1200 1824 1312 1861 agas
1365 1811 1428 1849 De
1462 1825 1529 1850 me
1564 1812 1643 1850 tibi
1678 1814 1821 1850 omnia

247 1864 434 1914 polliceri
456 1870 590 1914 potes,
651 1865 766 1903 Vale.
826 1865 1020 1903 Christus
1042 1870 1084 1903 te
1105 1865 1359 1904 incolumem
1382 1871 1534 1905 seruet.

302 1919 416 1956 Data
440 1930 500 1967 25.
525 1921 625 1957 maii
649 1930 765 1970 1534.

1154 1975 1358 2025 Agnoscis
1380 1980 1503 2014 tuum
1525 1975 1763 2015 Cholerum.

410 2150 677 2206 ²⁹⁰⁵29382951
742 2151 879 2192 FROM
912 2151 1045 2192 JOHN
1079 2152 1322 2193 GENESIUS
1357 2152 1654 2194 SEPULVEDA.

300 2230 467 2262 Breslau
485 2229 568 2263 MS.
590 2230 719 2263 Rehd.
741 2241 824 2274 254.
845 2233 891 2272 69
912 2234 976 2274 (α).

298 2278 387 2322 Sep.
408 2279 537 2322 Epist.
560 2282 700 2322 (1557),
722 2279 767 2313 f0.
791 2280 842 2313 132·
861 2281 925 2323 (β).
1550 2282 1692 2316 Rome.

299 2327 388 2371 Sep.
410 2328 456 2360 E.
477 2339 515 2371 p.
538 2329 658 2371 80(5):
688 2329 770 2362 LB.
792 2329 898 2374 App.
920 2332 1003 2372 376.
1481 2341 1524 2373 23
1543 2331 1640 2375 May
1664 2341 1768 2375 1534.

292 2400 365 2437 [An
387 2400 537 2439 original
562 2400 682 2435 letter,
706 2402 854 2432 written
878 2402 927 2442 by
948 2413 969 2432 a
991 2407 1176 2442 secretary
1197 2402 1271 2433 and
1294 2402 1421 2443 signed
1442 2403 1491 2443 by
1515 2402 1734 2444 Sepulveda.
1784 2404 1821 2434 It

248 2453 321 2473 was
338 2443 525 2474 answered
543 2444 592 2484 by
610 2444 784 2475 Erasmus
803 2454 820 2484 3
837 2445 926 2486 July
946 2455 1041 2486 1534,
1060 2446 1128 2486 Ep.
1150 2447 1261 2484 2951]

302 2506 341 2545 S.
367 2508 410 2545 P.
462 2508 591 2546 Miror
613 2509 693 2546 tibi
714 2523 850 2547 meam
873 2511 1097 2560 epistolam
1120 2524 1216 2548 cum
1238 2509 1439 2548 Stunicae
1466 2512 1820 2550 annotationibus

248 2575 334 2600 non
355 2562 484 2600 fuisse
506 2563 729 2601 redditam.
782 2564 1071 2603 Intellexisses
1093 2565 1197 2602 nihil
1220 2578 1286 2603 me
1302 2567 1533 2615 separatim
1556 2567 1728 2611 misisse,
1747 2567 1819 2604 sed

606 2640 702 2671 2937.
732 2650 802 2671 100.
830 2642 899 2672 hfie
916 2641 998 2672 MS.
1094 2652 1166 2672 110.
1193 2643 1359 2673 ianctant
1377 2643 1457 2673 MS.

292 2705 387 2735 2938.
415 2715 444 2735 2.
466 2705 575 2735 nihil.
594 2730 599 2735 .
622 2707 994 2747 .separati1n]Sepul-
1064 2709 1102 2739 of
1124 2708 1241 2738 which
1267 2708 1445 2739 Mendoza
1465 2708 1537 2739 had
1563 2709 1709 2739 himself
1736 2713 1819 2740 sent

246 2749 341 2779 veda
368 2759 494 2779 means
522 2749 606 2780 that
633 2750 695 2780 the
722 2760 854 2790 papers
878 2752 996 2781 which
1064 2762 1086 2782 a
1111 2762 1206 2792 copy
1234 2756 1274 2782 to
1302 2752 1477 2782 Erasmus
1512 2753 1636 2783 before
1674 2753 1819 2793 leaving

246 2793 291 2822 he
326 2793 397 2822 had
430 2796 513 2822 sent
540 2797 580 2823 to
606 2793 781 2824 Erasmus
806 2804 899 2824 were
931 2799 998 2825 not
1066 2795 1182 2826 Rome
1201 2795 1285 2835 (Ep.
1306 2797 1416 2835 2705).
1453 2795 1530 2826 The
1547 2796 1718 2836 dispateh
1739 2797 1776 2826 of
1797 2807 1819 2827 a

245 2846 292 2866 an
312 2836 564 2876 independent
588 2838 732 2867 version
757 2838 794 2868 of
818 2838 1001 2869 Stunica's
1068 2839 1202 2870 second
1221 2849 1316 2879 copy
1332 2849 1418 2875 was,
1440 2849 1487 2870 no
1506 2839 1637 2875 doubt,
1658 2840 1819 2880 thought

246 2879 361 2910 Notes
392 2890 439 2910 on
464 2880 527 2910 the
556 2880 643 2910 New
671 2881 899 2918 Testament,
929 2882 997 2912 but
1063 2883 1252 2913 advisable
1273 2884 1308 2913 in
1326 2892 1575 2923 consequence
1593 2883 1630 2913 of
1647 2884 1711 2914 the
1727 2884 1817 2913 acci-

245 2923 382 2963 merely
404 2924 560 2954 another
585 2934 690 2963 copy,
716 2925 879 2955 received
903 2925 997 2956 from
1064 2926 1154 2956 dent
1171 2927 1288 2956 which
1309 2926 1382 2957 had
1405 2926 1562 2957 befallen
1585 2927 1649 2957 the
1670 2927 1818 2957 Jerome

245 2966 423 2997 Mendoza
448 2972 487 2998 at
513 2967 688 3007 Bologna,
721 2968 758 2998 of
792 2969 855 2999 the
880 2969 996 3000 Notes
1065 2969 1190 3000 Notes.
