1966 3379
271 117 345 153 106
695 117 953 155 LETTERS
984 118 1054 155 or
1084 116 1350 156 ERASMUS
1710 119 1832 166 [1532

269 220 483 269 imposuit,
497 221 720 270 deponere,
735 226 775 259 et
793 235 877 259 vno
891 222 1068 260 Claudio
1083 222 1278 259 Alberico
1293 221 1411 259 velut
1425 221 1588 259 Achate
1603 222 1833 259 comitatus

267 274 320 311 ad
345 275 509 324 pullum
533 276 656 313 simul
687 276 960 315 lacerandum
991 278 1132 314 venire
1161 276 1442 320 familiariter,
1466 280 1539 313 aut
1561 277 1689 314 etiam
1713 277 1830 313 inuo-

206 345 248 374 40
267 334 388 366 catus
406 331 438 366 si
457 330 575 375 libet,
593 330 806 380 obrepere,
824 332 1184 380 quemadmodum
1202 331 1357 368 Nasica
1373 330 1477 368 solet
1496 331 1647 375 Ennio,
1666 332 1833 368 iuuaret

267 384 482 421 interdum
505 385 582 422 tali
603 386 882 423 contubernio
900 387 1183 435 repubescere.
1244 386 1305 422 De
1322 385 1562 435 perdicibus
1580 386 1661 423 iam
1679 386 1832 422 iterum

267 439 403 475 missis
427 439 562 477 habeo
583 441 780 489 gratiam,
802 454 876 478 nec
906 441 1118 478 illibenter
1146 441 1280 478 debeo
1305 453 1381 489 pro
1409 444 1484 477 tuo
1512 440 1553 477 in
1582 453 1648 477 me
1677 440 1831 478 studio.

267 493 407 530 Nolim
431 499 575 532 tamen
598 499 640 532 te
662 496 841 545 posthac
863 496 1009 533 eadem
1033 496 1169 532 teneri
1186 495 1467 539 solicitudine,
1486 494 1831 543 quandoquidem

266 549 564 598 corpusculum
588 549 664 587 hoc
687 563 817 600 prope
839 555 927 587 tam
951 550 1115 587 aridum
1137 555 1200 587 est
1223 562 1350 599 quam
1373 554 1437 587 est
1459 548 1600 597 σῦφαρ.
1651 549 1730 586 Vix
1750 550 1831 586 iam

206 617 245 647 45
266 601 349 640 ferti
371 604 551 641 istarum
573 606 716 642 auium
739 618 868 642 esum.
931 605 1083 654 Itaque
1105 609 1198 642 tum
1221 617 1295 654 pro
1318 604 1430 642 dono
1451 603 1693 642 meditabar
1714 603 1831 641 disti-

266 657 398 695 chon:

433 713 571 751 Lauta
594 714 709 753 mihi.
734 716 869 760 Petre,
892 715 1030 752 mittis
1052 714 1206 759 edulia,
1230 714 1300 752 sed
1325 713 1571 751 stomachus
1593 713 1733 750 deest:

488 768 559 805 Vis
581 782 700 818 mage
722 770 837 819 quod
859 770 1025 819 placeat
1049 770 1232 814 mittere,
1256 770 1380 806 mitte
1401 768 1570 806 famem.

322 822 515 860 Demiror
535 828 679 861 autem
702 838 811 873 quur
828 824 1251 874 Apophthegmatum
1275 837 1381 874 opus
1402 828 1499 861 octo
1516 823 1637 860 iustis
1655 822 1832 860 volumi-

205 890 246 919 50
267 877 391 914 nibus
412 877 658 916 absolutum
680 879 871 916 libellum
893 879 1195 928 appellandum
1217 879 1395 928 putaris,
1418 878 1496 915 nisi
1518 877 1632 926 quod
1649 877 1835 915 arbitror

268 932 344 969 hoc
374 932 453 969 tibi
481 933 643 971 (lictum
673 933 839 981 φιλικῶς
871 933 938 971 καὶ
966 933 1167 982 ἐρωτικῶς
1195 933 1348 982 μᾶλλον
1375 932 1399 981 ἦ
1427 935 1664 981 μειωτικῶς.
1724 931 1832 969 Nam

265 991 309 1024 et
331 1000 439 1036 quae
461 992 604 1025 tenere
621 1001 814 1026 amamus
833 989 1148 1037 ὑποκοριστικῶς
1164 987 1428 1037 ὀνομάζομεν,
1446 986 1707 1031 vxorculam,
1730 986 1831 1023 filio-

267 1041 364 1087 lam,
397 1042 626 1087 corculum,
659 1043 915 1081 solatiolum.
976 1043 1151 1081 Vtinam
1188 1048 1333 1081 autem
1364 1042 1432 1079 ille
1463 1042 1631 1079 libellus
1662 1045 1833 1078 tantum

267 1097 505 1146 voluptatis
545 1098 670 1135 simul
707 1102 749 1135 et
789 1098 992 1135 vtilitatis
1028 1098 1195 1135 adferat
1231 1097 1446 1142 studiosis,
1483 1101 1694 1146 quantum
1730 1095 1833 1133 mihi

205 1164 245 1194 55
266 1151 430 1188 sudoris
455 1152 618 1190 attulit.
679 1152 787 1190 Sunt
816 1153 970 1202 quibus
998 1153 1121 1190 facile
1149 1153 1320 1190 videtur
1350 1151 1728 1201 Apophthegmata
1756 1155 1833 1188 aut

267 1206 499 1244 Prouerbia
531 1207 724 1251 scribere,
755 1208 828 1244 sed
857 1208 986 1245 libros
1017 1212 1060 1245 et
1090 1207 1303 1245 Chiliadas
1335 1207 1514 1244 scribere
1545 1205 1712 1244 difficile
1743 1209 1830 1243 est:

265 1273 349 1310 qua
371 1261 421 1298 de
445 1274 486 1299 re
507 1263 649 1311 accipe
671 1262 883 1300 distichon
904 1266 1099 1300 nostrum
1118 1276 1124 1299 :

541 1316 747 1354 Perfacile
768 1322 833 1354 est
854 1317 992 1355 fateor
1014 1317 1244 1355 Prouerbia
1266 1316 1447 1354 scribere
1469 1316 1619 1359 cuiuis,

593 1372 651 1408 At
672 1372 915 1421 perdifficile
937 1377 1002 1410 est
1023 1371 1204 1409 scribere
1225 1371 1450 1409 Chiliadas.

203 1430 246 1458 60
321 1424 535 1475 Superest,
552 1427 822 1464 ornatissime
840 1428 1019 1471 iuuenis,
1034 1427 1291 1476 comprecari
1305 1425 1522 1463 Christum
1540 1423 1638 1474 Opt.
1657 1424 1768 1461 Max.
1784 1428 1831 1461 vt

265 1492 340 1529 ego
363 1480 488 1517 istam
511 1485 630 1518 tuam
654 1482 696 1518 in
718 1494 784 1519 me
807 1481 1148 1519 beneuolentiam
1171 1486 1377 1530 perpetuo
1405 1493 1579 1517 merear.
1641 1479 1703 1516 Tu
1733 1491 1832 1516 vero

263 1547 361 1583 erga
383 1535 577 1572 liberales
599 1536 843 1586 disciplinas
860 1550 907 1574 ac
926 1536 1048 1574 beate
1066 1536 1237 1574 viuendi
1255 1536 1502 1585 magistram
1521 1533 1833 1584 philosophiam

264 1589 399 1627 indies
440 1591 573 1639 magis
613 1604 660 1628 ac
701 1592 834 1640 magis
870 1591 1112 1635 incalescas,
1150 1590 1583 1638 honestissimumque
1623 1589 1832 1625 senectuti

265 1645 470 1682 viaticum
496 1650 664 1683 mature
692 1645 875 1695 colligas
937 1646 1059 1691 Quod
1087 1658 1153 1683 me
1181 1645 1305 1695 pulsu
1334 1645 1452 1682 iubes
1480 1643 1701 1693 explorare
1731 1643 1832 1691 quid

203 1706 244 1741 65
265 1700 435 1743 tinnias,
473 1700 574 1749 quid
611 1713 717 1750 opus
749 1706 813 1738 est¹
848 1701 1118 1750 exploratore
1150 1700 1289 1750 pulsu,
1323 1711 1455 1748 quum
1488 1703 1536 1736 tu
1573 1702 1649 1736 tua
1681 1702 1833 1747 sponte

264 1754 515 1791 iamdudum
529 1755 716 1793 declares
732 1756 811 1792 tibi
828 1757 870 1793 in
886 1759 1055 1805 pectore
1072 1754 1226 1803 καθαρὰ
1243 1754 1308 1791 καὶ
1325 1757 1453 1803 χρυσᾶ
1470 1752 1569 1790 εἶναι
1583 1752 1631 1789 τὰ
1646 1751 1801 1789 ἅπαντα
1817 1758 1832 1789 ⁸!

264 1808 409 1846 Habes
432 1822 577 1847 rursus
599 1810 824 1859 epistolam
847 1823 931 1848 non
953 1810 1088 1848 solum
1111 1809 1376 1858 αὐτόγραφον,
1403 1808 1686 1846 verumetiam
1717 1806 1830 1843 ἀυτο-

263 1863 436 1912 σχεδίως
457 1864 649 1909 effusam,
671 1878 804 1914 eoque
826 1864 1094 1914 κακόγραφον.
1146 1865 1286 1913 Atque
1305 1864 1382 1900 hoc
1400 1864 1538 1913 ipsum
1557 1862 1632 1900 tibi
1652 1862 1832 1899 fortasse

263 1922 433 1967 gratum
462 1920 555 1959 erit,
588 1924 637 1957 vt
667 1919 803 1957 solent
836 1925 1033 1957 amantes
1063 1920 1181 1957 neuis
1212 1919 1445 1956 amicorum
1477 1917 1690 1955 delectari.
1751 1915 1830 1953 Sed

204 1985 245 2015 70
264 1973 422 2011 desino.
483 1974 597 2011 Vale.

319 2028 513 2078 Friburgi
538 2029 668 2066 xxiiii.
692 2028 759 2067 die
781 2028 996 2079 Septemb.

578 2179 768 2230 27212722
831 2176 970 2216 FROM
995 2175 1224 2215 AMBROSE
1249 2174 1515 2214 PELARGrs.

312 2265 513 2309 Pelargus,
536 2266 711 2299 Bellaria
734 2266 780 2299 f0.
803 2266 869 2300 H⁵.
1467 2262 1716 2305 (Freiburg)

1381 2311 1629 2356 <sepe-Oct.
1655 2317 1782 2353 1532.)

308 2381 420 2421 [Epp.
440 2391 568 2421 2721-5
589 2392 656 2412 can
680 2382 724 2413 be
747 2382 858 2413 dated
881 2381 1252 2422 approximately-by
1275 2380 1505 2420 comparison
1527 2378 1616 2409 with
1642 2378 1710 2417 Ep.
1734 2379 1830 2417 2728,

263 2425 380 2455 which
406 2426 590 2456 mentions
616 2427 678 2456 the
703 2426 847 2466 quarrel
872 2426 987 2456 about
1012 2425 1168 2457 Marius:
1196 2424 1269 2454 and
1295 2424 1344 2463 by
1366 2424 1429 2454 the
1453 2422 1681 2462 publication
1706 2421 1743 2451 of
1768 2421 1831 2452 the

264 2468 446 2507 Epistolae
472 2470 707 2500 Palaeonacoi
732 2472 805 2505 (see
837 2470 858 2499 1.
885 2471 959 2504 on).
1007 2469 1083 2499 The
1111 2468 1218 2499 order
1242 2468 1278 2498 in
1303 2467 1420 2498 which
1449 2467 1539 2505 they
1563 2465 1673 2496 stand
1699 2466 1735 2495 in
1768 2465 1831 2495 the

263 2512 423 2542 Bellaria
451 2513 480 2543 is
509 2513 648 2553 plainly
677 2513 955 2554 chronological.
1003 2513 1101 2543 That
1128 2512 1203 2543 this
1228 2521 1344 2552 group
1370 2511 1406 2541 of
1431 2510 1559 2541 letters
1584 2519 1658 2540 was
1683 2509 1829 2539 written

264 2555 357 2586 from
381 2556 557 2596 Freiburg
581 2558 609 2588 is
632 2557 772 2597 proved
798 2558 847 2597 by
868 2556 1054 2588 Erasmus‘
1081 2556 1280 2586 invitation
1306 2559 1345 2586 to
1369 2554 1543 2594 Pelargus
1568 2558 1607 2584 to
1632 2563 1732 2584 corne
1757 2552 1829 2582 and

263 2600 402 2630 discuss
421 2600 483 2630 the
501 2605 638 2631 matter
654 2606 691 2632 at
710 2601 869 2639 dinner.]
1788 2602 1791 2603 ⁷

630 2671 793 2699 AMBRO.
818 2671 1044 2698 PELARGVS
1066 2669 1240 2696 ERASMO
1261 2669 1386 2696 ROTE.
1411 2669 1442 2695 s.

318 2733 528 2776 EQVIDEM
551 2745 822 2782 speraueram
845 2732 935 2770 fore
964 2736 1011 2769 vt
1041 2730 1233 2769 alternus
1262 2743 1381 2767 amor
1402 2743 1450 2767 ac
1473 2733 1624 2767 mutua
1646 2729 1828 2766 beneuo-

308 2832 404 2861 2720.
431 2832 482 2870 38.
509 2831 659 2861 Claudio
719 2831 900 2868 Alberico]
964 2830 1012 2860 H.
1083 2830 1226 2861 asserit,
1251 2829 1411 2859 Tullens.
1431 2828 1536 2859 dioc.'
1571 2827 1829 2858 matriculated

266 2875 422 2914 Mayer's
499 2875 674 2915 Freiburg
735 2875 1010 2905 matriculation
1079 2875 1120 2904 28
1137 2874 1235 2904 June
1256 2882 1349 2912 1532.

264 2919 415 2955 register
470 2918 614 2949 records
668 2919 749 2949 that
816 2918 1011 2949 ‘Claudius
1122 2919 1174 2954 69.
1202 2917 1385 2954 amantes]
1410 2916 1463 2947 Cf.
1487 2915 1575 2947 Hor.
1597 2915 1635 2945 S.
1658 2924 1682 2945 1.
1709 2924 1739 2953 3.
1767 2915 1830 2954 38—

265 2963 468 2999 Albericus‚
491 2962 573 2993 cler.
599 2963 774 3003 magister
795 2963 943 2998 artium,
968 2966 1009 2992 vt
1079 2971 1131 3001 40.
