1966 3379
132 103 253 152 2834]
517 99 674 139 FROM
705 98 972 138 AMBROSE
1004 97 1304 136 PELARGUS
1612 97 1690 135 263

131 205 337 255 ponendis
377 204 596 243 sarcinulis
631 204 888 254 occupatior.
946 202 1057 240 Nam
1091 203 1134 239 in
1170 203 1363 251 proximo
1398 206 1474 247 est,
1508 207 1555 238 vt
1595 202 1692 238 hinc

131 263 249 297 totus
270 261 540 309 commigrem
558 259 786 296 Treuerim.
828 257 869 295 Si
887 257 989 306 quid
1004 261 1068 294 est
1085 256 1199 305 quod
1217 256 1485 294 Treuirorum
1505 255 1692 293 Praesuli

131 314 310 352 scribere
332 313 445 359 velis,
468 326 542 364 per
563 325 628 350 me
649 317 747 350 tuto
768 313 925 350 mittes.
986 310 1100 349 Vale.
1714 331 1731 360 5

430 511 697 566 ‘283428352836
759 510 826 551 To
859 510 1089 550 AMBROSE
1123 509 1390 550 PELARGUS.

179 600 380 645 Pelargus,
403 600 577 634 Bellaria
597 601 643 634 fo·
665 601 696 634 Ι.
1310 599 1558 642 <Freiburg.>

1228 654 1280 690 <c.
1300 648 1409 682 June
1426 648 1494 682 fin.
1519 654 1645 691 1533.>

499 726 697 753 ERASMVS
719 726 814 753 ROT.
839 726 942 753 AMB.
967 725 1167 753 PELARGO
1189 725 1268 752 SVO
1291 725 1322 752 S.

184 786 227 825 SI
250 787 328 825 tibi
351 791 439 825 stat
462 787 675 824 sententia
697 786 904 836 Friburgo
931 785 1158 831 discedere,
1187 785 1302 835 quod
1330 787 1513 823 maxime
1542 786 1582 822 in
1608 798 1693 822 rem

128 846 248 880 tuam
279 842 368 879 fore
403 843 635 887 existimas,
670 841 711 879 id
745 842 946 891 sequitor.
1006 840 1101 878 Non
1135 841 1214 877 tibi
1244 853 1314 878 ero
1346 841 1387 877 in
1417 853 1548 878 mora.
1609 840 1695 877 Ibis

129 896 231 934 mihi
252 909 336 946 quo
358 896 485 934 voles.
545 896 817 934 Treuirorum
841 895 1082 933 Praesulem
1105 907 1156 932 ne
1178 895 1228 932 de
1255 895 1361 932 facie
1387 895 1557 944 quidem
1581 895 1694 939 noui,

127 963 202 988 nec
225 951 360 989 habeo
381 951 495 1000 quod
516 963 626 988 nunc
649 951 827 988 scribam
851 954 974 988 tanto
996 950 1168 999 dignum
1192 951 1390 1000 principe.
1452 949 1565 987 Vale.

396 1139 661 1194 283528362837
726 1138 861 1178 FROM
896 1138 1128 1179 AMBROSE
1163 1138 1427 1178 PELARGUS.

177 1228 382 1272 pelargus,
406 1228 580 1262 Bellaria
600 1228 644 1262 f0.
666 1229 697 1262 I.
1311 1228 1559 1271 (Freiburg.)

1227 1283 1279 1318 (sc.
1299 1277 1407 1310 June
1426 1277 1493 1311 fin.
1519 1284 1646 1320 1533.)

470 1355 716 1382 AMBROSIVS
738 1355 830 1382 PEL.
855 1355 1029 1382 ERASMO
1052 1355 1298 1382 ROTERODA.
1322 1355 1354 1381 S.

182 1415 415 1453 PELARGVS
436 1428 543 1461 sum,
565 1415 723 1453 animal
753 1415 924 1465 quidem
954 1415 1085 1465 bipes,
1109 1415 1180 1452 sed
1210 1415 1424 1465 implume,
1449 1414 1590 1452 volare
1612 1428 1694 1452 non

128 1469 238 1514 licet,
261 1470 334 1508 sed
355 1474 500 1508 tamen
522 1470 660 1508 auolo.
721 1470 835 1509 Vale.

431 1656 697 1712 283628372838
758 1656 825 1696 To
858 1656 1088 1697 AMBROSE
1121 1656 1386 1698 PELARGUS.

177 1746 378 1790 Pelargus,
402 1746 575 1780 Bellaria
596 1746 641 1780 fo·
662 1747 694 1780 I.
1311 1747 1559 1791 (Freiburg.)

1227 1805 1279 1836 <c.
1299 1796 1407 1830 June
1428 1797 1493 1830 fin.
1519 1803 1645 1839 1533.)

558 1873 757 1900 ERASMVS
779 1873 874 1901 ROT.
899 1873 1100 1901 PELARGO
1122 1873 1202 1901 SVO
1224 1873 1256 1900 S.

181 1932 367 1971 VEREOR
389 1938 436 1970 vt
458 1934 491 1970 si
514 1933 609 1971 hinc
631 1933 685 1971 ad
707 1933 945 1982 semigallos
966 1933 1124 1979 auoles,
1148 1938 1268 1971 totus
1295 1933 1442 1972 Gallus
1464 1935 1696 1984 aliquando

127 2000 210 2025 non
234 1987 433 2037 Pclargus
454 1987 574 2025 nobis
603 1988 762 2026 redeas.
823 1988 984 2026 Tamen
1013 1988 1201 2038 significa
1229 1990 1348 2034 serio,
1371 2002 1424 2026 an
1453 1994 1495 2027 et
1525 1989 1696 2038 quando

126 2042 320 2080 abiturus
343 2044 408 2080 sis
471 2042 585 2080 Vale.

389 2248 658 2304 283728382839
720 2249 859 2289 FROM
893 2250 1125 2290 AMBROSE
1159 2249 1426 2291 PELARGUS.

177 2338 378 2382 Pelargus,
402 2339 577 2372 Bellaria
597 2339 642 2373 fo,
664 2339 682 2372 I
703 2346 759 2373 v0.
1311 2341 1557 2384 (Freiburg.)

1227 2396 1279 2431 (c,
1299 2390 1408 2424 June
1427 2391 1493 2423 fin.
1519 2396 1645 2433 1533.χ

528 2465 690 2493 AMBRO.
715 2465 939 2493 PELARGVS
961 2467 1135 2494 ERASMO
1158 2467 1237 2494 SVO
1259 2468 1291 2494 S.

181 2523 380 2562 SVBINDE
409 2526 548 2571 iturio,
571 2525 762 2575 quotidie
790 2526 988 2573 abiturio,
1011 2529 1111 2576 quia
1138 2528 1299 2565 nidiolo
1328 2529 1430 2565 satis
1458 2527 1693 2572 commodo,

127 2582 170 2616 et
191 2580 258 2616 cui
279 2580 362 2616 iam
385 2579 481 2629 plus
502 2584 688 2630 quatuor
709 2582 831 2618 annis
852 2583 1032 2627 assucui,
1054 2596 1175 2632 aegre
1198 2583 1344 2620 diuelli
1367 2584 1518 2632 patior.
1578 2582 1692 2619 Vale.

171 2678 268 2709 2834.
293 2689 324 2719 4.
351 2678 529 2716 Praesuli]
546 2679 645 2710 John
665 2688 707 2709 111
725 2680 762 2710 of
782 2680 872 2711 Mot—
943 2682 980 2711 of
997 2682 1314 2717 commendation;
1342 2682 1509 2713 Belluria.
1530 2681 1572 2711 f0.
1590 2681 1622 2711 Ι2
1641 2684 1692 2711 v0.

126 2722 346 2758 zenhausom
358 2723 497 2753 elected
510 2723 633 2753 March
650 2732 743 2762 1531,
757 2723 774 2760 †
786 2724 875 2764 July
944 2725 1119 2755 Erasmus
1136 2730 1249 2756 wrote
1271 2726 1333 2756 the
1356 2725 1497 2755 desii-ed
1521 2725 1630 2755 letter
1648 2736 1692 2755 on

130 2774 222 2805 1540.
271 2766 327 2796 On
348 2775 359 2797 1
381 2767 482 2807 Sept.
504 2775 585 2806 1534
604 2766 777 2807 Pelargus
794 2768 876 2798 tells
944 2777 984 2807 27
1002 2770 1116 2809 Sept„
1135 2769 1236 2803 ibid..
1256 2769 1297 2799 1⁴0.
1319 2769 1352 2799 1³
1371 2772 1422 2799 νο.

127 2808 302 2839 Erasmus
334 2810 418 2840 that
450 2811 514 2841 tho
546 2811 777 2851 Archbishop
810 2811 875 2841 has
989 2813 1085 2843 28:37.
1115 2823 1142 2843 1.
1169 2813 1388 2852 semigallos]
1411 2813 1577 2842 Treuiros.

126 2853 250 2883 shown
282 2853 358 2883 him
390 2854 532 2890 favour,
565 2854 633 2884 but
661 2855 745 2885 that.
772 2855 816 2885 ho
845 2855 873 2885 is
987 2857 1083 2886 2838.
1112 2866 1139 2887 2.
1166 2856 1342 2896 quatuor]
1368 2856 1538 2895 l’olurgus
1563 2856 1693 2886 inoved

126 2895 236 2936 likely
253 2900 292 2927 to
308 2897 408 2927 show
426 2898 500 2927 him
517 2898 713 2933 stillmore,
727 2899 752 2928 if
768 2899 871 2929 Eras-
943 2903 982 2930 to
1001 2900 1178 2940 Freiburg
1196 2901 1231 2930 in
1249 2900 1332 2931 Jan.
1356 2909 1447 2937 152¹)-

127 2950 208 2970 mus
228 2940 348 2971 would
370 2942 471 2972 write
491 2952 580 2972 even
603 2952 625 2972 a
644 2942 747 2973 short
764 2942 873 2973 letter
