1966 3379
105 139 225 188 2716]
506 135 664 173 FROM
696 133 926 173 VIGLIUS
957 132 1291 171 ZUICHEMUS
1623 134 1674 170 99

159 241 281 288 Quod
321 241 376 278 ad
416 240 565 278 Bembi
606 240 805 277 notitiam
848 238 1218 276 commendatione
1254 242 1329 274 tua
1365 237 1530 274 aditum
1572 237 1676 274 mihi
1699 241 1759 263 100

105 297 335 347 paraueriS‚
358 296 589 333 maximam
613 294 749 331 habeo
769 294 964 341 gratiam.
1026 293 1165 330 Antea
1182 293 1292 329 enim
1312 292 1522 328 neminem
1545 292 1674 328 alium

105 352 315 390 habebam
338 363 467 399 quam
490 349 651 398 Logum
674 361 748 398 per
763 361 888 397 quem
913 347 972 384 illi
994 348 1302 384 innotescerem
1322 360 1328 383 :
1361 346 1428 383 cui
1450 359 1526 395 ego
1548 359 1675 394 quam

106 407 328 444 minimum
355 405 506 442 debere
534 405 670 453 cupio.
732 403 822 440 Hac
851 407 927 440 tua
955 406 1099 439 autem
1129 401 1499 438 commendatione
1528 401 1676 443 fretus,

106 474 201 498 cum
233 461 464 497 amicitiam
496 470 754 508 operamque
785 470 905 494 suam
937 457 1113 505 benigne
1142 456 1245 493 mihi
1275 456 1460 492 Bembus
1492 457 1676 495 ο11”·’1’>1111,

106 516 224 564 coepi
246 514 365 551 illum
388 514 439 551 de
461 513 579 550 libris
602 512 860 562 quibusdam
882 511 1031 548 Griaec
1023 524 1054 547 s
1077 512 1118 547 in
1142 512 1230 547 iure
1259 510 1374 547 ciuili
1400 511 1676 558 interrogare,
1702 525 1760 553 105

106 570 178 619 qui
200 570 402 606 dicuntur
423 569 464 605 in
489 567 757 604 Bibliotheca
780 567 829 604 D
855 567 998 610 Marci,
1025 578 1133 615 quae
1160 565 1260 602 olim
1290 565 1553 602 Bessarionis
1578 563 1676 601 Car-

106 624 260 661 dinalis
291 623 386 668 fuit,
418 623 642 665 asseruari,
672 623 739 659 cui
769 623 854 671 ipse
883 625 947 658 (st
975 620 1230 670 praefectus
1291 620 1324 656 Ε
1331 624 1348 656 t
1376 620 1476 656 fecit
1505 618 1678 680 quidem

106 679 293 727 aliquam
317 690 446 727 spem,
471 677 622 714 saltem
646 681 693 713 vt
715 689 965 725 cognoscam
989 675 1092 724 quid
1114 676 1169 712 sit
1195 675 1266 718 rei
1293 679 1337 711 et
1359 688 1384 710 v
1390 679 1407 711 t
1430 675 1676 723 inspiciam:

107 738 160 770 vt*
178 738 276 770 vtar
296 733 409 770 enim
431 732 633 780 fruarque
655 744 824 780 sperare
841 743 926 767 non
943 730 1092 767 audeo.
1143 729 1333 778 Cognoui
1355 734 1501 766 autem
1523 741 1573 766 ex
1593 729 1679 765 tuis

107 788 160 825 ad
184 788 302 825 illum
333 787 523 836 aliosque
552 786 699 830 literis,
722 790 935 834 quantuni
959 784 1141 834 Viglium
1171 789 1294 821 tuum
1325 797 1481 828 amare,
1505 783 1678 832 quibus-

108 856 188 892 que
220 855 315 879 eum
347 854 497 879 ornare
526 840 727 878 laudibus
755 853 916 890 pergas.
977 839 1091 885 Quas
1118 840 1198 876 etsi
1227 839 1399 876 minime
1424 851 1679 888 promerear,

107 901 301 934 attamen
332 897 383 933 de
415 901 540 933 tanto
567 899 749 933 conatus
777 896 857 932 mei
890 895 1112 931 laudatore
1142 906 1226 930 non
1258 906 1431 943 possum
1465 906 1548 930 non
1579 893 1681 930 mihi

106 951 327 1001 gratulari.
378 951 519 1000 Atque
541 963 590 987 eo
612 950 702 987 solo
724 950 913 999 praemio
935 962 1010 999 pro
1032 949 1274 998 praeteritis
1297 948 1515 985 laboribus
1532 948 1682 985 lubens

108 1019 201 1044 sum
237 1010 480 1044 contentus.
542 1005 591 1042 In
626 1009 845 1054 posterum
881 1017 983 1041 vero
1019 1016 1185 1053 semper
1220 1004 1354 1052 magis
1385 1008 1516 1052 atque
1548 1004 1682 1052 magis

107 1062 257 1105 enitar,
293 1074 378 1110 quo
410 1060 598 1109 aliquam
636 1060 788 1097 saltem
830 1059 1006 1096 laudum
1042 1064 1215 1096 tuarum
1253 1063 1419 1108 partem
1455 1058 1682 1095 vendicare

108 1116 210 1153 mihi
239 1128 405 1164 queam.
467 1115 577 1152 Nam
606 1115 659 1152 ad
692 1114 907 1163 Rodolphi
937 1114 1096 1151 famam
1126 1126 1274 1151 vereor
1302 1126 1353 1150 ne
1382 1113 1544 1150 frustra
1572 1113 1680 1162 aspi-

108 1184 208 1208 rem.
268 1170 397 1208 Cuius
428 1175 572 1207 tamen
604 1169 798 1218 exemplo
829 1169 1069 1213 confirmor,
1102 1181 1154 1206 ne
1184 1169 1349 1218 patriae
1380 1168 1550 1217 genium
1580 1168 1683 1204 mihi

110 1226 165 1263 ad
187 1225 295 1262 hanc
320 1226 361 1262 in
384 1225 538 1262 studiis
560 1225 880 1261 contentionem
904 1223 1177 1261 obstaturum
1200 1223 1382 1260 credam.

165 1280 221 1317 Et
242 1280 332 1317 Deo
353 1284 466 1318 certe
488 1279 560 1324 illi,
587 1279 659 1328 qui
686 1279 897 1316 nost1atia
925 1279 1093 1326 ingenia
1122 1278 1252 1315 humo
1280 1278 1442 1327 alligat,
1472 1290 1548 1315 nec
1571 1290 1619 1315 ea
1641 1290 1683 1314 se

111 1335 166 1372 ad
191 1335 378 1384 aliquem
407 1335 449 1371 in
478 1334 611 1371 literis
640 1333 842 1371 honorem
872 1333 1071 1371 attollere
1098 1334 1276 1394 patitur,
1306 1345 1526 1382 nunquam
1556 1333 1682 1369 sacri-

110 1389 247 1427 ficaui.
318 1389 460 1438 Atque
501 1389 578 1426 hoc
619 1389 757 1438 ipsum
799 1393 845 1425 vt
888 1389 1085 1433 vitar,em
1127 1389 1211 1425 iam
1252 1388 1463 1426 decimum
1505 1388 1684 1425 tertium

110 1457 272 1482 annum
304 1457 329 1481 a
359 1445 499 1494 patria
534 1443 674 1489 exulo,
706 1456 803 1480 cum
835 1444 913 1480 sim
945 1443 1084 1480 adhuc
1116 1443 1230 1480 intra
1259 1456 1353 1480 eam
1385 1447 1585 1487 aetatem,
1617 1443 1685 1479 cui

112 1503 282 1549 praetor
304 1500 621 1536 restitutionem
644 1499 685 1535 in
708 1499 920 1546 integr-um
942 1498 1109 1535 tribuit.
1161 1496 1432 1547 Quapropter
1453 1502 1496 1535 et
1518 1497 1684 1534 valetu-

111 1554 251 1591 dinem
285 1566 450 1604 semper
481 1555 704 1602 integram,
736 1553 939 1602 nulloque
971 1565 1161 1602 vnquam
1193 1553 1342 1590 morbo
1372 1552 1438 1589 vel
1469 1556 1685 1590 attactam

112 1609 318 1646 hactenus
340 1609 536 1658 produxi,
559 1612 608 1645 vt
634 1608 959 1646 minunthadios
980 1621 1031 1645 ne
1059 1609 1137 1644 sim
1160 1609 1302 1645 minus
1324 1621 1482 1645 verear.
1544 1607 1683 1653 Quan-

111 1676 238 1713 quam
277 1664 449 1700 minime
484 1663 587 1700 mihi
623 1664 729 1700 mori
760 1676 888 1712 graue
919 1667 1029 1700 esset
1060 1675 1156 1700 cum
1190 1662 1422 1712 Virgiliano
1452 1662 1685 1712 epitaphio,

112 1718 375 1756 ‘Ostendent
398 1719 523 1756 terris
546 1718 656 1755 hunc
679 1723 851 1755 tantum
873 1717 979 1762 fata
1003 1731 1078 1755 nec
1096 1717 1212 1755 v·lt1a
1228 1730 1318 1755 esse
1336 1718 1516 1755 sine’nt.
1563 1717 1686 1762 Quod

111 1778 212 1810 tuus
229 1786 348 1810 amor
370 1774 583 1810 immerito
604 1773 708 1810 mihi
730 1773 896 1810 tribuit
947 1772 1066 1810 Sensi
1083 1786 1253 1822 quoque
1275 1786 1327 1809 ex
1350 1773 1399 1810 D.
1424 1772 1533 1810 Zasii
1552 1772 1687 1809 literis

112 1841 196 1877 quo
217 1841 283 1865 me
305 1827 419 1878 apud
441 1828 560 1865 illum
584 1829 832 1865 testimonio
857 1829 1100 1869 ornaueris:
1133 1829 1289 1877 quippe
1312 1828 1385 1877 qui
1407 1840 1472 1865 me
1495 1828 1574 1865 sibi
1596 1840 1686 1864 suc-

112 1895 320 1920 cessorem
344 1896 370 1919 Ξ
375 1884 468 1919 iuus
490 1883 691 1919 asciscere
714 1883 917 1931 dignatus
938 1887 1015 1920 est.
1077 1882 1157 1920 Sed
1180 1883 1282 1932 quid
1305 1883 1440 1920 mihi
1431 1895 1473 1919 1n
1494 1895 1543 1920 ea
1566 1895 1608 1919 re
1632 1883 1687 1919 sit

113 1939 255 1982 animi,
279 1942 406 1975 antea
430 1937 638 1978 indicaui:
670 1942 714 1975 et
737 1951 849 1975 nunc
873 1937 1066 1987 pluribus
1089 1937 1211 1974 Zasio
1235 1937 1483 1987 respondeo,
1510 1938 1686 1984 gratias-

113 2005 194 2041 que
230 1992 458 2042 diligenter
492 2005 583 2041 ago.
643 1992 951 2041 Chrysostomo
992 1992 1108 2041 quod
1148 1993 1364 2042 scripseris
1403 1993 1593 2039 gaudeo:
1636 2005 1687 2029 ex

113 2048 201 2084 eius
223 2048 334 2085 enim
356 2047 664 2090 familiaritate,
688 2052 765 2084 tua
787 2048 889 2084 mihi
911 2047 1095 2097 epistola
1116 2047 1331 2092 deuincta,
1351 2047 1585 2084 vtilitatem
1604 2060 1688 2084 non

114 2102 323 2140 modicam
355 2103 540 2152 concepi.
601 2102 745 2139 Habet
777 2103 810 2139 is
843 2103 1051 2152 integram
1082 2101 1285 2152 Cypriani
1312 2103 1446 2139 vitam
1478 2115 1503 2139 a
1536 2102 1691 2140 Pontio

1703 799 1764 820 110

1706 1074 1765 1104 115

1711 1899 1772 1928 130

273 2214 344 2242 100.
370 2222 469 2255 quae·
483 2213 720 2252 scripsimus:
748 2214 811 2253 qui
837 2213 940 2244 VZE.
1049 2222 1119 2252 125.
1146 2213 1414 2244 Mininthadios
1439 2214 1543 2244 ΓΖΕ.

164 2340 277 2378 107-8.
304 2339 391 2369 fecit
425 2363 431 2369 .
468 2363 474 2368 .
507 2364 513 2369 .
547 2340 666 2380 spem}
702 2340 772 2370 For
804 2340 867 2370 the

937 2341 1000 2370 the
1014 2340 1200 2371 Churches
1215 2341 1252 2371 of
1266 2340 1461 2379 Carthago,
1480 2351 1501 2371 a
1520 2340 1637 2371 friend
1656 2340 1693 2371 of

116 2383 327 2413 realization
356 2383 394 2413 of
426 2383 530 2413 these
563 2384 678 2423 hopes
707 2395 765 2413 see
795 2384 864 2424 Ep.

936 2384 1108 2424 Cypri-an.
1161 2385 1219 2414 He
1251 2390 1365 2415 wrote
1398 2386 1487 2415 Acta
1522 2385 1693 2423 *llartssrii

116 2435 212 2466 2791.
232 2436 310 2465 5911.

164 2480 300 2507 loq-10.
328 2471 402 2501 tuis
419 2471 464 2501 ad
485 2471 601 2509 illuni]
621 2472 689 2511 Ep.
713 2474 808 2502 2081.

164 2515 867 2556 123.restitutionenilSeel⁴]p.2(›32.54n.

164 2562 235 2588 120.
262 2559 474 2597 Virgiliano]
494 2560 582 2589 Aen.
601 2562 632 2589 (Ξ.
652 2562 792 2598 81105711.

165 2603 236 2632 128.
264 2602 870 2641 Zasiilitoris]'l'lwo1-iginnlletter

119 2646 147 2675 is
171 2646 205 2676 in
228 2646 291 2676 tho
315 2646 449 2676 Leidcn
475 2647 584 2677 Fniv.
610 2647 776 2687 Library,
795 2648 866 2677 MS.

120 2689 210 2730 Pap.
233 2700 262 2720 2.
311 2690 347 2720 It
372 2701 446 2720 was
468 2691 614 2730 printed
634 2702 673 2721 as
692 2691 796 2721 Vm).
816 2701 868 2729 3¹.

118 2734 191 2763 and
214 2734 319 2773 again
344 2734 379 2764 in
404 2734 592 2764 Gabbeina
618 2746 651 2774 p.
679 2744 752 2772 520.
776 2735 868 2765 froin

120 2777 237 2807 which
265 2778 292 2807 it
317 2787 390 2807 was
420 2779 606 2818 reprinted
634 2780 666 2808 in
695 2779 764 2808 ΖΕ.
795 2789 867 2818 244.

121 2820 164 2850 In
188 2821 257 2861 Ep.
286 2822 379 2860 2418.
411 2831 514 2861 {4⁴20
540 2822 713 2852 Erasinus
735 2833 868 2853 revoni-

121 2864 277 2894 mended
317 2865 456 2903 Viglius
496 2870 535 2896 to
576 2866 700 2896 Zasius
739 2877 779 2896 115
815 2867 870 2897 his

121 2918 316 2939 successor.
365 2909 515 2947 Viglius'
531 2909 633 2949 reply
652 2911 680 2939 is
695 2910 797 2940 vm).
818 2920 869 2949 33.

163 2961 233 2990 132.
243 2952 520 2992 Chrysostoinol
531 2954 595 2983 See
605 2954 672 2994 Ep.
686 2956 778 2984 2082.
789 2957 868 2994 6411.

163 3004 234 3035 134.
261 2996 408 3034 Pontio]
435 2996 453 3035 †
478 3008 507 3027 (¹.
537 2998 608 3035 258.
663 2998 807 3029 Deacon
834 2999 871 3028 of

939 2428 1129 2468 Cypriani.
1155 2429 1218 2459 the
1242 2429 1337 2459 book
1360 2430 1444 2459 here
1464 2429 1621 2459 referred
1641 2434 1691 2459 to.

939 2472 994 2502 On
1025 2482 1062 2511 17
1092 2473 1195 2512 April
1227 2482 1309 2512 1533
1344 2474 1427 2512 (Ep.
1465 2482 1559 2507 run.
1594 2474 1693 2511 54-7)

940 2516 1079 2555 Viglius
1106 2517 1188 2547 tells
1225 2517 1401 2547 Erasmus
1434 2518 1513 2547 that
1548 2517 1693 2546 Zancho

938 2560 1004 2590 has
1027 2560 1104 2590 lent
1130 2561 1204 2590 him
1232 2561 1322 2591 both
1348 2562 1411 2591 the
1437 2562 1596 2601 Cyprian
1620 2561 1692 2590 and

938 2605 1001 2634 1111“1
1034 2604 1217 2644 pseudo>
1261 2605 1472 2635 Ambrose's
1510 2606 1695 2634 Sermones

937 2653 1056 2678 contra
1086 2648 1256 2684 Arianos,
1292 2649 1409 2678 which
1444 2649 1488 2678 lie
1518 2650 1694 2688 promises

940 2697 978 2722 to
1001 2692 1090 2722 send
1116 2697 1155 2722 to
1178 2693 1374 2725 Erasmus:
1400 2703 1458 2722 see
1482 2693 1575 2732 Epp.
1597 2701 1692 2730 ,1-117.

940 2737 1058 2773 58—(10.
1080 2737 1175 2772 2820.
1197 2737 1352 2769 33511111.
1375 2737 1441 2776 lep.
1458 2738 1552 2774 2885.
1578 2738 1691 2774 1847.

940 2780 1079 2817 Viglius
1118 2781 1247 2820 copied
1295 2781 1359 2810 the
1404 2781 1582 2810 Anibrose
1626 2780 1693 2808 bnt

943 2824 1116 2853 Erasinus
1139 2825 1245 2854 niade
1267 2834 1313 2854 no
1339 2835 1402 2853 use
1419 2824 1456 2853 os
1484 2825 1522 2853 it.
1554 2823 1694 2861 Viglins

940 2867 1052 2897 found
1067 2868 1147 2898 111111
1160 2868 1335 2898 Erasinus
1347 2868 1416 2897 lind
1429 2868 1693 2906 alrendyssiven

940 2916 978 2941 to
999 2912 1139 2941 Froben
1159 2923 1180 2941 a
1198 2921 1257 2941 MS.
1277 2912 1314 2941 of
1332 2912 1394 2941 the
1416 2912 1501 2941 :teta
1523 2911 1694 2949 ⁴Uarr-isrii

939 2955 1011 2984 und
1046 2955 1278 2994 accordingly
1316 2956 1360 2984 he
1397 2955 1457 2984 did
1501 2959 1561 2985 not
1603 2954 1692 2984 send

939 3010 958 3028 11
974 3010 1067 3039 copy
1082 2999 1119 3030 of
1133 2999 1289 3030 Zancho'
1326 3007 1385 3028 Ms.
1434 2999 1690 3038 S‹w=1·]p.zss5.
