1966 3379
132 101 251 152 2846]
625 100 696 138 TO
727 98 955 136 DAMIAN
986 98 1021 136 A
1057 97 1197 136 GOES
1616 99 1693 137 273

129 205 259 242 fuisse
280 204 489 249 auditum,
508 203 579 241 sed
601 216 625 240 a
647 203 912 253 spermologo
933 203 1134 252 quopiam
1157 207 1199 239 et
1221 203 1508 252 acritomytho
1530 203 1692 248 rabula,

130 271 215 308 quo
236 258 581 309 pestilentissimo
603 257 821 295 hominum
843 270 991 307 genere
1009 269 1121 294 nunc
1138 257 1323 305 vndique
1341 262 1476 294 scatet
1495 257 1692 295 mundus.
1713 269 1753 299 45

129 313 284 351 Nullus
306 325 493 362 vnquam
515 312 762 349 mortalium
784 312 913 349 vllam
936 311 1147 360 syllabam
1173 324 1224 348 ex
1250 324 1316 348 me
1343 311 1521 355 audiuit,
1544 324 1692 361 appro-

130 368 303 405 bantem
325 372 401 404 aut
422 367 737 416 improbantem
760 366 837 404 hoc
858 366 1034 403 factum.
1095 365 1188 403 Hoc
1210 365 1325 415 apud
1347 378 1491 403 omnes
1516 366 1693 415 ingenue

128 435 230 472 prae
251 435 316 459 me
337 421 430 467 tuli,
449 421 552 458 mihi
573 434 659 459 non
676 421 910 470 vulgariter
931 420 1158 458 molestum
1181 433 1269 457 esse
1286 421 1517 470 principem
1536 420 1694 469 alioqui

129 476 417 514 felicissimum
453 477 495 513 in
530 488 626 513 eum
662 475 957 525 labyrinthum
993 475 1199 519 incidisse,
1236 476 1303 511 cui
1339 475 1561 524 cupiebam
1598 487 1690 511 cum

128 530 304 568 Caesare
331 543 404 580 per
431 531 572 568 omnia
602 530 838 575 conuenire,
869 529 984 579 quod
1015 529 1292 578 intelligerem
1321 529 1363 566 id
1393 529 1446 565 ad
1478 529 1692 578 publicam
1714 542 1754 570 50

128 586 242 623 orbis
263 585 622 634 tranquillitatem
645 597 910 634 summopere
931 583 1178 621 conducere.
1239 583 1353 629 Quae
1375 583 1526 620 fuisset
1548 589 1692 620 autem

128 652 221 677 mea
260 652 345 677 non
381 639 518 676 dicam
554 640 772 677 temeritas
806 639 879 676 sed
915 639 1115 683 amentia,
1152 639 1185 675 si
1221 651 1296 675 nec
1337 638 1582 687 postulatus
1617 650 1692 675 nec

127 698 300 743 rogatus
321 694 372 732 de
393 707 436 731 re
464 698 554 731 tam
583 694 717 731 ardua
745 694 1101 743 pronunciassem‚
1124 692 1175 729 de
1197 705 1282 742 qua
1303 697 1371 730 tot
1398 692 1554 729 eruditi
1579 693 1692 742 apud

127 761 219 786 eam
240 753 409 798 gentem
431 749 628 798 episcopi,
647 752 776 797 atque
798 749 886 797 ipse
907 747 1013 785 adeo
1035 747 1199 796 legatus
1221 747 1491 797 Apostolicus
1509 747 1690 784 Lauren-

127 804 212 840 tius
229 802 479 853 Campegius
501 804 565 840 vir
582 803 804 851 vtriusque
826 803 926 839 iuris
948 801 1287 847 callentissimus,
1310 801 1418 839 ferre
1436 802 1691 838 sententiam
1714 815 1752 845 55

126 857 427 895 contabantur.
488 857 640 895 Merito
662 870 759 894 amo
779 856 848 894 τὸν
867 856 1082 906 μονάρχην,
1105 860 1154 893 vt
1176 857 1294 893 cuius
1316 857 1505 893 animum
1530 868 1693 906 semper

126 913 357 962 propit-ium
380 925 427 950 ac
448 911 667 949 fauentem
689 924 782 949 sum
803 916 1016 961 expertus.
1067 910 1322 960 Quanquam
1344 911 1398 948 ab
1419 923 1467 948 eo
1488 915 1691 960 tempore,

126 979 210 1016 quo
236 968 375 1016 coepit
399 967 477 1003 hoc
506 967 722 1016 negotium
750 967 829 1015 agi,
852 965 957 1003 nihil
982 965 1036 1002 ab
1061 978 1111 1003 eo
1139 965 1328 1003 beneficii
1354 966 1497 1014 accepi
1524 969 1694 1015 praeter

125 1022 255 1059 animi
277 1021 631 1059 beneuolentiam.
696 1020 774 1070 Τὴν
794 1021 917 1057 αὐτοῦ
936 1019 1118 1057 σύνοικον
1145 1020 1292 1057 multis
1314 1020 1365 1057 de
1387 1020 1523 1057 causis
1551 1019 1691 1068 dilige-

127 1075 223 1113 bam
246 1089 293 1113 ac
315 1076 455 1126 diligo,
477 1076 616 1125 idque,
638 1076 685 1112 ni,
701 1075 836 1120 fallor,
859 1088 954 1112 cum
977 1075 1099 1112 bonis
1120 1075 1328 1120 omnibus,
1352 1087 1480 1124 quam
1509 1074 1693 1111 arbitror
1712 1081 1753 1109 oo

126 1143 202 1168 nec
231 1131 310 1180 ipsi
334 1130 494 1179 βασιλεῖ
520 1131 699 1168 inuisam
727 1142 827 1167 esse.
886 1129 1054 1167 Caesari
1083 1129 1269 1179 Principi
1296 1141 1402 1174 meo,
1431 1130 1498 1166 cui
1528 1130 1692 1166 iuratus

125 1198 218 1223 sum
240 1185 514 1230 consiliarius,
536 1185 751 1234 praeclare
773 1185 824 1222 de
849 1197 915 1222 me
942 1184 1181 1234 studiisque
1208 1185 1311 1222 meis
1338 1184 1503 1229 merito,
1525 1184 1604 1221 nisi
1626 1196 1692 1221 me

124 1252 350 1289 agnoscam
365 1241 507 1277 omnia
521 1239 686 1285 debere,
700 1243 777 1277 aut
792 1239 1066 1277 vehementer
1079 1238 1260 1276 stolidus
1274 1240 1365 1283 sim,
1380 1242 1457 1276 aut
1473 1239 1692 1287 insigniter

125 1295 328 1344 ingratus.
390 1294 508 1332 Vnde
529 1295 658 1343 igitur
685 1294 787 1331 mihi
811 1306 929 1331 mens
956 1298 1046 1332 tam
1074 1293 1196 1331 laeua
1217 1298 1265 1330 vt
1287 1293 1400 1331 vltro
1425 1306 1491 1330 me
1516 1298 1605 1330 tam
1630 1294 1690 1330 in-

126 1349 289 1387 uidioso
318 1350 489 1399 negotio
519 1349 792 1394 inuoluerem,
824 1348 879 1386 ad
908 1348 1022 1398 quod
1054 1349 1088 1385 si
1117 1348 1288 1385 fuissem
1321 1347 1387 1385 vel
1418 1351 1592 1398 rogatus
1624 1347 1691 1384 vel
1711 1354 1751 1391 65

125 1403 355 1453 flagitatus,
378 1403 575 1441 manibus
596 1403 859 1453 pedibusque
880 1403 1031 1440 fuerim
1054 1406 1356 1440 recusaturus?

180 1458 334 1496 Nullus
348 1471 535 1507 vnquam
550 1458 792 1508 Principum
810 1470 935 1508 super
952 1457 1029 1496 hoc
1046 1462 1299 1507 argumento
1316 1470 1453 1495 meam
1470 1457 1692 1506 requisiuit

125 1514 396 1550 sentent-iam.
457 1513 644 1550 Tantum
666 1517 764 1550 ante
786 1525 921 1550 annos
949 1513 1055 1550 duos
1082 1512 1281 1550 adierunt
1306 1525 1372 1549 me
1400 1512 1486 1549 duo
1513 1525 1564 1549 ex
1593 1511 1691 1548 aula

124 1566 312 1605 Caesaris
334 1567 508 1612 nobiles,
532 1580 616 1605 vno
643 1572 773 1616 atque
801 1567 937 1605 altero
964 1567 1175 1617 colloquio
1197 1571 1393 1617 vrgentes
1419 1579 1496 1611 me,
1520 1571 1568 1603 vt
1589 1566 1692 1616 quid

124 1622 175 1660 de
197 1635 246 1660 ea
267 1635 394 1660 causa
415 1623 614 1660 sentirem
634 1635 900 1672 exponerem.
961 1621 1178 1672 Respondi
1204 1622 1246 1659 id
1267 1622 1382 1671 quod
1408 1625 1501 1659 erat
1526 1634 1602 1666 res,
1626 1634 1691 1658 me
1712 1635 1752 1665 70

125 1689 345 1726 nunquam
367 1677 419 1714 ad
442 1689 535 1714 eam
553 1677 843 1726 quaestionem
865 1677 1096 1714 intendisse
1110 1678 1314 1722 animum,
1333 1676 1384 1714 de
1402 1689 1487 1725 qua
1503 1675 1690 1713 viderem

124 1744 312 1769 summos
333 1736 426 1769 tum
448 1732 697 1777 autoritate,
720 1736 813 1769 tum
834 1732 1071 1769 eruditione
1092 1732 1206 1769 viros
1227 1735 1295 1769 tot
1316 1732 1439 1768 annis
1463 1730 1687 1779 ambigere.

125 1785 391 1823 Facillimum
422 1798 512 1823 esse
547 1786 823 1836 pronuntiare
854 1786 957 1836 quid
986 1799 1062 1835 ego
1093 1790 1300 1836 optarem,
1331 1791 1377 1823 at
1412 1786 1690 1835 pronuntiare

124 1840 225 1890 quid
248 1841 311 1878 ius
328 1841 520 1878 diuinum
537 1844 667 1890 atque
685 1840 919 1878 humanum
936 1841 1186 1878 concederet
1202 1845 1444 1890 negaretue,
1461 1852 1546 1877 non
1563 1840 1690 1877 modo

124 1895 358 1933 multorum
382 1895 543 1933 dierum
566 1895 947 1933 considerationem
969 1897 1192 1945 requirere,
1211 1896 1491 1933 verumetiam
1515 1896 1687 1931 circum·
1710 1910 1749 1939 75

124 1951 380 1987 stantiarum
403 1962 554 1987 causae
575 1951 873 2000 cognitionem.
934 1950 1001 1988 Illi
1024 1950 1198 2000 professi
1220 1963 1261 1988 se
1284 1950 1388 1987 nihil
1410 1962 1461 1987 ex
1483 1949 1689 1986 mandato

123 2003 313 2042 Caesaris
356 2017 489 2054 agere,
532 2004 828 2042 discesserunt.
890 2005 1127 2050 Praeterea,
1168 2017 1293 2042 nemo
1336 2004 1582 2042 mortalium
1623 2017 1689 2041 me

125 2071 251 2109 super
272 2059 350 2097 hoc
371 2059 663 2109 interpellauit
683 2061 865 2108 negotio.
912 2060 1023 2109 Ergo
1040 2072 1172 2109 quum
1195 2060 1250 2097 sit
1271 2059 1687 2110 impudentissimum

124 2113 392 2151 mendacium
409 2114 523 2163 quod
541 2118 725 2163 nugator
741 2114 823 2159 ille,
839 2115 1030 2164 quisquis
1046 2115 1142 2159 fuit,
1157 2114 1212 2152 ad
1229 2118 1271 2152 te
1288 2114 1480 2164 pertulit,
1499 2114 1688 2163 suspicor

124 2172 270 2205 tamen
301 2168 412 2206 vnde
442 2169 668 2218 arripuerit
698 2170 973 2214 occasionem,
1003 2174 1063 2214 vt,
1095 2170 1218 2206 iuxta
1248 2169 1536 2219 prouerbium,
1566 2168 1687 2205 Malis
1708 2177 1749 2205 So

125 2226 294 2272 praeter
324 2224 586 2261 occasionem
622 2223 726 2260 nihil
757 2223 888 2269 deest,
920 2224 975 2261 ad
1010 2224 1193 2273 quoduis
1227 2223 1471 2261 audendum
1508 2223 1685 2260 facinus.

124 2277 174 2314 Ei
195 2290 320 2327 quem
349 2277 370 2315 ὁ
394 2277 582 2327 βασιλεὺς
609 2277 765 2315 dicitur
792 2291 982 2316 socerum
1011 2280 1224 2323 asciscere,
1253 2279 1440 2316 dicaram
1471 2278 1686 2315 Psalmum

125 2332 372 2381 vigesimum
395 2332 642 2377 secundum,
664 2332 791 2381 idque
812 2338 911 2370 ante
932 2346 1067 2371 annos
1088 2333 1340 2383 complures,
1365 2337 1411 2370 vt
1435 2333 1477 2370 id
1506 2332 1684 2369 facerem

123 2385 177 2423 ab
199 2387 289 2436 ipso
310 2391 496 2436 rogatus.
548 2387 626 2424 Est
647 2388 757 2424 enim
781 2388 856 2432 vir,
876 2392 923 2424 vt
941 2401 1024 2426 vno
1045 2401 1116 2426 ore
1137 2388 1384 2438 praedicant
1403 2400 1559 2431 omnes
1579 2400 1687 2423 vnus

124 2453 254 2491 prope
276 2442 386 2479 inter
412 2441 575 2478 nobiles
598 2441 803 2487 eruditus,
826 2443 1051 2491 animoque
1080 2443 1203 2492 plane
1231 2442 1534 2492 philosophico.
1595 2441 1685 2478 Hoc
1707 2450 1746 2486 85

124 2496 306 2533 officium
333 2509 474 2534 mcum
499 2500 621 2545 grato
649 2496 872 2545 amplexus
899 2498 1054 2543 animo,
1081 2498 1205 2547 petiit
1228 2502 1276 2534 vt
1303 2497 1464 2546 aliquid
1493 2496 1684 2533 acderem

123 2551 165 2586 in
187 2549 435 2599 Symbolum
459 2550 571 2600 quod
594 2550 750 2588 dicitur
771 2551 1086 2601 Apostolorum.
1132 2552 1227 2589 Feci
1249 2552 1363 2601 quod
1386 2551 1535 2590 voluit.
1554 2563 1685 2599 coque

166 2653 217 2683 49.
245 2644 530 2684 Labyrinthum]
548 2644 601 2674 Cf.
621 2643 690 2684 Ep.
710 2653 803 2683 2271.
824 2654 852 2674 2.

165 2696 216 2726 55.
243 2688 476 2727 Campegius]
494 2688 547 2718 Cf.
568 2688 636 2728 Ep.
656 2690 751 2726 2256.
772 2697 867 2727 35—7.

165 2733 219 2767 69.
246 2731 399 2770 nobiles]
431 2731 496 2762 We
527 2742 588 2761 are
620 2736 685 2762 not
717 2732 798 2762 ablo
831 2736 870 2763 to

120 2784 227 2815 guess
251 2775 346 2805 their
370 2775 542 2815 identity.
592 2775 627 2806 It
652 2776 680 2805 is
705 2776 868 2806 conceiv-

119 2818 202 2848 ablo
220 2818 356 2855 (unless
370 2829 422 2849 wc
436 2829 536 2859 press
552 2819 737 2849 Erasmus'
756 2830 870 2851 annos

119 2862 209 2892 duos
225 2862 381 2902 unduly)
396 2863 479 2893 that
493 2863 522 2893 it
534 2873 607 2893 was
619 2863 653 2893 in
665 2864 869 2893 connexion

119 2905 207 2935 with
226 2906 322 2936 their
338 2906 425 2936 visit
442 2906 527 2937 that
540 2906 714 2937 Erasmus
728 2907 869 2938 invited

120 2949 325 2979 Boniface's
345 2950 495 2990 opinion
516 2960 616 2990 upon
640 2950 703 2981 the
722 2950 869 2981 divorce

162 3024 284 3054 452.1o

939 2644 1024 2685 (Ep.
1044 2647 1139 2683 2256.
1159 2647 1293 2685 35-58).

981 2690 1033 2719 80.
1061 2689 1312 2730 prouerbium]
1332 2689 1444 2727 Adaq.
1469 2690 1559 2718 10(1S.

989 2734 1041 2773 84.
1068 2734 1116 2763 ab
1148 2733 1241 2773 ipso]
1274 2733 1351 2763 The
1382 2733 1580 2763 invitation
1614 2742 1686 2761 was

937 2777 1124 2816 convoyed
1152 2777 1312 2815 through
1341 2776 1477 2806 Gerurd
1513 2776 1686 2815 Phrysius

938 2820 1023 2860 (Ep.
1045 2822 1156 2859 2232),
1182 2821 1321 2860 Boleyn
1345 2820 1488 2849 himself
1511 2819 1646 2857 adding
1666 2829 1685 2848 a

938 2865 1139 2904 posts‹·ript
1157 2869 1196 2894 to
1214 2865 1277 2895 tho
1295 2864 1413 2893 letter.

982 2909 1032 2947 87.
1061 2908 1289 2947 Symbolum]
1313 2916 1413 2945 1533:
1439 2906 1484 2935 es.
1506 2906 1572 2945 Ep.
1591 2915 1683 2944 2772.

938 2951 980 2982 In
1019 2961 1097 2991 1534
1132 2952 1175 2981 he
1210 2951 1286 2982 also
1320 2950 1512 2981 dedicated
1550 2950 1611 2980 the
1647 2950 1685 2979 (Ic
