1966 3379
107 117 227 166 2716]
504 116 663 154 FROM
694 114 924 154 VIGLIUS
954 113 1288 153 ZUICHEMUS
1618 114 1667 150 97

107 222 240 258 cuiuis
260 220 445 258 eiusdem
466 220 627 258 farinae
649 220 732 265 alii,
756 224 804 256 Vt
825 232 944 257 suam
966 219 1143 256 laudent
1170 222 1307 255 artem
1329 229 1424 254 cum
1448 217 1670 254 temeraria
1692 233 1730 254 10

106 275 295 321 alicuius,
327 288 452 324 quem
480 276 566 324 ipse
594 287 731 312 amem
759 277 803 311 et
830 273 979 319 colam,
1010 273 1300 310 insectatione.
1360 271 1447 308 Nec
1475 272 1585 308 enim
1613 271 1669 307 sic

108 330 254 367 induxi
285 331 475 367 animum
506 329 771 366 dissimulare
802 332 851 365 vt
879 328 945 365 vel
973 327 1184 365 colludere
1214 326 1373 371 videar,
1400 324 1466 362 vel
1495 324 1671 374 prodere

107 397 178 422 eos
195 385 349 433 quibus
367 383 494 421 semel
512 396 666 421 nomen
683 383 779 420 dedi
796 386 839 420 et
853 396 877 420 a
894 394 1076 431 quorum
1095 382 1222 430 signis
1240 380 1381 418 nullus
1398 392 1464 416 me
1481 391 1671 428 vnquam

109 439 329 476 hominum
363 438 564 476 retrahet.
625 437 737 475 Illud
767 441 911 474 autem
942 449 1042 474 vero
1073 437 1214 473 verius
1244 439 1321 480 est,
1353 447 1439 472 non
1470 434 1523 471 ob
1555 433 1672 470 aliud

109 494 267 542 cepisse
297 494 401 530 istos
429 493 649 530 consilium
680 496 904 542 tantopere
934 490 1170 528 extollendi
1198 489 1441 528 Ciceronem
1470 501 1598 537 quam
1625 491 1673 524 vt
1696 503 1733 532 15

110 548 275 585 Erasmi
296 547 455 585 famam
484 547 775 591 obliterarent,
798 559 927 595 quam
949 546 1004 583 ad
1026 549 1197 582 tantum
1225 556 1428 593 exurgere
1456 543 1673 591 fastigium

109 602 257 639 acerbe
282 602 438 639 ferunt.
497 601 584 639 Nec
610 606 787 651 potuere
812 600 1141 638 commodiorem
1171 599 1352 648 reperire
1378 597 1572 642 colorem,
1595 597 1673 634 sub

110 669 195 705 quo
229 657 413 694 inuidiae
444 656 604 694 malum
636 659 839 705 tegerent,
873 655 1248 704 imprudentesque
1279 653 1500 690 literarum
1532 651 1672 689 candi-

110 711 234 749 datos
266 724 291 748 a
324 712 387 748 tui
420 711 702 748 admiratione
738 710 1001 759 lectioneque
1037 712 1243 746 arcerent.
1303 707 1412 753 Quid
1448 707 1559 744 enim
1596 706 1675 743 sibi

111 766 218 811 vult,
241 766 356 815 quod
377 765 496 803 illum
519 779 644 815 quem
672 777 836 815 semper
864 765 1025 802 habent
1053 764 1095 800 in
1122 775 1205 808 ore,
1229 775 1313 800 non
1341 762 1467 799 aliter
1496 761 1676 798 laudant
1698 775 1737 796 20

111 833 240 869 quam
271 833 366 858 cum
402 820 586 869 quadam
623 823 726 857 nota
757 824 928 857 tuorum
960 819 1249 868 scriptorum?
1307 816 1497 862 Quorum
1533 820 1677 852 tamen

113 875 315 912 honorem
346 875 461 924 apud
491 876 678 924 integros
709 874 921 911 literariae
952 874 1010 910 rei
1041 873 1198 910 iudices
1228 872 1503 908 illustriorem
1541 870 1678 919 reipsa

111 929 297 967 faciunt:
331 942 427 966 cum
458 929 573 978 quod
603 929 662 966 illi
694 928 875 978 maligne
903 928 1017 977 apud
1046 927 1151 964 alios
1182 930 1378 976 carpunt,
1410 925 1607 962 lubenter
1635 925 1677 960 in

112 984 316 1022 cubiculis
338 984 491 1033 legant,
515 988 646 1033 atque
666 997 717 1021 ex
741 983 858 1020 libris
880 984 965 1020 tuis
986 982 1224 1032 proficiant.
1276 980 1367 1027 Quo
1385 978 1679 1018 detestabilior

112 1042 178 1076 est
199 1039 300 1076 haec
322 1039 584 1088 improbitas,
607 1038 904 1088 ingratitudini
925 1038 1164 1074 coniuncta.
1698 1046 1738 1076 25

168 1094 225 1131 Et
247 1093 366 1131 illum
389 1106 473 1131 non
501 1093 657 1143 puduit
684 1093 790 1130 adeo
818 1092 1043 1129 manifeste
1065 1092 1293 1129 veritatem
1323 1091 1543 1133 inuertere,
1566 1089 1676 1138 quis-

113 1149 206 1198 quis
246 1148 386 1193 fuerit,
423 1149 495 1197 qui
530 1161 665 1198 nuper
704 1148 914 1185 famosum
950 1147 1070 1184 illum
1106 1146 1328 1184 calumniis
1364 1144 1678 1192 mendaciisque

115 1207 349 1240 scatentem
389 1203 582 1240 libellum
622 1203 664 1240 in
705 1202 841 1240 lucem
881 1205 946 1239 est
985 1214 1112 1239 ausus
1152 1201 1360 1238 emittere.
1420 1199 1470 1236 In
1511 1211 1595 1248 quo
1636 1202 1679 1235 te

115 1257 324 1295 Ciceronis
346 1257 507 1295 lumina
530 1257 712 1295 voluisse
735 1257 961 1294 obscurare
982 1255 1140 1297 obiicit,
1164 1268 1248 1305 quo
1269 1259 1345 1292 tua
1366 1254 1492 1292 vnius
1520 1253 1681 1303 scripta

114 1312 363 1362 legerentur.
424 1311 528 1350 Cum
561 1313 639 1362 ipsi
675 1325 759 1349 non
793 1311 876 1349 alia
906 1312 1070 1349 ratione
1105 1310 1225 1348 illum
1261 1309 1397 1347 solum
1434 1309 1476 1346 in
1512 1307 1680 1357 linguae
1701 1320 1742 1350 30

116 1367 274 1404 latinae
295 1366 554 1417 Capitolium
577 1367 779 1404 studeant
808 1366 1004 1403 inducere
1026 1378 1154 1415 quam
1181 1369 1230 1402 vt
1256 1364 1555 1402 Erasmianum
1584 1362 1681 1399 inde

116 1423 344 1459 terminum
363 1422 552 1465 eiiciant3
584 1423 655 1470 qui
670 1426 814 1459 tamen
832 1434 916 1458 non
933 1421 1192 1470 possessione
1206 1419 1321 1456 mala
1334 1418 1415 1456 fide
1430 1418 1682 1455 continuata

115 1476 254 1514 locum
280 1477 404 1526 cepit,
430 1476 502 1514 sed
529 1477 758 1514 iustissimo
786 1476 916 1513 titulo
937 1475 1016 1512 sibi
1044 1475 1289 1512 vendicauit
1316 1473 1467 1511 datum
1489 1472 1680 1510 doctissi-

116 1544 281 1569 morum
313 1531 533 1568 hominum
562 1531 784 1581 suffragiis,
812 1531 1079 1579 aeternisque
1108 1529 1397 1567 monumentis
1427 1527 1681 1565 stabilitum.

117 1586 180 1624 Ne
201 1590 345 1623 autem
367 1585 435 1623 ille
457 1586 564 1624 belle
581 1585 890 1634 artificioseque
911 1585 1102 1622 fabulam
1120 1584 1366 1633 auspicatus
1383 1586 1460 1628 est,
1482 1582 1682 1619 fictitium
1703 1593 1742 1623 35

118 1640 295 1678 titulum
323 1641 440 1690 operi
464 1641 707 1678 inscribens.
767 1640 868 1685 Quis
895 1641 1006 1677 enim
1035 1644 1126 1677 tam
1154 1638 1378 1687 impudens
1405 1649 1450 1674 os
1478 1637 1609 1674 habet
1634 1639 1683 1672 vt

118 1696 411 1745 sine-persona
439 1700 527 1733 tam
559 1696 739 1745 insignia
770 1695 989 1732 mendacia
1016 1694 1381 1742 calumniosasque
1403 1690 1683 1729 contumelias

118 1750 285 1800 publice
312 1750 438 1788 alicui
465 1751 651 1799 ingerere
679 1750 867 1787 audeat?
926 1750 1128 1787 Erasmus
1156 1761 1241 1786 non
1269 1747 1370 1797 legit
1395 1745 1682 1789 Aristotelem,

117 1809 161 1842 et
189 1804 257 1842 ille
282 1805 429 1854 legisse
458 1805 591 1843 videri
616 1805 723 1850 vult,
753 1805 825 1854 qui
851 1804 1073 1842 calumniis
1102 1803 1459 1851 mendacibusque
1485 1800 1684 1838 eonuit-iis

118 1859 277 1897 famam
314 1864 566 1910 aucupatur,
599 1873 694 1897 cum
728 1860 900 1909 propria
936 1858 1349 1908 Peripatheticorum
1385 1856 1609 1906 disciplina
1642 1855 1685 1892 in
1704 1868 1746 1898 40

120 1915 314 1952 veritatis
349 1915 621 1964 indagatione
661 1915 880 1952 consistat.
953 1913 1090 1951 Proh!
1132 1917 1307 1950 acutum
1343 1911 1683 1949 Ciceronianum-

119 1981 199 2018 que
214 1968 449 2008 Oratorem.
500 1969 610 2007 Huic
625 1969 680 2007 da
694 1968 932 2007 Censoriam
949 1968 1171 2018 virgulam.
1232 1967 1312 2004 Hic
1334 1971 1426 2004 esto
1442 1965 1683 2003 studiorum

119 2027 361 2061 nostrorum
393 2025 606 2074 magister.
668 2024 747 2061 Hic
783 2024 1007 2061 doctorum
1045 2023 1265 2060 hominum
1301 2021 1447 2059 Index.
1509 2020 1574 2057 Ab
1605 2019 1685 2056 hoc

120 2078 333 2116 discamus
348 2078 649 2128 eloquentiam.
701 2079 793 2116 Hoc
811 2083 956 2116 autem
974 2082 1039 2115 est
1053 2077 1286 2115 aduersarii
1300 2076 1460 2113 famam
1479 2076 1684 2119 incusare,

121 2146 162 2170 se
193 2133 308 2183 apud
336 2133 469 2171 bonos
496 2134 698 2171 infamem
728 2133 914 2178 reddere,
944 2137 1074 2182 atque
1103 2133 1145 2169 in
1170 2131 1342 2182 peluim,
1368 2130 1482 2180 quod
1515 2130 1684 2182 dicitur,
1705 2139 1746 2170 45

122 2200 283 2237 spuere.
343 2188 453 2234 Quid
470 2193 614 2226 autem
632 2189 747 2226 aliud
765 2187 832 2225 ille
850 2188 966 2233 facit,
985 2188 1057 2237 qui
1075 2186 1298 2224 manifeste
1315 2185 1422 2223 falsa
1436 2183 1684 2229 obiiciendo,

121 2246 363 2292 temereque
394 2243 698 2289 maledicendo,
731 2243 947 2280 refellendi
979 2242 1273 2292 purgandique
1304 2240 1448 2278 labore
1476 2240 1538 2276 ita
1568 2251 1686 2276 reum

120 2302 324 2335 exonerat
352 2302 400 2335 vt
427 2299 558 2348 ipsius
585 2299 715 2336 etiam
745 2310 917 2335 causam
946 2309 1031 2335 non
1062 2298 1271 2347 potuisset
1302 2296 1435 2344 magis
1468 2294 1685 2337 adiuuare,

121 2356 165 2389 et
187 2353 401 2402 propriam
423 2353 782 2390 existimationem
806 2352 985 2397 laedere,
1007 2364 1137 2401 quam
1159 2352 1193 2388 si
1215 2351 1272 2388 sic
1295 2352 1590 2400 oppugnaret?

178 2406 387 2444 Libellum
422 2412 565 2445 autem
602 2407 721 2445 illum
758 2420 883 2445 nemo
918 2407 1056 2444 adhuc
1093 2406 1172 2451 hic,
1208 2405 1323 2455 quod
1364 2405 1511 2442 rescire
1552 2402 1686 2452 potui,
1708 2412 1748 2441 50

123 2461 245 2499 vidit.
305 2460 386 2499 Sed
426 2463 460 2499 si
496 2466 664 2500 caetera
699 2463 747 2500 iis
783 2462 1008 2512 capitibus,
1049 2474 1157 2511 quae
1197 2465 1245 2498 tu
1286 2460 1473 2497 breuiter
1512 2458 1685 2501 notasti,

123 2516 392 2566 respondent,
414 2529 498 2555 non
515 2522 580 2555 est
597 2517 710 2567 quod
728 2529 981 2566 magnopere
996 2529 1093 2553 eum
1110 2515 1408 2553 desideremus.
1461 2513 1540 2550 Hic
1558 2513 1687 2550 etiam

491 2593 540 2622 13.
567 2594 700 2614 nomen
719 2583 833 2621 (nom)
851 2583 1088 2623 scripsimus:
1115 2592 1188 2613 non
1213 2581 1316 2612 .

121 2658 156 2688 J.
170 2659 208 2689 L.
222 2640 450 2700 Decius(Ep.
464 2661 585 2698 2961):
613 2660 702 2691 Est'
718 2660 869 2701 quidam
939 2660 1039 2691 what
1069 2658 1294 2698 differently,
1327 2658 1467 2695 stating
1505 2656 1585 2686 that
1626 2655 1688 2684 the

123 2702 300 2743 Georgius
311 2704 432 2743 Logus
444 2703 602 2740 Silesius,
615 2705 677 2745 qui
690 2705 757 2735 sibi
771 2705 869 2735 vide-
939 2704 1048 2739 book,
1072 2703 1275 2743 unprinted
1300 2702 1369 2732 but
1394 2706 1473 2731 scut
1502 2705 1541 2730 to
1559 2700 1633 2728 hini
1652 2699 1686 2727 in

123 2750 185 2776 tur
202 2751 314 2786 poeta
331 2752 368 2778 et
390 2748 659 2784 Ciceronianus,
679 2749 707 2778 is
725 2749 871 2788 scripsit
940 2757 1000 2778 MS.
1020 2748 1112 2778 froin
1139 2748 1267 2781 Rome,
1286 2756 1360 2776 was
1384 2745 1531 2774 written
1558 2748 1618 2772 not
1641 2742 1688 2780 by

124 2790 161 2820 in
187 2790 463 2821 Ciceronianum
495 2802 630 2828 meum,
665 2792 728 2822 sed
760 2792 869 2822 insul
940 2793 1072 2829 Lomm,
1085 2792 1151 2821 but
1166 2791 1215 2830 by
1227 2800 1325 2820 some
1338 2798 1469 2828 person
1487 2788 1520 2817 in
1536 2785 1688 2816 Broslnu

124 2834 275 2864 sissimo.
315 2835 475 2865 Libellus
501 2835 665 2866 nonduin
697 2846 872 2866 excussus
940 2834 1124 2866 suborned
1143 2835 1192 2874 by
1210 2834 1305 2866 him:
1333 2843 1390 2862 see
1408 2832 1480 2861 LB.
1503 2839 1596 2868 1:77.

124 2881 192 2913 est,
226 2878 288 2908 sed
320 2879 382 2909 diu
416 2879 555 2910 Romae
593 2879 767 2910 volitauit
807 2890 872 2920 per
985 2880 1037 2909 28.
1064 2878 1241 2915 libellum]
1268 2876 1455 2916 Scaliger's
1480 2874 1612 2909 Oratio,
1631 2882 1689 2903 see

126 2922 575 2959 manushominumnune
587 2924 699 2954 etiam
710 2923 870 2963 l'apiae'.
940 2923 1010 2964 Ep.
1032 2924 1126 2953 2682.
1147 2931 1269 2952 21211.

124 2965 168 2995 In
183 2965 307 2996 March
324 2975 406 3006 1535
425 2967 600 2998 Erasmus
618 2968 741 2998 writes
758 2978 871 2998 some-

167 3039 290 3071 452.10
