1966 3379
108 116 229 165 2802]
493 115 652 154 FROM
682 114 918 153 CONRAD
949 114 1295 154 THURINGUS
1601 118 1678 155 213

106 221 243 259 modis
263 220 461 259 omnibus
482 219 879 258 absolutissimum?
938 219 1060 266 Quid,
1084 232 1226 269 queso,
1250 220 1330 258 alie
1358 220 1681 259 lucubraciones
1703 238 1742 260 10

105 280 179 314 tue
214 280 401 326 arguunt
431 287 558 324 quam
592 287 751 312 meram
787 278 830 312 et
860 274 1118 311 vberrimam
1152 275 1275 312 latini
1309 275 1465 324 eloquii
1500 276 1679 325 copiam,

105 335 198 368 tum
221 330 454 380 legencium
476 330 639 367 animos
656 330 764 366 mira
780 329 966 378 quadam
983 329 1151 366 dicendi
1169 330 1386 367 suauitate
1407 335 1449 367 et
1466 330 1681 380 elegancia

104 385 423 422 delectantem?
468 383 502 422 O
524 388 672 434 pectus
694 385 884 421 omnium
907 384 1185 421 scienciarum
1208 384 1545 430 refertissimum,
1564 385 1680 434 quod

104 439 322 477 Musarum
340 444 383 476 et
398 439 535 476 omnis
552 438 763 488 policioris
781 438 1002 475 literature
1020 437 1283 475 domicilium
1299 440 1510 476 nominari
1524 440 1676 488 possit!

102 493 229 531 Faxit
251 494 354 531 deus
376 506 567 531 summus
589 494 777 543 optimus
798 493 1109 541 maximusque,
1133 497 1181 530 vt
1203 505 1332 542 quam
1355 493 1596 543 longissime
1618 495 1677 531 in·
1701 511 1739 542 15

102 548 279 586 columis
300 561 348 586 ac
370 548 515 585 saluus
536 547 651 597 apud
672 546 944 585 Germaniam
966 552 1160 585 nostram
1186 548 1327 585 viuere
1355 549 1502 597 possis,
1526 548 1679 598 dignus

101 603 260 652 alioqui
281 602 641 640 Matusalemitica
661 607 703 640 et
726 602 935 640 Nestorea
956 607 1084 640 etate.

156 657 267 704 Quid
307 657 455 695 multis
494 661 538 694 te
578 658 661 694 iam
702 657 929 694 serioribus
969 658 1152 706 negociis
1193 662 1451 706 occupatum
1493 670 1679 696 remorer

99 712 381 762 ambagibus?
439 712 529 761 Ego
551 711 748 749 hesterna
770 712 836 749 die
861 711 1133 749 decreueram
1163 716 1206 749 te
1234 713 1473 757 conuenire,
1497 712 1570 750 sed
1599 712 1677 750 hoc

99 779 240 804 meum
277 767 546 817 propositum
582 767 740 816 partim
776 766 959 816 Hispani
988 767 1147 816 partim
1180 779 1281 804 vero
1316 766 1479 804 nobiles
1513 766 1678 816 aliquot
1697 785 1739 806 20

99 822 405 871 anticiparunt,
432 822 504 870 qui
532 826 575 858 te
603 821 924 870 diligentissime
950 821 1245 858 obseruauere.
1305 821 1429 858 Nunc
1455 827 1599 859 autem
1629 827 1678 860 vt

99 889 187 913 rem
221 876 300 914 tibi
335 877 599 926 paucissimis
634 876 785 921 dicam,
819 888 895 925 ego
936 889 960 913 a
992 875 1170 913 Cesarea
1202 877 1428 913 maiestate
1462 889 1515 914 ex
1548 876 1677 914 Italia

98 931 274 976 rediens,
306 943 474 969 summa
503 943 674 980 pressus
702 932 957 968 necessitate
987 936 1081 968 tum
1112 932 1267 980 inopia,
1297 931 1351 968 ad
1382 936 1424 968 te
1456 931 1592 969 veluti
1622 931 1677 969 ad

98 987 462 1035 presentissimum
502 990 546 1023 et
578 986 749 1023 vnicum
789 985 1079 1023 studiosorum
1116 985 1382 1023 Mecenatem
1423 999 1470 1023 ac
1507 985 1676 1035 asylum

97 1041 306 1090 confugio,
338 1045 488 1090 petens
518 1040 633 1089 quod
664 1040 768 1077 velis
801 1040 1061 1090 pauperculo
1093 1040 1197 1078 mihi
1230 1040 1457 1078 subuenire
1488 1041 1676 1078 numulis
1696 1059 1736 1090 25

96 1095 274 1144 aliquot,
297 1108 382 1145 quo
404 1100 447 1133 et
469 1095 634 1145 longius
655 1095 862 1145 proficisci
884 1099 928 1133 et
949 1095 1172 1133 ambulare
1194 1096 1365 1145 possim,
1389 1095 1562 1145 quando
1591 1097 1675 1133 iam

95 1151 299 1200 temporis

314 1206 542 1255 pauperior
561 1204 711 1250 Codro,
734 1205 829 1242 vilis
850 1210 894 1242 et
916 1205 1011 1242 Irus
1032 1218 1121 1255 ego.

317 1260 351 1297 V
354 1261 434 1305 iue,
457 1260 552 1298 vale
573 1260 688 1305 felix,
710 1272 864 1298 canum
886 1272 1057 1309 quoque
1078 1260 1263 1298 Nestora
1284 1260 1419 1298 vince.

149 1323 311 1362 Datum
333 1324 528 1375 Friburgi
549 1325 742 1362 celeriter
762 1337 875 1363 anno
896 1329 975 1363 etc.
1000 1336 1162 1363 xxxm.
1694 1334 1736 1364 30

386 1379 641 1418 Chunradus
663 1379 906 1430 Thuringus
927 1378 1157 1418 Saltzensis
1179 1380 1259 1418 tibi
1278 1380 1616 1418 fauentissimus.

149 1450 408 1488 Doctissimo
430 1464 477 1489 ac
499 1451 803 1489 facundissimo
831 1452 935 1497 viro,
958 1451 1132 1490 domino
1157 1451 1337 1490 Erasmo
1365 1451 1672 1497 Roterodama

93 1504 304 1544 Mecenati
324 1518 400 1543 suo
421 1506 728 1545 fauentissimO.

533 1652 661 1690 2803.
727 1650 794 1690 To
817 1649 949 1690 JOHN
972 1650 1232 1692 AachLA.

141 1734 199 1768 Io.
220 1734 430 1778 Agricolae
450 1734 622 1775 Scholia,
647 1745 752 1780 1534,
772 1735 819 1768 f0.
841 1735 914 1769 ΑΖ.
1382 1735 1590 1779 Freiburg.

1353 1794 1373 1827 3
1393 1785 1491 1829 May
1512 1795 1619 1828 1533-

135 1851 303 1890 [Printed
320 1855 360 1882 at
377 1851 441 1882 the
458 1851 658 1892 beginning
675 1852 713 1882 of
729 1852 830 1882 John
848 1851 1048 1892 Agricola‘s
1064 1851 1209 1883 Scholia
1231 1851 1376 1892 copiosa
1397 1852 1436 1882 in
1454 1852 1669 1892 therapeuti-

89 1906 166 1927 cam
180 1896 391 1931 methodum,
406 1896 444 1926 id
457 1901 517 1932 est,
532 1896 839 1927 absolutissimam
855 1896 1003 1927 Claudii
1018 1895 1143 1927 Galeni
1160 1896 1367 1936 Peryameni
1380 1897 1533 1927 curandi
1545 1901 1668 1933 artem,

89 1940 298 1980 Augsburg,
317 1939 443 1970 March
464 1949 545 1980 1534
564 1940 762 1980 (probably
782 1941 892 1979 1533).
941 1940 1018 1970 The
1041 1940 1235 1980 year-date
1256 1941 1294 1971 of
1314 1941 1378 1971 the
1400 1940 1512 1971 letter
1534 1941 1564 1971 is
1585 1950 1669 1971 con-

89 1984 217 2014 firmed
235 1984 284 2024 by
301 1984 365 2014 the
383 1984 566 2014 reference
584 1990 622 2015 to
640 1984 727 2015 Geo.
744 1984 944 2023 Agricola's
961 1984 1013 2015 De
1030 1986 1211 2016 mensuris
1228 1989 1257 2015 et
1272 1984 1492 2024 ponderibus
1509 1985 1583 2022 (see
1598 1985 1668 2025 Ep.

88 2028 185 2067 2782.
204 2029 275 2064 m),
288 2027 484 2068 published
498 2028 546 2067 by
558 2028 715 2064 Froben,
731 2028 850 2063 Basle,
870 2029 964 2068 Aug.
982 2037 1076 2067 1533.
1110 2029 1187 2059 The
1208 2028 1468 2068 Therapeutica
1486 2029 1670 2060 methodus

88 2071 162 2102 had
179 2072 272 2102 been
290 2071 496 2102 translated
516 2072 565 2112 by
582 2072 735 2103 Linacre
753 2072 883 2110 (Paris,
905 2074 1014 2111 1519).

132 2116 185 2146 Io.
205 2115 373 2156 Agricola
390 2117 609 2146 Ammonius
626 2116 791 2154 (Johann
810 2116 967 2154 Peurle),
988 2116 1029 2154 †6
1047 2116 1172 2147 March
1194 2126 1288 2156 1570,
1307 2127 1381 2148 was
1398 2117 1491 2148 born
1509 2121 1550 2148 at
1567 2116 1667 2148 Gun-

87 2160 308 2201 zenhausen,
322 2160 396 2190 and
414 2160 450 2190 in
468 2163 550 2198 15οὸ
563 2160 715 2190 entered
729 2161 793 2191 the
807 2161 1013 2201 university
1027 2161 1064 2191 of
1081 2161 1304 2201 Ingolstadt.
1349 2161 1458 2192 After
1470 2161 1668 2202 travelling

86 2203 317 2244 extensively
342 2204 399 2234 for
422 2214 523 2234 some
548 2209 611 2234 ten
636 2214 754 2244 years,
781 2205 826 2235 he
851 2205 1028 2235 returned
1053 2209 1092 2235 to
1118 2205 1329 2245 Ingolstadt
1353 2215 1394 2236 as
1419 2205 1609 2236 Professor
1630 2206 1669 2236 of

86 2247 206 2278 Greek
224 2248 260 2278 in
282 2257 375 2286 1515.
417 2247 460 2278 In
481 2257 559 2287 1531
582 2248 626 2278 he
645 2248 793 2279 became
811 2248 1000 2279 Professor
1017 2249 1054 2279 of
1072 2249 1263 2280 Medicine.
1305 2249 1349 2280 In
1363 2249 1532 2280 addition
1546 2254 1586 2280 to
1603 2250 1668 2280 t-he

85 2290 231 2322 Scholia
247 2292 292 2322 he
310 2292 505 2332 published
523 2292 717 2323 Comment.
739 2293 827 2324 noui
848 2293 887 2323 in
911 2293 1035 2323 Galeni
1057 2293 1115 2324 lib.
1138 2293 1156 2323 6
1177 2294 1217 2324 de
1240 2293 1327 2324 locis
1344 2293 1492 2334 affectis,
1511 2293 1666 2324 Nurem-

86 2335 185 2375 berg,
215 2345 316 2375 15373
351 2335 586 2376 Hippocratis
614 2337 915 2376 Aphorz'smorum
940 2342 970 2368 ct
993 2336 1262 2368 Sententiarum
1291 2337 1351 2368 lib.
1380 2346 1410 2375 7,
1441 2337 1666 2378 Ingolstadt,

88 2388 191 2419 1537;
224 2380 427 2411 Medicinae
452 2380 644 2411 Hcrbariae
669 2381 729 2412 lib.
755 2389 786 2417 2,
812 2381 932 2417 Basle,
961 2390 1044 2420 1539
1069 2381 1279 2418 (dedicated
1304 2386 1344 2412 to
1369 2382 1458 2412 Ant.
1487 2382 1664 2421 Fugger);

85 2422 417 2455 Annotatiunculae
434 2435 480 2455 on
500 2425 577 2455 Nic.
598 2425 819 2461 Alexander,
834 2425 1059 2465 Ingolstadt‚
1082 2435 1175 2465 1541.
1210 2426 1254 2456 In
1272 2427 1354 2464 1566
1368 2426 1413 2456 he
1426 2425 1666 2456 contributed

84 2476 106 2497 a
123 2468 343 2499 Paranaesis
359 2472 399 2499 to
416 2469 480 2499 tlie
497 2469 620 2500 Jesuit
637 2469 822 2509 Epi-stolae
839 2469 1000 2506 Indicae,
1019 2471 1055 2501 in
1072 2470 1192 2500 which
1210 2470 1254 2500 he
1272 2469 1441 2511 explains
1458 2469 1521 2500 the
1539 2470 1667 2500 merits

84 2511 122 2542 of
139 2512 203 2542 the
221 2512 424 2543 collection.

129 2555 194 2586 See
211 2556 386 2592 Mederer‚
406 2557 568 2588 Annales
586 2557 886 2597 Inyolstadicnsis
904 2558 1129 2594 Academiae,
1150 2558 1171 2594 i,
1191 2568 1254 2598 pp.
1273 2567 1372 2598 93-4,
1392 2557 1528 2597 322—3.]

84 2627 179 2654 DES.
216 2627 416 2654 ERASMVS
451 2627 778 2655 ROTERODAMVS
810 2629 968 2656 IOANNI
1010 2628 1258 2656 AGRICOLAE
1298 2628 1554 2662 HAMMONIO,
1588 2627 1664 2654 REI

102 2681 301 2708 MEDICAE
320 2682 373 2708 ET
388 2682 592 2709 GRAECAE
609 2683 805 2710 LINGVAE
822 2683 1091 2710 PROFESSORI
1109 2683 1405 2717 INGELSTADII,
1423 2683 1516 2710 SVO.
1551 2682 1582 2709 S.
1603 2683 1643 2709 D.

138 2742 367 2780 AFFEchs
402 2743 532 2781 animi
567 2744 630 2780 tui
666 2743 768 2781 mihi
804 2745 1072 2794 gratissimus
1108 2748 1184 2790 est,
1218 2749 1260 2782 et
1302 2744 1538 2782 vtilissimis
1579 2743 1664 2780 tuis

126 2841 224 2871 2802.
251 2851 303 2872 20.
330 2841 488 2882 Hispani
509 2867 515 2873 .
536 2867 544 2873 .
565 2867 571 2873 .
593 2843 748 2881 nobiles]
770 2843 835 2874 We
949 2845 1001 2874 28.
1028 2844 1125 2882 Irus]
1165 2844 1218 2874 Cf.
1245 2844 1354 2879 Ovid,
1382 2843 1490 2874 Trist.
1516 2852 1545 2881 3.
1570 2851 1598 2881 7.
1621 2852 1661 2882 42

82 2884 177 2915 have
194 2895 241 2915 no
258 2885 337 2916 clue
354 2896 394 2916 as
411 2891 450 2917 to
467 2887 550 2917 who
566 2887 670 2918 these
688 2888 836 2918 visitors
903 2888 978 2918 aud
996 2888 1065 2928 Ep.
1085 2888 1181 2927 2798.
1203 2897 1258 2918 2¹1.

82 2938 196 2964 were;
223 2929 269 2959 cf.
289 2929 358 2969 Ep.
378 2931 474 2969 2785.
494 2931 590 2971 84-7.
950 2941 1002 2968 29.
1030 2932 1203 2969 Nestora]
1222 2932 1275 2962 Cf.
1295 2931 1382 2962 Juv.
1406 2940 1454 2962 12.
1478 2931 1549 2961 128.

126 2981 179 3012 27.
205 2972 338 3012 Codro]
355 2973 423 3010 Cf„
442 2984 524 3014 e.g.,
542 2974 629 3005 Juv.
649 2984 678 3014 3.
700 2985 772 3014 203.
