<?xml version="1.0" encoding="UTF-8"?>
<!DOCTYPE html PUBLIC "-//W3C//DTD XHTML 1.0 Transitional//EN"
    "http://www.w3.org/TR/xhtml1/DTD/xhtml1-transitional.dtd">
<html xmlns="http://www.w3.org/1999/xhtml" xml:lang="en" lang="en">
 <head>
  <title>
</title>
<meta http-equiv="Content-Type" content="text/html;charset=utf-8" />
  <meta name='ocr-system' content='tesseract 3.04.00' />
  <meta name='ocr-capabilities' content='ocr_page ocr_carea ocr_par ocr_line ocrx_word'/>
</head>
<body>
  <div class='ocr_page' id='page_1' title='image "./opusepistolarum10eras_0399.png"; bbox 0 0 1966 3379; ppageno 0'>
   <div class='ocr_carea' id='block_1_1' title="bbox 155 131 1723 185">
    <p class='ocr_par' dir='ltr' id='par_1_1' title="bbox 155 131 1723 185">
     <span class='ocr_line' id='line_1_1' title="bbox 155 131 1723 185; baseline -0.002 -12"><span class='ocrx_word' id='word_1_1' title='bbox 155 137 276 185; x_wconf 83' lang='lat'>2911]</span> <span class='ocrx_word' id='word_1_2' title='bbox 706 133 777 171; x_wconf 91' lang='lat' dir='ltr'>TO</span> <span class='ocrx_word' id='word_1_3' title='bbox 806 132 959 171; x_wconf 87' lang='lat' dir='ltr'><strong>JOHN</strong></span> <span class='ocrx_word' id='word_1_4' title='bbox 989 131 1177 170; x_wconf 86' lang='lat' dir='ltr'>LASKY</span> <span class='ocrx_word' id='word_1_5' title='bbox 1645 133 1723 171; x_wconf 79' lang='lat'>363</span> 
     </span>
    </p>
   </div>
   <div class='ocr_carea' id='block_1_2' title="bbox 154 236 1793 1051">
    <p class='ocr_par' dir='ltr' id='par_1_2' title="bbox 154 236 1764 505">
     <span class='ocr_line' id='line_1_2' title="bbox 154 236 1723 289; baseline -0.001 -13"><span class='ocrx_word' id='word_1_6' title='bbox 154 239 406 289; x_wconf 87' lang='lat' dir='ltr'>dignitatem</span> <span class='ocrx_word' id='word_1_7' title='bbox 432 238 712 275; x_wconf 85' lang='lat' dir='ltr'>successisses.</span> <span class='ocrx_word' id='word_1_8' title='bbox 764 236 887 282; x_wconf 81' lang='lat' dir='ltr'>Quod</span> <span class='ocrx_word' id='word_1_9' title='bbox 914 236 1095 274; x_wconf 82' lang='lat' dir='ltr'>honores</span> <span class='ocrx_word' id='word_1_10' title='bbox 1123 237 1247 274; x_wconf 90' lang='lat' dir='ltr'>simul</span> <span class='ocrx_word' id='word_1_11' title='bbox 1275 241 1318 274; x_wconf 92' lang='lat' dir='ltr'>et</span> <span class='ocrx_word' id='word_1_12' title='bbox 1346 250 1445 287; x_wconf 91' lang='lat' dir='ltr'>opes</span> <span class='ocrx_word' id='word_1_13' title='bbox 1475 238 1723 282; x_wconf 74' lang='lat' dir='ltr'>contemnis,</span> 
     </span>
     <span class='ocr_line' id='line_1_3' title="bbox 155 291 1726 342; baseline -0.001 -11"><span class='ocrx_word' id='word_1_14' title='bbox 155 293 284 331; x_wconf 91' lang='lat' dir='ltr'>laudo</span> <span class='ocrx_word' id='word_1_15' title='bbox 304 294 492 330; x_wconf 89' lang='lat' dir='ltr'>animum</span> <span class='ocrx_word' id='word_1_16' title='bbox 515 292 866 342; x_wconf 78' lang='lat' dir='ltr'>philosophicum,</span> <span class='ocrx_word' id='word_1_17' title='bbox 889 291 973 336; x_wconf 89' lang='lat' dir='ltr'>sed,</span> <span class='ocrx_word' id='word_1_18' title='bbox 997 295 1046 328; x_wconf 78' lang='lat' dir='ltr'>vt</span> <span class='ocrx_word' id='word_1_19' title='bbox 1073 304 1184 328; x_wconf 90' lang='lat' dir='ltr'>nunc</span> <span class='ocrx_word' id='word_1_20' title='bbox 1210 296 1276 328; x_wconf 87' lang='lat' dir='ltr'>est</span> <span class='ocrx_word' id='word_1_21' title='bbox 1303 291 1529 336; x_wconf 87' lang='lat' dir='ltr'>saeculum,</span> <span class='ocrx_word' id='word_1_22' title='bbox 1552 292 1726 341; x_wconf 80' lang='lat' dir='ltr'>expedit</span> 
     </span>
     <span class='ocr_line' id='line_1_4' title="bbox 156 345 1764 395; baseline -0.001 -10"><span class='ocrx_word' id='word_1_23' title='bbox 156 349 199 386; x_wconf 90' lang='lat' dir='ltr'>in</span> <span class='ocrx_word' id='word_1_24' title='bbox 229 347 399 385; x_wconf 81' lang='lat' dir='ltr'>sublimi</span> <span class='ocrx_word' id='word_1_25' title='bbox 430 360 531 392; x_wconf 90' lang='lat' dir='ltr'>esse,</span> <span class='ocrx_word' id='word_1_26' title='bbox 563 360 614 384; x_wconf 89' lang='lat' dir='ltr'>ne</span> <span class='ocrx_word' id='word_1_27' title='bbox 645 359 769 383; x_wconf 88' lang='lat' dir='ltr'>suum</span> <span class='ocrx_word' id='word_1_28' title='bbox 799 350 843 383; x_wconf 89' lang='lat' dir='ltr'>et</span> <span class='ocrx_word' id='word_1_29' title='bbox 873 358 1026 383; x_wconf 88' lang='lat' dir='ltr'>canum</span> <span class='ocrx_word' id='word_1_30' title='bbox 1055 345 1238 383; x_wconf 91' lang='lat' dir='ltr'>ludibrio</span> <span class='ocrx_word' id='word_1_31' title='bbox 1266 346 1396 383; x_wconf 88' lang='lat' dir='ltr'>simus</span> <span class='ocrx_word' id='word_1_32' title='bbox 1423 347 1617 395; x_wconf 74' lang='lat' dir='ltr'>expositi.</span> <span class='ocrx_word' id='word_1_33' title='bbox 1669 346 1727 383; x_wconf 93' lang='lat' dir='ltr'>Vt</span> <span class='ocrx_word' id='word_1_34' title='bbox 1746 362 1764 391; x_wconf 83' lang='lat'>5</span> 
     </span>
     <span class='ocr_line' id='line_1_5' title="bbox 156 400 1725 450; baseline -0.001 -11"><span class='ocrx_word' id='word_1_35' title='bbox 156 402 261 440; x_wconf 91' lang='lat' dir='ltr'>nihil</span> <span class='ocrx_word' id='word_1_36' title='bbox 282 401 412 447; x_wconf 88' lang='lat' dir='ltr'>aliud,</span> <span class='ocrx_word' id='word_1_37' title='bbox 438 405 538 439; x_wconf 89' lang='lat' dir='ltr'>tuae</span> <span class='ocrx_word' id='word_1_38' title='bbox 561 402 744 438; x_wconf 91' lang='lat' dir='ltr'>virtutes</span> <span class='ocrx_word' id='word_1_39' title='bbox 771 400 1041 450; x_wconf 84' lang='lat' dir='ltr'>magnificum</span> <span class='ocrx_word' id='word_1_40' title='bbox 1070 400 1243 449; x_wconf 83' lang='lat' dir='ltr'>aliquod</span> <span class='ocrx_word' id='word_1_41' title='bbox 1271 400 1491 437; x_wconf 72' lang='lat' dir='ltr'>theatrum</span> <span class='ocrx_word' id='word_1_42' title='bbox 1518 413 1725 450; x_wconf 88' lang='lat' dir='ltr'>promere-</span> 
     </span>
     <span class='ocr_line' id='line_1_6' title="bbox 155 454 1219 505; baseline -0.003 -11"><span class='ocrx_word' id='word_1_43' title='bbox 155 457 326 501; x_wconf 83' lang='lat' dir='ltr'>bantur,</span> <span class='ocrx_word' id='word_1_44' title='bbox 349 456 460 493; x_wconf 88' lang='lat' dir='ltr'>vnde</span> <span class='ocrx_word' id='word_1_45' title='bbox 482 469 624 505; x_wconf 89' lang='lat' dir='ltr'>posses</span> <span class='ocrx_word' id='word_1_46' title='bbox 645 468 773 504; x_wconf 90' lang='lat' dir='ltr'>quam</span> <span class='ocrx_word' id='word_1_47' title='bbox 795 455 988 504; x_wconf 86' lang='lat' dir='ltr'>plurimis</span> <span class='ocrx_word' id='word_1_48' title='bbox 1009 454 1219 504; x_wconf 87' lang='lat' dir='ltr'>prodesse.</span> 
     </span>
    </p>

    <p class='ocr_par' dir='ltr' id='par_1_3' title="bbox 157 509 1793 997">
     <span class='ocr_line' id='line_1_7' title="bbox 212 509 1727 554; baseline -0.001 -6"><span class='ocrx_word' id='word_1_49' title='bbox 212 511 274 548; x_wconf 90' lang='lat' dir='ltr'>De</span> <span class='ocrx_word' id='word_1_50' title='bbox 296 510 557 548; x_wconf 84' lang='lat' dir='ltr'>bibliotheca</span> <span class='ocrx_word' id='word_1_51' title='bbox 578 510 682 548; x_wconf 91' lang='lat' dir='ltr'>nihil</span> <span class='ocrx_word' id='word_1_52' title='bbox 703 514 836 554; x_wconf 83' lang='lat' dir='ltr'>muto,</span> <span class='ocrx_word' id='word_1_53' title='bbox 860 522 925 546; x_wconf 87' lang='lat' dir='ltr'>res</span> <span class='ocrx_word' id='word_1_54' title='bbox 945 510 1028 546; x_wconf 90' lang='lat' dir='ltr'>erit</span> <span class='ocrx_word' id='word_1_55' title='bbox 1052 510 1116 546; x_wconf 92' lang='lat' dir='ltr'>tui</span> <span class='ocrx_word' id='word_1_56' title='bbox 1141 509 1318 547; x_wconf 89' lang='lat' dir='ltr'>arbitrii.</span> <span class='ocrx_word' id='word_1_57' title='bbox 1369 509 1431 546; x_wconf 93' lang='lat' dir='ltr'>De</span> <span class='ocrx_word' id='word_1_58' title='bbox 1456 509 1581 546; x_wconf 87' lang='lat' dir='ltr'>rebus</span> <span class='ocrx_word' id='word_1_59' title='bbox 1606 510 1727 546; x_wconf 90' lang='lat' dir='ltr'>nouis</span> 
     </span>
     <span class='ocr_line' id='line_1_8' title="bbox 157 563 1729 613; baseline -0.001 -11"><span class='ocrx_word' id='word_1_60' title='bbox 157 565 336 603; x_wconf 89' lang='lat' dir='ltr'>scribere</span> <span class='ocrx_word' id='word_1_61' title='bbox 366 577 451 602; x_wconf 90' lang='lat' dir='ltr'>non</span> <span class='ocrx_word' id='word_1_62' title='bbox 485 569 550 602; x_wconf 88' lang='lat' dir='ltr'>est</span> <span class='ocrx_word' id='word_1_63' title='bbox 585 568 742 609; x_wconf 87' lang='lat' dir='ltr'>tutum,</span> <span class='ocrx_word' id='word_1_64' title='bbox 774 577 910 613; x_wconf 84' lang='lat' dir='ltr'>pauca</span> <span class='ocrx_word' id='word_1_65' title='bbox 940 567 1085 601; x_wconf 89' lang='lat' dir='ltr'>tamen</span> <span class='ocrx_word' id='word_1_66' title='bbox 1115 564 1265 601; x_wconf 88' lang='lat' dir='ltr'>notaui</span> <span class='ocrx_word' id='word_1_67' title='bbox 1295 564 1337 600; x_wconf 91' lang='lat' dir='ltr'>in</span> <span class='ocrx_word' id='word_1_68' title='bbox 1369 563 1524 600; x_wconf 83' lang='lat' dir='ltr'>scheda</span> <span class='ocrx_word' id='word_1_69' title='bbox 1554 563 1604 600; x_wconf 89' lang='lat' dir='ltr'>de</span> <span class='ocrx_word' id='word_1_70' title='bbox 1636 576 1729 600; x_wconf 90' lang='lat' dir='ltr'>meo</span> 
     </span>
     <span class='ocr_line' id='line_1_9' title="bbox 157 618 1790 670; baseline -0.001 -13"><span class='ocrx_word' id='word_1_71' title='bbox 157 632 326 670; x_wconf 91' lang='lat' dir='ltr'>quoque</span> <span class='ocrx_word' id='word_1_72' title='bbox 347 623 478 661; x_wconf 78' lang='lat' dir='ltr'>statu,</span> <span class='ocrx_word' id='word_1_73' title='bbox 502 632 630 669; x_wconf 87' lang='lat' dir='ltr'>quam</span> <span class='ocrx_word' id='word_1_74' title='bbox 652 619 707 656; x_wconf 89' lang='lat' dir='ltr'>ad</span> <span class='ocrx_word' id='word_1_75' title='bbox 729 618 897 655; x_wconf 86' lang='lat' dir='ltr'>Iustum</span> <span class='ocrx_word' id='word_1_76' title='bbox 920 618 1095 656; x_wconf 83' lang='lat' dir='ltr'>Decium</span> <span class='ocrx_word' id='word_1_77' title='bbox 1124 619 1232 664; x_wconf 92' lang='lat' dir='ltr'>misi,</span> <span class='ocrx_word' id='word_1_78' title='bbox 1261 619 1295 655; x_wconf 86' lang='lat' dir='ltr'>si</span> <span class='ocrx_word' id='word_1_79' title='bbox 1323 619 1419 667; x_wconf 91' lang='lat' dir='ltr'>quis</span> <span class='ocrx_word' id='word_1_80' title='bbox 1449 618 1558 655; x_wconf 82' lang='lat' dir='ltr'>forte</span> <span class='ocrx_word' id='word_1_81' title='bbox 1587 618 1729 667; x_wconf 87' lang='lat' dir='ltr'>cupiet</span> <span class='ocrx_word' id='word_1_82' title='bbox 1752 634 1790 655; x_wconf 93' lang='lat'>10</span> 
     </span>
     <span class='ocr_line' id='line_1_10' title="bbox 157 672 1727 724; baseline -0.002 -12"><span class='ocrx_word' id='word_1_83' title='bbox 157 687 417 724; x_wconf 88' lang='lat' dir='ltr'>cognoscere.</span> <span class='ocrx_word' id='word_1_84' title='bbox 460 674 570 711; x_wconf 90' lang='lat' dir='ltr'>Nam</span> <span class='ocrx_word' id='word_1_85' title='bbox 588 673 792 711; x_wconf 89' lang='lat' dir='ltr'>valetudo</span> <span class='ocrx_word' id='word_1_86' title='bbox 809 685 874 710; x_wconf 92' lang='lat' dir='ltr'>me</span> <span class='ocrx_word' id='word_1_87' title='bbox 892 674 1004 722; x_wconf 83' lang='lat' dir='ltr'>cogit</span> <span class='ocrx_word' id='word_1_88' title='bbox 1020 677 1064 710; x_wconf 89' lang='lat' dir='ltr'>et</span> <span class='ocrx_word' id='word_1_89' title='bbox 1080 672 1135 710; x_wconf 88' lang='lat' dir='ltr'>ad</span> <span class='ocrx_word' id='word_1_90' title='bbox 1152 685 1308 722; x_wconf 89' lang='lat' dir='ltr'>paucos</span> <span class='ocrx_word' id='word_1_91' title='bbox 1323 677 1366 710; x_wconf 93' lang='lat' dir='ltr'>et</span> <span class='ocrx_word' id='word_1_92' title='bbox 1382 685 1519 722; x_wconf 89' lang='lat' dir='ltr'>pauca</span> <span class='ocrx_word' id='word_1_93' title='bbox 1536 672 1727 709; x_wconf 87' lang='lat' dir='ltr'>scribere.</span> 
     </span>
     <span class='ocr_line' id='line_1_11' title="bbox 158 726 1730 779; baseline -0.001 -13"><span class='ocrx_word' id='word_1_94' title='bbox 158 728 351 779; x_wconf 88' lang='lat' dir='ltr'>Optarim</span> <span class='ocrx_word' id='word_1_95' title='bbox 374 741 439 766; x_wconf 83' lang='lat' dir='ltr'>res</span> <span class='ocrx_word' id='word_1_96' title='bbox 461 733 558 766; x_wconf 86' lang='lat' dir='ltr'>tuas</span> <span class='ocrx_word' id='word_1_97' title='bbox 579 741 626 765; x_wconf 86' lang='lat' dir='ltr'>ac</span> <span class='ocrx_word' id='word_1_98' title='bbox 649 732 821 765; x_wconf 90' lang='lat' dir='ltr'>tuorum</span> <span class='ocrx_word' id='word_1_99' title='bbox 849 740 937 764; x_wconf 89' lang='lat' dir='ltr'>esse</span> <span class='ocrx_word' id='word_1_100' title='bbox 966 728 1006 764; x_wconf 92' lang='lat' dir='ltr'>in</span> <span class='ocrx_word' id='word_1_101' title='bbox 1036 728 1199 777; x_wconf 86' lang='lat' dir='ltr'>optimo</span> <span class='ocrx_word' id='word_1_102' title='bbox 1226 730 1357 764; x_wconf 87' lang='lat' dir='ltr'>statu.</span> <span class='ocrx_word' id='word_1_103' title='bbox 1408 726 1623 776; x_wconf 82' lang='lat' dir='ltr'>Siquidem</span> <span class='ocrx_word' id='word_1_104' title='bbox 1652 726 1730 764; x_wconf 91' lang='lat' dir='ltr'>hoc</span> 
     </span>
     <span class='ocr_line' id='line_1_12' title="bbox 158 781 1731 832; baseline -0.002 -11"><span class='ocrx_word' id='word_1_105' title='bbox 158 784 261 821; x_wconf 88' lang='lat' dir='ltr'>mihi</span> <span class='ocrx_word' id='word_1_106' title='bbox 291 784 481 821; x_wconf 88' lang='lat' dir='ltr'>amicicia</span> <span class='ocrx_word' id='word_1_107' title='bbox 515 787 662 820; x_wconf 88' lang='lat' dir='ltr'>nostra</span> <span class='ocrx_word' id='word_1_108' title='bbox 691 782 933 832; x_wconf 84' lang='lat' dir='ltr'>persuadet,</span> <span class='ocrx_word' id='word_1_109' title='bbox 965 787 1009 819; x_wconf 94' lang='lat' dir='ltr'>et</span> <span class='ocrx_word' id='word_1_110' title='bbox 1039 786 1159 819; x_wconf 90' lang='lat' dir='ltr'>tuam</span> <span class='ocrx_word' id='word_1_111' title='bbox 1190 781 1439 819; x_wconf 81' lang='lat' dir='ltr'>felicitatem</span> <span class='ocrx_word' id='word_1_112' title='bbox 1472 786 1562 818; x_wconf 89' lang='lat' dir='ltr'>tam</span> <span class='ocrx_word' id='word_1_113' title='bbox 1593 794 1731 819; x_wconf 90' lang='lat' dir='ltr'>meam</span> 
     </span>
     <span class='ocr_line' id='line_1_13' title="bbox 158 837 1729 887; baseline -0.002 -12"><span class='ocrx_word' id='word_1_114' title='bbox 158 851 246 875; x_wconf 89' lang='lat' dir='ltr'>esse</span> <span class='ocrx_word' id='word_1_115' title='bbox 274 838 427 875; x_wconf 87' lang='lat' dir='ltr'>ducam</span> <span class='ocrx_word' id='word_1_116' title='bbox 456 850 584 887; x_wconf 84' lang='lat' dir='ltr'>quam</span> <span class='ocrx_word' id='word_1_117' title='bbox 610 850 719 886; x_wconf 89' lang='lat' dir='ltr'>quae</span> <span class='ocrx_word' id='word_1_118' title='bbox 747 837 930 874; x_wconf 80' lang='lat' dir='ltr'>maxime</span> <span class='ocrx_word' id='word_1_119' title='bbox 957 840 1022 874; x_wconf 90' lang='lat' dir='ltr'>est</span> <span class='ocrx_word' id='word_1_120' title='bbox 1049 848 1155 881; x_wconf 89' lang='lat' dir='ltr'>mea,</span> <span class='ocrx_word' id='word_1_121' title='bbox 1185 837 1218 873; x_wconf 88' lang='lat' dir='ltr'>si</span> <span class='ocrx_word' id='word_1_122' title='bbox 1247 849 1331 886; x_wconf 88' lang='lat' dir='ltr'>qua</span> <span class='ocrx_word' id='word_1_123' title='bbox 1358 841 1503 874; x_wconf 86' lang='lat' dir='ltr'>tamen</span> <span class='ocrx_word' id='word_1_124' title='bbox 1531 849 1626 873; x_wconf 88' lang='lat' dir='ltr'>mea</span> <span class='ocrx_word' id='word_1_125' title='bbox 1653 839 1729 873; x_wconf 89' lang='lat' dir='ltr'>est.</span> 
     </span>
     <span class='ocr_line' id='line_1_14' title="bbox 158 890 1793 941; baseline -0.001 -11"><span class='ocrx_word' id='word_1_126' title='bbox 158 892 269 938; x_wconf 79' lang='lat' dir='ltr'>Quid</span> <span class='ocrx_word' id='word_1_127' title='bbox 290 896 421 941; x_wconf 86' lang='lat' dir='ltr'>agant</span> <span class='ocrx_word' id='word_1_128' title='bbox 436 892 590 930; x_wconf 80' lang='lat' dir='ltr'>fratres</span> <span class='ocrx_word' id='word_1_129' title='bbox 611 893 676 929; x_wconf 90' lang='lat' dir='ltr'>tui</span> <span class='ocrx_word' id='word_1_130' title='bbox 698 891 943 929; x_wconf 88' lang='lat' dir='ltr'>Hieroslaus</span> <span class='ocrx_word' id='word_1_131' title='bbox 964 895 1008 928; x_wconf 91' lang='lat' dir='ltr'>et</span> <span class='ocrx_word' id='word_1_132' title='bbox 1029 890 1281 936; x_wconf 86' lang='lat' dir='ltr'>Stanislaus,</span> <span class='ocrx_word' id='word_1_133' title='bbox 1305 892 1408 929; x_wconf 87' lang='lat' dir='ltr'>scire</span> <span class='ocrx_word' id='word_1_134' title='bbox 1429 891 1566 940; x_wconf 90' lang='lat' dir='ltr'>cupio.</span> <span class='ocrx_word' id='word_1_135' title='bbox 1618 890 1732 928; x_wconf 87' lang='lat' dir='ltr'>Bene</span> <span class='ocrx_word' id='word_1_136' title='bbox 1755 906 1793 935; x_wconf 86' lang='lat'>15</span> 
     </span>
     <span class='ocr_line' id='line_1_15' title="bbox 161 945 944 997; baseline -0.003 -13"><span class='ocrx_word' id='word_1_137' title='bbox 161 947 268 992; x_wconf 84' lang='lat' dir='ltr'>vale,</span> <span class='ocrx_word' id='word_1_138' title='bbox 292 951 470 997; x_wconf 87' lang='lat' dir='ltr'>patrone</span> <span class='ocrx_word' id='word_1_139' title='bbox 491 951 535 984; x_wconf 94' lang='lat' dir='ltr'>et</span> <span class='ocrx_word' id='word_1_140' title='bbox 555 947 688 984; x_wconf 88' lang='lat' dir='ltr'>amice</span> <span class='ocrx_word' id='word_1_141' title='bbox 708 945 944 995; x_wconf 84' lang='lat' dir='ltr'>singularis.</span> 
     </span>
    </p>

    <p class='ocr_par' dir='ltr' id='par_1_4' title="bbox 215 1000 1190 1051">
     <span class='ocr_line' id='line_1_16' title="bbox 215 1000 1190 1051; baseline -0.002 -12"><span class='ocrx_word' id='word_1_142' title='bbox 215 1001 420 1051; x_wconf 88' lang='lat' dir='ltr'>Friburgi‚</span> <span class='ocrx_word' id='word_1_143' title='bbox 444 1010 466 1049; x_wconf 83' lang='lat'><strong>5</strong></span> <span class='ocrx_word' id='word_1_144' title='bbox 489 1001 554 1039; x_wconf 91' lang='lat' dir='ltr'>die</span> <span class='ocrx_word' id='word_1_145' title='bbox 577 1001 723 1038; x_wconf 88' lang='lat' dir='ltr'>Marcii</span> <span class='ocrx_word' id='word_1_146' title='bbox 744 1000 867 1038; x_wconf 90' lang='lat' dir='ltr'>Anno</span> <span class='ocrx_word' id='word_1_147' title='bbox 889 1000 1049 1038; x_wconf 90' lang='lat' dir='ltr'>domini</span> <span class='ocrx_word' id='word_1_148' title='bbox 1073 1009 1190 1050; x_wconf 80' lang='lat'>1534.</span> 
     </span>
    </p>
   </div>
   <div class='ocr_carea' id='block_1_3' title="bbox 807 1055 1678 1104">
    <p class='ocr_par' dir='ltr' id='par_1_5' title="bbox 807 1055 1678 1104">
     <span class='ocr_line' id='line_1_17' title="bbox 807 1055 1678 1104; baseline -0.001 -12"><span class='ocrx_word' id='word_1_149' title='bbox 807 1055 1010 1092; x_wconf 88' lang='lat' dir='ltr'>Erasmus</span> <span class='ocrx_word' id='word_1_150' title='bbox 1033 1055 1133 1093; x_wconf 87' lang='lat' dir='ltr'>Rot.</span> <span class='ocrx_word' id='word_1_151' title='bbox 1158 1068 1289 1092; x_wconf 90' lang='lat' dir='ltr'>manu</span> <span class='ocrx_word' id='word_1_152' title='bbox 1312 1055 1392 1092; x_wconf 90' lang='lat' dir='ltr'>tibi</span> <span class='ocrx_word' id='word_1_153' title='bbox 1413 1067 1497 1092; x_wconf 90' lang='lat' dir='ltr'>non</span> <span class='ocrx_word' id='word_1_154' title='bbox 1520 1055 1678 1104; x_wconf 87' lang='lat' dir='ltr'>ignota.</span> 
     </span>
    </p>
   </div>
   <div class='ocr_carea' id='block_1_4' title="bbox 161 1125 1799 1614">
    <p class='ocr_par' dir='ltr' id='par_1_6' title="bbox 161 1125 1799 1614">
     <span class='ocr_line' id='line_1_18' title="bbox 215 1125 1734 1177; baseline -0.001 -13"><span class='ocrx_word' id='word_1_155' title='bbox 215 1126 411 1177; x_wconf 90' lang='lat' dir='ltr'>Epistola</span> <span class='ocrx_word' id='word_1_156' title='bbox 432 1130 520 1172; x_wconf 87' lang='lat' dir='ltr'>tua,</span> <span class='ocrx_word' id='word_1_157' title='bbox 538 1139 670 1176; x_wconf 90' lang='lat' dir='ltr'>quum</span> <span class='ocrx_word' id='word_1_158' title='bbox 689 1126 761 1163; x_wconf 91' lang='lat' dir='ltr'>diu</span> <span class='ocrx_word' id='word_1_159' title='bbox 779 1126 968 1163; x_wconf 89' lang='lat' dir='ltr'>studiose</span> <span class='ocrx_word' id='word_1_160' title='bbox 986 1127 1156 1175; x_wconf 90' lang='lat' dir='ltr'>quesita</span> <span class='ocrx_word' id='word_1_161' title='bbox 1171 1139 1256 1163; x_wconf 92' lang='lat' dir='ltr'>non</span> <span class='ocrx_word' id='word_1_162' title='bbox 1274 1127 1459 1163; x_wconf 84' lang='lat' dir='ltr'>venisset</span> <span class='ocrx_word' id='word_1_163' title='bbox 1475 1125 1529 1162; x_wconf 86' lang='lat' dir='ltr'>ad</span> <span class='ocrx_word' id='word_1_164' title='bbox 1547 1137 1734 1169; x_wconf 89' lang='lat' dir='ltr'>manum,</span> 
     </span>
     <span class='ocr_line' id='line_1_19' title="bbox 162 1180 1797 1230; baseline -0.002 -11"><span class='ocrx_word' id='word_1_165' title='bbox 162 1181 336 1219; x_wconf 91' lang='lat' dir='ltr'>tandem</span> <span class='ocrx_word' id='word_1_166' title='bbox 359 1181 475 1219; x_wconf 90' lang='lat' dir='ltr'>aliud</span> <span class='ocrx_word' id='word_1_167' title='bbox 497 1182 691 1230; x_wconf 89' lang='lat' dir='ltr'>querenti</span> <span class='ocrx_word' id='word_1_168' title='bbox 713 1185 865 1230; x_wconf 83' lang='lat' dir='ltr'>sponte</span> <span class='ocrx_word' id='word_1_169' title='bbox 888 1181 1083 1226; x_wconf 90' lang='lat' dir='ltr'>occurrit,</span> <span class='ocrx_word' id='word_1_170' title='bbox 1103 1193 1231 1230; x_wconf 90' lang='lat' dir='ltr'>quam</span> <span class='ocrx_word' id='word_1_171' title='bbox 1253 1193 1326 1230; x_wconf 92' lang='lat' dir='ltr'>per</span> <span class='ocrx_word' id='word_1_172' title='bbox 1347 1181 1485 1218; x_wconf 90' lang='lat' dir='ltr'>ocium</span> <span class='ocrx_word' id='word_1_173' title='bbox 1509 1180 1635 1229; x_wconf 86' lang='lat' dir='ltr'>relegi</span> <span class='ocrx_word' id='word_1_174' title='bbox 1652 1192 1735 1217; x_wconf 92' lang='lat' dir='ltr'>non</span> <span class='ocrx_word' id='word_1_175' title='bbox 1756 1196 1797 1216; x_wconf 85' lang='lat'>20</span> 
     </span>
     <span class='ocr_line' id='line_1_20' title="bbox 162 1235 1736 1285; baseline -0.001 -12"><span class='ocrx_word' id='word_1_176' title='bbox 162 1236 362 1274; x_wconf 89' lang='lat' dir='ltr'>mediocri</span> <span class='ocrx_word' id='word_1_177' title='bbox 401 1237 531 1273; x_wconf 89' lang='lat' dir='ltr'>animi</span> <span class='ocrx_word' id='word_1_178' title='bbox 566 1236 731 1281; x_wconf 86' lang='lat' dir='ltr'>solatio,</span> <span class='ocrx_word' id='word_1_179' title='bbox 767 1235 874 1273; x_wconf 89' lang='lat' dir='ltr'>adeo</span> <span class='ocrx_word' id='word_1_180' title='bbox 909 1239 1004 1273; x_wconf 90' lang='lat' dir='ltr'>tota</span> <span class='ocrx_word' id='word_1_181' title='bbox 1043 1236 1179 1285; x_wconf 89' lang='lat' dir='ltr'>spirat</span> <span class='ocrx_word' id='word_1_182' title='bbox 1219 1248 1439 1284; x_wconf 76' lang='lat' dir='ltr'>synceram</span> <span class='ocrx_word' id='word_1_183' title='bbox 1480 1235 1736 1283; x_wconf 88' lang='lat' dir='ltr'>minimeque</span> 
     </span>
     <span class='ocr_line' id='line_1_21' title="bbox 161 1288 1737 1340; baseline -0.002 -12"><span class='ocrx_word' id='word_1_184' title='bbox 161 1291 352 1328; x_wconf 84' lang='lat' dir='ltr'>fucatam</span> <span class='ocrx_word' id='word_1_185' title='bbox 376 1290 728 1332; x_wconf 86' lang='lat' dir='ltr'>beneuolentiam.</span> <span class='ocrx_word' id='word_1_186' title='bbox 779 1289 961 1336; x_wconf 82' lang='lat' dir='ltr'>Quidam</span> <span class='ocrx_word' id='word_1_187' title='bbox 983 1290 1200 1340; x_wconf 91' lang='lat' dir='ltr'>presulum</span> <span class='ocrx_word' id='word_1_188' title='bbox 1223 1290 1477 1327; x_wconf 88' lang='lat' dir='ltr'>vestratium</span> <span class='ocrx_word' id='word_1_189' title='bbox 1494 1289 1662 1338; x_wconf 89' lang='lat' dir='ltr'>scripsit</span> <span class='ocrx_word' id='word_1_190' title='bbox 1683 1288 1737 1326; x_wconf 86' lang='lat' dir='ltr'>ad</span> 
     </span>
     <span class='ocr_line' id='line_1_22' title="bbox 163 1343 1735 1394; baseline -0.002 -11"><span class='ocrx_word' id='word_1_191' title='bbox 163 1358 230 1383; x_wconf 90' lang='lat' dir='ltr'>me</span> <span class='ocrx_word' id='word_1_192' title='bbox 247 1345 559 1383; x_wconf 83' lang='lat' dir='ltr'>Melanctonem</span> <span class='ocrx_word' id='word_1_193' title='bbox 580 1346 766 1382; x_wconf 87' lang='lat' dir='ltr'>accitum</span> <span class='ocrx_word' id='word_1_194' title='bbox 783 1345 836 1382; x_wconf 90' lang='lat' dir='ltr'>ab</span> <span class='ocrx_word' id='word_1_195' title='bbox 854 1345 945 1394; x_wconf 89' lang='lat' dir='ltr'>ipso</span> <span class='ocrx_word' id='word_1_196' title='bbox 962 1345 1003 1382; x_wconf 92' lang='lat' dir='ltr'>in</span> <span class='ocrx_word' id='word_1_197' title='bbox 1021 1344 1256 1390; x_wconf 90' lang='lat' dir='ltr'>Poloniam,</span> <span class='ocrx_word' id='word_1_198' title='bbox 1275 1344 1390 1394; x_wconf 91' lang='lat' dir='ltr'>quod</span> <span class='ocrx_word' id='word_1_199' title='bbox 1412 1345 1515 1382; x_wconf 87' lang='lat' dir='ltr'>satis</span> <span class='ocrx_word' id='word_1_200' title='bbox 1537 1343 1735 1381; x_wconf 86' lang='lat' dir='ltr'>admiror.</span> 
     </span>
     <span class='ocr_line' id='line_1_23' title="bbox 162 1398 1738 1449; baseline -0.002 -12"><span class='ocrx_word' id='word_1_201' title='bbox 162 1399 319 1438; x_wconf 86' lang='lat' dir='ltr'>Scribit</span> <span class='ocrx_word' id='word_1_202' title='bbox 351 1399 420 1437; x_wconf 93' lang='lat' dir='ltr'>ille</span> <span class='ocrx_word' id='word_1_203' title='bbox 455 1399 626 1449; x_wconf 89' lang='lat' dir='ltr'>quidem</span> <span class='ocrx_word' id='word_1_204' title='bbox 662 1401 801 1437; x_wconf 89' lang='lat' dir='ltr'>minus</span> <span class='ocrx_word' id='word_1_205' title='bbox 833 1399 1052 1444; x_wconf 86' lang='lat' dir='ltr'>violenter,</span> <span class='ocrx_word' id='word_1_206' title='bbox 1089 1399 1161 1436; x_wconf 89' lang='lat' dir='ltr'>sed</span> <span class='ocrx_word' id='word_1_207' title='bbox 1196 1412 1221 1436; x_wconf 87' lang='lat' dir='ltr'>a</span> <span class='ocrx_word' id='word_1_208' title='bbox 1256 1399 1469 1449; x_wconf 80' lang='lat' dir='ltr'>dogmatis</span> <span class='ocrx_word' id='word_1_209' title='bbox 1504 1398 1738 1435; x_wconf 84' lang='lat' dir='ltr'>lutheranis</span> 
     </span>
     <span class='ocr_line' id='line_1_24' title="bbox 162 1453 1799 1504; baseline -0.002 -12"><span class='ocrx_word' id='word_1_210' title='bbox 162 1467 375 1504; x_wconf 86' lang='lat' dir='ltr'>nusquam</span> <span class='ocrx_word' id='word_1_211' title='bbox 403 1454 591 1492; x_wconf 92' lang='lat' dir='ltr'>culmum</span> <span class='ocrx_word' id='word_1_212' title='bbox 620 1454 756 1491; x_wconf 92' lang='lat' dir='ltr'>latum</span> <span class='ocrx_word' id='word_1_213' title='bbox 788 1454 990 1499; x_wconf 76' lang='lat' dir='ltr'>discedit:</span> <span class='ocrx_word' id='word_1_214' title='bbox 1022 1457 1087 1491; x_wconf 88' lang='lat' dir='ltr'>est</span> <span class='ocrx_word' id='word_1_215' title='bbox 1114 1455 1216 1503; x_wconf 89' lang='lat' dir='ltr'>ipse,</span> <span class='ocrx_word' id='word_1_216' title='bbox 1247 1466 1351 1504; x_wconf 89' lang='lat' dir='ltr'>pene</span> <span class='ocrx_word' id='word_1_217' title='bbox 1379 1457 1429 1491; x_wconf 89' lang='lat' dir='ltr'>vt</span> <span class='ocrx_word' id='word_1_218' title='bbox 1456 1454 1518 1490; x_wconf 90' lang='lat' dir='ltr'>ita</span> <span class='ocrx_word' id='word_1_219' title='bbox 1545 1453 1738 1497; x_wconf 80' lang='lat' dir='ltr'>dixerim,</span> <span class='ocrx_word' id='word_1_220' title='bbox 1759 1468 1799 1498; x_wconf 86' lang='lat'>25</span> 
     </span>
     <span class='ocr_line' id='line_1_25' title="bbox 162 1507 1739 1559; baseline -0.001 -13"><span class='ocrx_word' id='word_1_221' title='bbox 162 1510 254 1559; x_wconf 88' lang='lat' dir='ltr'>ipso</span> <span class='ocrx_word' id='word_1_222' title='bbox 277 1508 465 1546; x_wconf 87' lang='lat' dir='ltr'>Luthero</span> <span class='ocrx_word' id='word_1_223' title='bbox 487 1509 763 1547; x_wconf 88' lang='lat' dir='ltr'>lutheranior.</span> <span class='ocrx_word' id='word_1_224' title='bbox 805 1508 923 1546; x_wconf 91' lang='lat' dir='ltr'>Haec</span> <span class='ocrx_word' id='word_1_225' title='bbox 940 1509 1073 1547; x_wconf 90' lang='lat' dir='ltr'>adieci</span> <span class='ocrx_word' id='word_1_226' title='bbox 1094 1509 1232 1546; x_wconf 89' lang='lat' dir='ltr'>aliena</span> <span class='ocrx_word' id='word_1_227' title='bbox 1249 1521 1391 1554; x_wconf 91' lang='lat' dir='ltr'>manu,</span> <span class='ocrx_word' id='word_1_228' title='bbox 1409 1508 1524 1558; x_wconf 90' lang='lat' dir='ltr'>quod</span> <span class='ocrx_word' id='word_1_229' title='bbox 1541 1507 1739 1545; x_wconf 76' lang='lat' dir='ltr'>dextram</span> 
     </span>
     <span class='ocr_line' id='line_1_26' title="bbox 163 1563 636 1614; baseline -0.002 -12"><span class='ocrx_word' id='word_1_230' title='bbox 163 1568 413 1614; x_wconf 88' lang='lat' dir='ltr'>occupasset</span> <span class='ocrx_word' id='word_1_231' title='bbox 434 1563 636 1614; x_wconf 88' lang='lat' dir='ltr'>chiragra.</span> 
     </span>
    </p>
   </div>
   <div class='ocr_carea' id='block_1_5' title="bbox 482 1718 1427 1760">
    <p class='ocr_par' dir='ltr' id='par_1_7' title="bbox 482 1718 1427 1760">
     <span class='ocr_line' id='line_1_27' title="bbox 482 1718 1427 1760; baseline 0 -2"><span class='ocrx_word' id='word_1_232' title='bbox 482 1719 688 1760; x_wconf 78' lang='lat'>28992912.</span> <span class='ocrx_word' id='word_1_233' title='bbox 754 1719 893 1760; x_wconf 80' lang='lat' dir='ltr'>FROM</span> <span class='ocrx_word' id='word_1_234' title='bbox 925 1718 1058 1760; x_wconf 79' lang='lat' dir='ltr'>JOHN</span> <span class='ocrx_word' id='word_1_235' title='bbox 1091 1718 1427 1759; x_wconf 79' lang='lat' dir='ltr'>CARONDELET.</span> 
     </span>
    </p>
   </div>
   <div class='ocr_carea' id='block_1_6' title="bbox 214 1802 1692 1897">
    <p class='ocr_par' dir='ltr' id='par_1_8' title="bbox 214 1802 1692 1897">
     <span class='ocr_line' id='line_1_28' title="bbox 214 1802 1642 1847; baseline -0.001 -10"><span class='ocrx_word' id='word_1_236' title='bbox 214 1803 441 1847; x_wconf 87' lang='lat' dir='ltr'>Esterhazy</span> <span class='ocrx_word' id='word_1_237' title='bbox 458 1803 542 1837; x_wconf 83' lang='lat' dir='ltr'>MS.</span> <span class='ocrx_word' id='word_1_238' title='bbox 565 1814 648 1847; x_wconf 84' lang='lat'>351.</span> <span class='ocrx_word' id='word_1_239' title='bbox 1448 1802 1642 1836; x_wconf 79' lang='lat' dir='ltr'>Brussels.</span> 
     </span>
     <span class='ocr_line' id='line_1_29' title="bbox 215 1851 1692 1897; baseline -0.001 -11"><span class='ocrx_word' id='word_1_240' title='bbox 215 1852 298 1887; x_wconf 90' lang='lat' dir='ltr'>OE.</span> <span class='ocrx_word' id='word_1_241' title='bbox 319 1861 403 1897; x_wconf 90' lang='lat'>472.</span> <span class='ocrx_word' id='word_1_242' title='bbox 1381 1853 1402 1886; x_wconf 88' lang='lat'>8</span> <span class='ocrx_word' id='word_1_243' title='bbox 1421 1851 1563 1885; x_wconf 84' lang='lat' dir='ltr'>March</span> <span class='ocrx_word' id='word_1_244' title='bbox 1586 1861 1692 1895; x_wconf 84' lang='lat'>1534.</span> 
     </span>
    </p>
   </div>
   <div class='ocr_carea' id='block_1_7' title="bbox 184 1939 1725 2023">
    <p class='ocr_par' dir='ltr' id='par_1_9' title="bbox 184 1939 1725 2023">
     <span class='ocr_line' id='line_1_30' title="bbox 184 1939 1725 1969; baseline -0.001 -1"><span class='ocrx_word' id='word_1_245' title='bbox 184 1941 379 1969; x_wconf 87' lang='lat' dir='ltr'>IOANNES</span> <span class='ocrx_word' id='word_1_246' title='bbox 400 1941 771 1968; x_wconf 85' lang='lat' dir='ltr'>ARCHIEPISCOPVS</span> <span class='ocrx_word' id='word_1_247' title='bbox 792 1940 1138 1969; x_wconf 84' lang='lat' dir='ltr'><strong>PANORMITANVS</strong></span> <span class='ocrx_word' id='word_1_248' title='bbox 1160 1940 1493 1967; x_wconf 87' lang='lat' dir='ltr'><strong>CANCELLARIVS</strong></span> <span class='ocrx_word' id='word_1_249' title='bbox 1515 1939 1725 1967; x_wconf 80' lang='lat' dir='ltr'><strong>CAESARIS</strong></span> 
     </span>
     <span class='ocr_line' id='line_1_31' title="bbox 605 1979 1601 2023; baseline -0.002 0"><span class='ocrx_word' id='word_1_250' title='bbox 605 1997 652 2023; x_wconf 89' lang='lat' dir='ltr'>IN</span> <span class='ocrx_word' id='word_1_251' title='bbox 674 1996 925 2023; x_wconf 79' lang='lat' dir='ltr'>BRABANTIA</span> <span class='ocrx_word' id='word_1_252' title='bbox 950 1995 1126 2023; x_wconf 86' lang='lat' dir='ltr'><strong>ERASMO</strong></span> <span class='ocrx_word' id='word_1_253' title='bbox 1148 1995 1245 2022; x_wconf 80' lang='lat' dir='ltr'>ROT.</span> <span class='ocrx_word' id='word_1_254' title='bbox 1269 1995 1301 2022; x_wconf 89' lang='lat' dir='ltr'>S.</span> <span class='ocrx_word' id='word_1_255' title='bbox 1597 1979 1601 1982; x_wconf 30' lang='lat'>⁵</span> 
     </span>
    </p>
   </div>
   <div class='ocr_carea' id='block_1_8' title="bbox 167 2049 1809 2757">
    <p class='ocr_par' dir='ltr' id='par_1_10' title="bbox 167 2049 1784 2483">
     <span class='ocr_line' id='line_1_32' title="bbox 222 2049 1743 2101; baseline -0.001 -13"><span class='ocrx_word' id='word_1_256' title='bbox 222 2050 353 2096; x_wconf 80' lang='lat' dir='ltr'>QVVM</span> <span class='ocrx_word' id='word_1_257' title='bbox 374 2063 560 2088; x_wconf 88' lang='lat' dir='ltr'>essemus</span> <span class='ocrx_word' id='word_1_258' title='bbox 582 2051 622 2088; x_wconf 90' lang='lat' dir='ltr'>in</span> <span class='ocrx_word' id='word_1_259' title='bbox 644 2052 944 2101; x_wconf 85' lang='lat' dir='ltr'>expectatione</span> <span class='ocrx_word' id='word_1_260' title='bbox 972 2050 1134 2088; x_wconf 90' lang='lat' dir='ltr'>reditus</span> <span class='ocrx_word' id='word_1_261' title='bbox 1156 2051 1231 2095; x_wconf 84' lang='lat' dir='ltr'>tui,</span> <span class='ocrx_word' id='word_1_262' title='bbox 1262 2062 1389 2099; x_wconf 90' lang='lat' dir='ltr'>quem</span> <span class='ocrx_word' id='word_1_263' title='bbox 1418 2054 1517 2087; x_wconf 85' lang='lat' dir='ltr'>ante</span> <span class='ocrx_word' id='word_1_264' title='bbox 1546 2049 1743 2099; x_wconf 76' lang='lat' dir='ltr'>hyemem</span> 
     </span>
     <span class='ocr_line' id='line_1_33' title="bbox 167 2104 1744 2156; baseline -0.001 -13"><span class='ocrx_word' id='word_1_265' title='bbox 167 2106 442 2156; x_wconf 82' lang='lat' dir='ltr'>praeteritam</span> <span class='ocrx_word' id='word_1_266' title='bbox 465 2105 604 2143; x_wconf 82' lang='lat' dir='ltr'>fueras</span> <span class='ocrx_word' id='word_1_267' title='bbox 625 2110 669 2143; x_wconf 88' lang='lat' dir='ltr'>et</span> <span class='ocrx_word' id='word_1_268' title='bbox 691 2106 907 2143; x_wconf 86' lang='lat' dir='ltr'>Maiestati</span> <span class='ocrx_word' id='word_1_269' title='bbox 931 2105 1126 2155; x_wconf 84' lang='lat' dir='ltr'>Reginali</span> <span class='ocrx_word' id='word_1_270' title='bbox 1147 2110 1191 2142; x_wconf 92' lang='lat' dir='ltr'>et</span> <span class='ocrx_word' id='word_1_271' title='bbox 1212 2105 1333 2142; x_wconf 85' lang='lat' dir='ltr'>nobis</span> <span class='ocrx_word' id='word_1_272' title='bbox 1356 2117 1431 2154; x_wconf 87' lang='lat' dir='ltr'>per</span> <span class='ocrx_word' id='word_1_273' title='bbox 1452 2104 1620 2142; x_wconf 81' lang='lat' dir='ltr'>litteras</span> <span class='ocrx_word' id='word_1_274' title='bbox 1645 2108 1744 2141; x_wconf 85' lang='lat' dir='ltr'>tuas</span> 
     </span>
     <span class='ocr_line' id='line_1_34' title="bbox 168 2159 1743 2211; baseline -0.001 -14"><span class='ocrx_word' id='word_1_275' title='bbox 168 2160 398 2211; x_wconf 88' lang='lat' dir='ltr'>pollicitus,</span> <span class='ocrx_word' id='word_1_276' title='bbox 422 2160 608 2198; x_wconf 86' lang='lat' dir='ltr'>reddidit</span> <span class='ocrx_word' id='word_1_277' title='bbox 628 2161 750 2198; x_wconf 92' lang='lat' dir='ltr'>nobis</span> <span class='ocrx_word' id='word_1_278' title='bbox 772 2160 1029 2198; x_wconf 83' lang='lat' dir='ltr'>reuerendus</span> <span class='ocrx_word' id='word_1_279' title='bbox 1052 2160 1102 2198; x_wconf 92' lang='lat' dir='ltr'>D.</span> <span class='ocrx_word' id='word_1_280' title='bbox 1126 2160 1328 2197; x_wconf 86' lang='lat' dir='ltr'>Nicolaus</span> <span class='ocrx_word' id='word_1_281' title='bbox 1345 2159 1489 2204; x_wconf 86' lang='lat' dir='ltr'>Olaus,</span> <span class='ocrx_word' id='word_1_282' title='bbox 1509 2159 1743 2196; x_wconf 86' lang='lat' dir='ltr'>Thesaura-</span> 
     </span>
     <span class='ocr_line' id='line_1_35' title="bbox 170 2214 1746 2259; baseline -0.001 -7"><span class='ocrx_word' id='word_1_283' title='bbox 170 2217 255 2252; x_wconf 90' lang='lat' dir='ltr'>rius</span> <span class='ocrx_word' id='word_1_284' title='bbox 286 2214 450 2259; x_wconf 87' lang='lat' dir='ltr'>Alben:‚</span> <span class='ocrx_word' id='word_1_285' title='bbox 482 2216 731 2253; x_wconf 89' lang='lat' dir='ltr'>secretarius</span> <span class='ocrx_word' id='word_1_286' title='bbox 761 2220 805 2253; x_wconf 91' lang='lat' dir='ltr'>et</span> <span class='ocrx_word' id='word_1_287' title='bbox 833 2215 1097 2253; x_wconf 85' lang='lat' dir='ltr'>consiliarius</span> <span class='ocrx_word' id='word_1_288' title='bbox 1126 2228 1225 2252; x_wconf 87' lang='lat' dir='ltr'>suae</span> <span class='ocrx_word' id='word_1_289' title='bbox 1254 2215 1493 2251; x_wconf 85' lang='lat' dir='ltr'>maiestatis</span> <span class='ocrx_word' id='word_1_290' title='bbox 1523 2218 1618 2259; x_wconf 73' lang='lat' dir='ltr'>ete,</span> <span class='ocrx_word' id='word_1_291' title='bbox 1648 2217 1746 2250; x_wconf 85' lang='lat' dir='ltr'>tuas</span> 
     </span>
     <span class='ocr_line' id='line_1_36' title="bbox 168 2268 1784 2319; baseline 0.001 -12"><span class='ocrx_word' id='word_1_292' title='bbox 168 2270 335 2307; x_wconf 85' lang='lat' dir='ltr'>litteras</span> <span class='ocrx_word' id='word_1_293' title='bbox 357 2270 559 2319; x_wconf 84' lang='lat' dir='ltr'>vigesima</span> <span class='ocrx_word' id='word_1_294' title='bbox 580 2271 710 2307; x_wconf 90' lang='lat' dir='ltr'>tercia</span> <span class='ocrx_word' id='word_1_295' title='bbox 732 2270 921 2308; x_wconf 86' lang='lat' dir='ltr'>Ianuarii</span> <span class='ocrx_word' id='word_1_296' title='bbox 946 2270 1083 2307; x_wconf 75' lang='lat' dir='ltr'>datas</span> <span class='ocrx_word' id='word_1_297' title='bbox 1136 2269 1201 2307; x_wconf 84' lang='lat' dir='ltr'>Ex</span> <span class='ocrx_word' id='word_1_298' title='bbox 1230 2269 1384 2318; x_wconf 92' lang='lat' dir='ltr'>quibus</span> <span class='ocrx_word' id='word_1_299' title='bbox 1415 2270 1599 2319; x_wconf 90' lang='lat' dir='ltr'>primum</span> <span class='ocrx_word' id='word_1_300' title='bbox 1622 2268 1743 2305; x_wconf 84' lang='lat' dir='ltr'>intel·</span> <span class='ocrx_word' id='word_1_301' title='bbox 1767 2278 1784 2308; x_wconf 87' lang='lat'><strong>5</strong></span> 
     </span>
     <span class='ocr_line' id='line_1_37' title="bbox 170 2323 1746 2372; baseline -0.001 -11"><span class='ocrx_word' id='word_1_302' title='bbox 170 2325 350 2362; x_wconf 83' lang='lat' dir='ltr'>leximus</span> <span class='ocrx_word' id='word_1_303' title='bbox 372 2337 457 2361; x_wconf 89' lang='lat' dir='ltr'>non</span> <span class='ocrx_word' id='word_1_304' title='bbox 483 2325 569 2361; x_wconf 91' lang='lat' dir='ltr'>sine</span> <span class='ocrx_word' id='word_1_305' title='bbox 597 2325 726 2362; x_wconf 88' lang='lat' dir='ltr'>animi</span> <span class='ocrx_word' id='word_1_306' title='bbox 754 2326 889 2362; x_wconf 89' lang='lat' dir='ltr'>nostri</span> <span class='ocrx_word' id='word_1_307' title='bbox 918 2324 1126 2369; x_wconf 87' lang='lat' dir='ltr'>molestia,</span> <span class='ocrx_word' id='word_1_308' title='bbox 1156 2329 1198 2362; x_wconf 89' lang='lat' dir='ltr'>te</span> <span class='ocrx_word' id='word_1_309' title='bbox 1226 2337 1251 2361; x_wconf 90' lang='lat' dir='ltr'>a</span> <span class='ocrx_word' id='word_1_310' title='bbox 1281 2323 1417 2361; x_wconf 87' lang='lat' dir='ltr'>natali</span> <span class='ocrx_word' id='word_1_311' title='bbox 1444 2323 1600 2361; x_wconf 85' lang='lat' dir='ltr'>Christi</span> <span class='ocrx_word' id='word_1_312' title='bbox 1628 2323 1746 2372; x_wconf 83' lang='lat' dir='ltr'>graui</span> 
     </span>
     <span class='ocr_line' id='line_1_38' title="bbox 170 2378 1746 2429; baseline -0.002 -12"><span class='ocrx_word' id='word_1_313' title='bbox 170 2379 386 2417; x_wconf 86' lang='lat' dir='ltr'>laborasse</span> <span class='ocrx_word' id='word_1_314' title='bbox 403 2378 661 2425; x_wconf 88' lang='lat' dir='ltr'>valetudine,</span> <span class='ocrx_word' id='word_1_315' title='bbox 679 2384 722 2417; x_wconf 90' lang='lat' dir='ltr'>et</span> <span class='ocrx_word' id='word_1_316' title='bbox 739 2379 902 2429; x_wconf 88' lang='lat' dir='ltr'>hyemis</span> <span class='ocrx_word' id='word_1_317' title='bbox 921 2379 1181 2417; x_wconf 89' lang='lat' dir='ltr'>solucionem</span> <span class='ocrx_word' id='word_1_318' title='bbox 1200 2380 1362 2423; x_wconf 76' lang='lat' dir='ltr'>timere,</span> <span class='ocrx_word' id='word_1_319' title='bbox 1381 2391 1432 2415; x_wconf 91' lang='lat' dir='ltr'>ne</span> <span class='ocrx_word' id='word_1_320' title='bbox 1450 2378 1554 2428; x_wconf 89' lang='lat' dir='ltr'>quid</span> <span class='ocrx_word' id='word_1_321' title='bbox 1574 2378 1746 2427; x_wconf 81' lang='lat' dir='ltr'>grauius</span> 
     </span>
     <span class='ocr_line' id='line_1_39' title="bbox 170 2434 550 2483; baseline 0 -12"><span class='ocrx_word' id='word_1_322' title='bbox 170 2434 250 2472; x_wconf 94' lang='lat' dir='ltr'>tibi</span> <span class='ocrx_word' id='word_1_323' title='bbox 272 2434 550 2483; x_wconf 85' lang='lat' dir='ltr'>contingeret.</span> 
     </span>
    </p>

    <p class='ocr_par' dir='ltr' id='par_1_11' title="bbox 171 2486 1809 2757">
     <span class='ocr_line' id='line_1_40' title="bbox 226 2486 1748 2538; baseline -0.002 -13"><span class='ocrx_word' id='word_1_324' title='bbox 226 2488 318 2526; x_wconf 87' lang='lat' dir='ltr'>Tua</span> <span class='ocrx_word' id='word_1_325' title='bbox 340 2488 453 2525; x_wconf 84' lang='lat' dir='ltr'>mala</span> <span class='ocrx_word' id='word_1_326' title='bbox 470 2488 673 2526; x_wconf 87' lang='lat' dir='ltr'>valetudo</span> <span class='ocrx_word' id='word_1_327' title='bbox 695 2490 968 2538; x_wconf 87' lang='lat' dir='ltr'>corporisque</span> <span class='ocrx_word' id='word_1_328' title='bbox 990 2488 1263 2526; x_wconf 81' lang='lat' dir='ltr'>imbecillitas</span> <span class='ocrx_word' id='word_1_329' title='bbox 1285 2487 1387 2525; x_wconf 87' lang='lat' dir='ltr'>mihi</span> <span class='ocrx_word' id='word_1_330' title='bbox 1410 2487 1641 2525; x_wconf 85' lang='lat' dir='ltr'>admodum</span> <span class='ocrx_word' id='word_1_331' title='bbox 1665 2486 1748 2523; x_wconf 84' lang='lat' dir='ltr'>fuit</span> 
     </span>
     <span class='ocr_line' id='line_1_41' title="bbox 171 2542 1809 2592; baseline -0.001 -11"><span class='ocrx_word' id='word_1_332' title='bbox 171 2543 364 2581; x_wconf 84' lang='lat' dir='ltr'>molesta.</span> <span class='ocrx_word' id='word_1_333' title='bbox 421 2543 558 2588; x_wconf 84' lang='lat' dir='ltr'>Quam</span> <span class='ocrx_word' id='word_1_334' title='bbox 599 2543 809 2581; x_wconf 88' lang='lat' dir='ltr'>credimus</span> <span class='ocrx_word' id='word_1_335' title='bbox 849 2544 912 2581; x_wconf 93' lang='lat' dir='ltr'>his</span> <span class='ocrx_word' id='word_1_336' title='bbox 952 2545 1093 2581; x_wconf 82' lang='lat' dir='ltr'>vernis</span> <span class='ocrx_word' id='word_1_337' title='bbox 1133 2543 1399 2592; x_wconf 82' lang='lat' dir='ltr'>temporibus</span> <span class='ocrx_word' id='word_1_338' title='bbox 1440 2544 1481 2579; x_wconf 91' lang='lat' dir='ltr'>in</span> <span class='ocrx_word' id='word_1_339' title='bbox 1522 2542 1746 2591; x_wconf 71' lang='lat' dir='ltr'>pristinam</span> <span class='ocrx_word' id='word_1_340' title='bbox 1771 2560 1809 2580; x_wconf 93' lang='lat'>10</span> 
     </span>
     <span class='ocr_line' id='line_1_42' title="bbox 172 2599 1746 2648; baseline -0.003 -13"><span class='ocrx_word' id='word_1_341' title='bbox 172 2610 390 2636; x_wconf 85' lang='lat' dir='ltr'>versuram</span> <span class='ocrx_word' id='word_1_342' title='bbox 413 2599 657 2642; x_wconf 85' lang='lat' dir='ltr'>sanitatem,</span> <span class='ocrx_word' id='word_1_343' title='bbox 676 2602 801 2647; x_wconf 86' lang='lat' dir='ltr'>teque</span> <span class='ocrx_word' id='word_1_344' title='bbox 823 2599 865 2635; x_wconf 92' lang='lat' dir='ltr'>in</span> <span class='ocrx_word' id='word_1_345' title='bbox 887 2611 983 2636; x_wconf 90' lang='lat' dir='ltr'>eum</span> <span class='ocrx_word' id='word_1_346' title='bbox 1006 2599 1194 2648; x_wconf 87' lang='lat' dir='ltr'>corporis</span> <span class='ocrx_word' id='word_1_347' title='bbox 1217 2599 1404 2647; x_wconf 81' lang='lat' dir='ltr'>vigorem</span> <span class='ocrx_word' id='word_1_348' title='bbox 1426 2600 1746 2646; x_wconf 75' lang='lat' dir='ltr'>peruenturum,</span> 
     </span>
     <span class='ocr_line' id='line_1_43' title="bbox 173 2650 1748 2703; baseline -0.003 -13"><span class='ocrx_word' id='word_1_349' title='bbox 173 2657 222 2690; x_wconf 87' lang='lat' dir='ltr'>vt</span> <span class='ocrx_word' id='word_1_350' title='bbox 256 2652 617 2702; x_wconf 84' lang='lat' dir='ltr'>quemadmodum</span> <span class='ocrx_word' id='word_1_351' title='bbox 653 2656 697 2689; x_wconf 89' lang='lat' dir='ltr'>et</span> <span class='ocrx_word' id='word_1_352' title='bbox 727 2657 775 2690; x_wconf 90' lang='lat' dir='ltr'>tu</span> <span class='ocrx_word' id='word_1_353' title='bbox 806 2653 929 2690; x_wconf 88' lang='lat' dir='ltr'>nobis</span> <span class='ocrx_word' id='word_1_354' title='bbox 963 2666 1007 2691; x_wconf 88' lang='lat' dir='ltr'>es</span> <span class='ocrx_word' id='word_1_355' title='bbox 1042 2653 1260 2703; x_wconf 83' lang='lat' dir='ltr'>pollicitus</span> <span class='ocrx_word' id='word_1_356' title='bbox 1295 2658 1338 2689; x_wconf 91' lang='lat' dir='ltr'>ct</span> <span class='ocrx_word' id='word_1_357' title='bbox 1373 2665 1448 2689; x_wconf 82' lang='lat' dir='ltr'>nos</span> <span class='ocrx_word' id='word_1_358' title='bbox 1486 2652 1549 2688; x_wconf 78' lang='lat' dir='ltr'>tui</span> <span class='ocrx_word' id='word_1_359' title='bbox 1585 2650 1748 2687; x_wconf 83' lang='lat' dir='ltr'>reditus</span> 
     </span>
     <span class='ocr_line' id='line_1_44' title="bbox 173 2706 1641 2757; baseline -0.002 -12"><span class='ocrx_word' id='word_1_360' title='bbox 173 2711 368 2745; x_wconf 88' lang='lat' dir='ltr'>tenemur</span> <span class='ocrx_word' id='word_1_361' title='bbox 389 2707 624 2756; x_wconf 83' lang='lat' dir='ltr'>‹lesyderi0‚</span> <span class='ocrx_word' id='word_1_362' title='bbox 649 2711 800 2757; x_wconf 86' lang='lat' dir='ltr'>optata</span> <span class='ocrx_word' id='word_1_363' title='bbox 821 2708 876 2744; x_wconf 87' lang='lat' dir='ltr'>ad</span> <span class='ocrx_word' id='word_1_364' title='bbox 899 2721 975 2745; x_wconf 89' lang='lat' dir='ltr'>nos</span> <span class='ocrx_word' id='word_1_365' title='bbox 998 2708 1156 2745; x_wconf 75' lang='lat' dir='ltr'>reuerti</span> <span class='ocrx_word' id='word_1_366' title='bbox 1178 2708 1311 2757; x_wconf 77' lang='lat' dir='ltr'>possis</span> <span class='ocrx_word' id='word_1_367' title='bbox 1334 2706 1641 2743; x_wconf 79' lang='lat' dir='ltr'>incolumitate.</span> 
     </span>
    </p>
   </div>
   <div class='ocr_carea' id='block_1_9' title="bbox 174 2805 1748 2977">
    <p class='ocr_par' dir='ltr' id='par_1_12' title="bbox 174 2805 1665 2889">
     <span class='ocr_line' id='line_1_45' title="bbox 217 2805 1665 2846; baseline -0.002 -10"><span class='ocrx_word' id='word_1_368' title='bbox 217 2807 312 2836; x_wconf 86' lang='lat'>2911.</span> <span class='ocrx_word' id='word_1_369' title='bbox 339 2808 370 2836; x_wconf 78' lang='lat'>8.</span> <span class='ocrx_word' id='word_1_370' title='bbox 398 2806 635 2844; x_wconf 78' lang='lat' dir='ltr'>bibliotheca]</span> <span class='ocrx_word' id='word_1_371' title='bbox 656 2806 720 2836; x_wconf 85' lang='lat' dir='ltr'>See</span> <span class='ocrx_word' id='word_1_372' title='bbox 741 2806 806 2846; x_wconf 78' lang='lat' dir='ltr'>Ep.</span> <span class='ocrx_word' id='word_1_373' title='bbox 827 2808 922 2845; x_wconf 79' lang='lat'>2780.</span> <span class='ocrx_word' id='word_1_374' title='bbox 1038 2817 1090 2846; x_wconf 84' lang='lat'>23.</span> <span class='ocrx_word' id='word_1_375' title='bbox 1116 2806 1370 2843; x_wconf 57' lang='grc' dir='ltr'>ενι-1111011800</span> <span class='ocrx_word' id='word_1_376' title='bbox 1386 2805 1454 2844; x_wconf 74' lang='lat' dir='ltr'>Ep.</span> <span class='ocrx_word' id='word_1_377' title='bbox 1472 2806 1567 2843; x_wconf 62' lang='lat'>2876.</span> <span class='ocrx_word' id='word_1_378' title='bbox 1588 2814 1665 2843; x_wconf 75' lang='lat'>24¹¹·</span> 
     </span>
     <span class='ocr_line' id='line_1_46' title="bbox 174 2849 1608 2889; baseline -0.001 -9"><span class='ocrx_word' id='word_1_379' title='bbox 174 2859 231 2889; x_wconf 84' lang='lat'>711.</span> <span class='ocrx_word' id='word_1_380' title='bbox 1040 2860 1092 2889; x_wconf 73' lang='lat'>25.</span> <span class='ocrx_word' id='word_1_381' title='bbox 1119 2850 1297 2887; x_wconf 78' lang='lat' dir='ltr'>CulInunl]</span> <span class='ocrx_word' id='word_1_382' title='bbox 1316 2851 1380 2879; x_wconf 61' lang='lat' dir='ltr'>sco</span> <span class='ocrx_word' id='word_1_383' title='bbox 1401 2849 1513 2887; x_wconf 63' lang='grc' dir='ltr'>Αιίιις).</span> <span class='ocrx_word' id='word_1_384' title='bbox 1533 2854 1608 2887; x_wconf 71' lang='grc'>400.</span> 
     </span>
    </p>

    <p class='ocr_par' dir='ltr' id='par_1_13' title="bbox 174 2891 1748 2977">
     <span class='ocr_line' id='line_1_47' title="bbox 217 2891 1748 2933; baseline -0.002 -9"><span class='ocrx_word' id='word_1_385' title='bbox 217 2904 249 2931; x_wconf 82' lang='grc'>9.</span> <span class='ocrx_word' id='word_1_386' title='bbox 275 2894 424 2931; x_wconf 78' lang='lat' dir='ltr'>scheda]</span> <span class='ocrx_word' id='word_1_387' title='bbox 440 2893 681 2933; x_wconf 77' lang='lat' dir='ltr'>Presunmbly</span> <span class='ocrx_word' id='word_1_388' title='bbox 695 2894 758 2923; x_wconf 81' lang='lat' dir='ltr'>tho</span> <span class='ocrx_word' id='word_1_389' title='bbox 773 2904 873 2924; x_wconf 73' lang='lat' dir='ltr'>sanie</span> <span class='ocrx_word' id='word_1_390' title='bbox 887 2905 927 2924; x_wconf 69' lang='lat' dir='ltr'>as</span> <span class='ocrx_word' id='word_1_391' title='bbox 1041 2895 1137 2924; x_wconf 66' lang='lat'>2912.</span> <span class='ocrx_word' id='word_1_392' title='bbox 1164 2904 1194 2927; x_wconf 78' lang='lat'>0.</span> <span class='ocrx_word' id='word_1_393' title='bbox 1221 2894 1301 2923; x_wconf 68' lang='lat' dir='ltr'>&#39;l‘uu</span> <span class='ocrx_word' id='word_1_394' title='bbox 1325 2917 1330 2922; x_wconf 92' lang='lat'>.</span> <span class='ocrx_word' id='word_1_395' title='bbox 1350 2917 1355 2923; x_wconf 93' lang='lat'>.</span> <span class='ocrx_word' id='word_1_396' title='bbox 1374 2917 1379 2922; x_wconf 92' lang='lat'>.</span> <span class='ocrx_word' id='word_1_397' title='bbox 1404 2902 1451 2931; x_wconf 74' lang='lat'>13·</span> <span class='ocrx_word' id='word_1_398' title='bbox 1479 2891 1748 2929; x_wconf 75' lang='lat' dir='ltr'>incolumitate]</span> 
     </span>
     <span class='ocr_line' id='line_1_48' title="bbox 174 2937 1748 2977; baseline -0.002 -10"><span class='ocrx_word' id='word_1_399' title='bbox 174 2938 238 2968; x_wconf 85' lang='lat' dir='ltr'>the</span> <span class='ocrx_word' id='word_1_400' title='bbox 250 2940 257 2951; x_wconf 82' lang='lat'>⁴</span> <span class='ocrx_word' id='word_1_401' title='bbox 268 2937 403 2968; x_wconf 80' lang='lat' dir='ltr'>scheda</span> <span class='ocrx_word' id='word_1_402' title='bbox 419 2937 613 2977; x_wconf 79' lang='lat' dir='ltr'>generalis’</span> <span class='ocrx_word' id='word_1_403' title='bbox 627 2942 706 2968; x_wconf 80' lang='lat' dir='ltr'>sent</span> <span class='ocrx_word' id='word_1_404' title='bbox 729 2942 767 2968; x_wconf 84' lang='lat' dir='ltr'>to</span> <span class='ocrx_word' id='word_1_405' title='bbox 784 2938 926 2972; x_wconf 62' lang='lat' dir='ltr'>schem,</span> <span class='ocrx_word' id='word_1_406' title='bbox 997 2938 1039 2967; x_wconf 86' lang='lat' dir='ltr'>ln</span> <span class='ocrx_word' id='word_1_407' title='bbox 1056 2939 1118 2968; x_wconf 84' lang='lat' dir='ltr'>the</span> <span class='ocrx_word' id='word_1_408' title='bbox 1135 2946 1193 2967; x_wconf 72' lang='lat' dir='ltr'>xus,</span> <span class='ocrx_word' id='word_1_409' title='bbox 1208 2938 1311 2967; x_wconf 60' lang='lat' dir='ltr'>those</span> <span class='ocrx_word' id='word_1_410' title='bbox 1324 2941 1396 2967; x_wconf 80' lang='lat' dir='ltr'>two</span> <span class='ocrx_word' id='word_1_411' title='bbox 1408 2940 1600 2966; x_wconf 70' lang='lat' dir='ltr'>sentences</span> <span class='ocrx_word' id='word_1_412' title='bbox 1611 2945 1672 2965; x_wconf 74' lang='lat' dir='ltr'>are</span> <span class='ocrx_word' id='word_1_413' title='bbox 1684 2946 1748 2965; x_wconf 85' lang='lat' dir='ltr'>un-</span> 
     </span>
    </p>
   </div>
   <div class='ocr_carea' id='block_1_10' title="bbox 174 2979 1751 3022">
    <p class='ocr_par' dir='ltr' id='par_1_14' title="bbox 174 2979 1751 3022">
     <span class='ocr_line' id='line_1_49' title="bbox 174 2979 1751 3022; baseline -0.003 -10"><span class='ocrx_word' id='word_1_414' title='bbox 174 2992 232 3013; x_wconf 84' lang='lat' dir='ltr'>see</span> <span class='ocrx_word' id='word_1_415' title='bbox 252 2981 318 3022; x_wconf 83' lang='lat' dir='ltr'>Ep.</span> <span class='ocrx_word' id='word_1_416' title='bbox 339 2990 435 3020; x_wconf 70' lang='grc'>2913.</span> <span class='ocrx_word' id='word_1_417' title='bbox 455 2991 551 3022; x_wconf 77' lang='lat'>40—1.</span> <span class='ocrx_word' id='word_1_418' title='bbox 996 2981 1171 3015; x_wconf 71' lang='lat' dir='ltr'>‹lei-lined.</span> <span class='ocrx_word' id='word_1_419' title='bbox 1188 2980 1425 3021; x_wconf 69' lang='lat' dir='ltr'>prcsnnmbly</span> <span class='ocrx_word' id='word_1_420' title='bbox 1441 2986 1478 3010; x_wconf 81' lang='lat' dir='ltr'>to</span> <span class='ocrx_word' id='word_1_421' title='bbox 1493 2979 1651 3010; x_wconf 79' lang='lat' dir='ltr'>indicate</span> <span class='ocrx_word' id='word_1_422' title='bbox 1667 2979 1751 3010; x_wconf 77' lang='lat' dir='ltr'>that</span> 
     </span>
    </p>
   </div>
  </div>
 </body>
</html>
