1966 3379
252 134 324 169 164
675 130 932 169 LETTERS
963 131 1034 169 or
1065 129 1332 169 ERASMUS
1691 132 1813 178 [1533

186 252 225 282 55
246 236 547 273 commendant
567 241 607 273 et
633 236 816 285 plurima
839 236 950 272 bona
972 236 1026 272 ab
1052 235 1124 272 illo
1149 234 1344 284 precibus
1366 233 1545 271 assiduis
1568 235 1813 284 impetrant,

248 303 331 327 non
355 290 433 327 sibi
457 295 639 334 tantuin,
663 290 735 327 sed
758 291 799 327 in
822 303 1059 327 commune.

301 344 408 389 Quid
442 358 566 393 porro
597 346 628 381 si
660 345 713 382 ad
742 345 815 382 has
846 346 1027 381 virtutes
1058 343 1234 381 accedat·
1259 343 1417 380 donum
1444 343 1724 392 prophetiae?
1766 347 1814 380 vt

246 400 389 445 gratis,
423 405 469 435 vt
501 412 616 448 pure,
649 404 696 436 vt
727 401 970 448 incorrupte
1001 399 1182 435 doceant
1213 397 1432 447 populum,
1464 398 1552 434 siue
1583 411 1698 442 voce,
1725 398 1813 434 siue

248 454 415 502 scriptis
437 453 566 497 libris,
589 455 677 490 siuc
699 459 880 502 vtroque
897 460 911 490 ‘f
952 453 1062 498 Quid
1085 452 1198 501 quod
1217 453 1393 495 ieiuniis⁷
1413 452 1577 499 vigiliis,
1597 451 1814 489 laboribus

186 520 228 545 co
248 508 539 557 crucifigentes
560 521 729 545 carnem
743 521 875 551 suam,
899 512 1109 556 quantum
1126 507 1235 551 licet,
1252 506 1453 555 supplent
1467 519 1516 543 ca
1530 519 1638 555 quae
1660 506 1815 543 desunt

250 563 514 611 passionibus
535 562 704 607 Christi,
734 576 780 600 ac
807 563 964 612 seipsos
990 561 1306 610 quodammodo
1332 560 1556 598 immolant
1579 573 1654 610 pro
1677 560 1814 598 salute

249 617 404 666 populi.
450 617 501 654 Et
527 622 588 663 tn,
611 617 727 662 laice,
746 622 867 666 potes
890 617 999 653 male
1016 616 1122 653 velle
1139 615 1220 652 illis
1237 616 1321 664 qui,
1345 615 1447 652 dum
1469 615 1644 664 crapula
1665 627 1812 663 graua-

248 676 318 708 tus
340 672 476 708 altuni
500 673 656 715 stertis,
680 685 757 721 pro
780 677 821 709 te
844 671 1035 717 vigilant,
1060 683 1135 720 pro
1161 675 1202 707 te
1231 670 1445 707 ieiunant:
1478 669 1581 706 dum
1608 674 1654 707 tu
1678 670 1814 706 Deum

247 727 351 769 alea,
375 728 536 771 scortis,
560 727 737 775 aliisque
753 726 1049 763 sceleribusad
1067 726 1172 762 iram
1189 737 1408 773 prouocas,
1431 724 1492 761 illi
1509 737 1584 773 pro
1606 729 1647 761 te
1670 724 1813 773 ‹lepre-

186 794 225 826 05
246 786 398 818 cantur
417 796 421 817 2
447 781 547 818 dnm
572 786 618 818 tu
641 781 755 830 apud
779 781 969 818 homines
986 779 1096 817 male
1111 779 1162 816 de
1177 779 1257 816 illis
1272 779 1468 828 loqueris,
1492 778 1552 815 illi
1574 779 1625 816 de
1647 782 1688 815 te
1712 778 1815 815 bene

247 836 482 885 loquuntur
496 836 608 885 apud
629 836 762 872 Deum
780 842 794 872 ζ’
828 834 929 880 Quis
944 834 1052 871 tales
1069 834 1195 878 viros,
1217 846 1303 870 non
1318 838 1365 870 vt
1379 833 1585 870 semideos
1606 833 1813 882 quosdam

248 896 485 935 veneretur,
526 903 611 927 non
651 894 779 934 amet,
821 895 1028 938 tanquam
1069 888 1121 925 ad
1163 888 1378 937 publicam
1419 887 1653 924 vtilitatem
1695 888 1816 936 quasi

246 945 454 982 diuinitus
476 945 612 989 datos,
635 945 804 982 etiamsi
828 945 913 992 ipsc
933 945 987 980 sit
1007 944 1070 980 vir
1088 942 1337 992 improbus?
1374 942 1484 979 Nam
1501 943 1655 979 eximia
1679 943 1817 979 virtus

245 1001 373 1037 ctiam
410 1001 600 1037 inimicos
634 1012 731 1035 suos
766 999 878 1048 rapit
910 999 951 1035 in
977 997 1304 1035 admirationem
1331 997 1418 1041 sui;
1448 1001 1491 1034 et
1517 997 1588 1045 qui
1618 997 1669 1033 de
1700 996 1817 1033 nullo

186 1070 226 1099 70
248 1055 350 1091 benc
374 1058 602 1098 merentur,
628 1058 773 1091 tamen
795 1053 1002 1089 instinctu
1026 1056 1205 1089 naturae
1232 1055 1482 1089 reuerentur
1506 1064 1577 1088 eos
1599 1051 1670 1100 qui
1692 1051 1815 1088 bene-

246 1109 409 1146 fwiunt
442 1109 564 1145 malis
596 1109 756 1157 pariter
786 1120 834 1144 ac
866 1108 999 1144 1101113.
1047 1106 1266 1152 Quaenam
1299 1107 1427 1155 igitur
1451 1110 1516 1143 est
1547 1105 1816 1154 quorundam

246 1177 372 1213 ptrm
378 1164 516 1204 rsitas
540 1164 610 1212 qui
631 1163 731 1199 hoc
723 1175 813 1212 lpso
829 1166 1111 1199 contemnunt
1125 1161 1309 1210 aliquem
1332 1161 1446 1209 quod
1469 1160 1703 1198 monachus
1725 1163 1817 1197 est?

246 1218 324 1263 Qui
349 1231 444 1255 mon
450 1218 602 1254 10111101
617 1217 732 1262 dicit,
756 1218 945 1254 omnium
961 1216 1226 1253 heroicarum
1242 1216 1452 1253 virtutum
1468 1227 1677 1252 summam
1701 1214 1816 1258 dicit,

246 1286 316 1321 qn
308 1286 354 1309 16
389 1273 438 1309 1)(
445 1248 732 1309 neuolentiani
766 1284 812 1308 ac
849 1271 1041 1308 fauorem
1074 1283 1099 1308 a
1134 1270 1252 1308 bonis
1293 1274 1602 1319 promerentur,
1639 1282 1663 1306 a
1696 1268 1818 1305 malis

186 1343 225 1372 75
246 1332 518 1375 extorquent.
545 1326 682 1372 -Quod
705 1327 738 1362 si
760 1326 864 1363 nihil
885 1325 1001 1363 aliud
1023 1325 1219 1374 displicet
1236 1337 1363 1373 quam
1386 1324 1656 1366 vocabulum,
1676 1323 1816 1373 appel-

247 1382 333 1418 lcnt
363 1395 439 1430 pro
466 1381 684 1425 monacho,
715 1382 748 1417 si
774 1380 957 1424 videtur,
985 1379 1223 1429 simplicem*
1247 1391 1295 1416 ac
1324 1379 1575 1416 solitarium.
1625 1377 1819 1415 Solitudo

246 1442 390 1473 autem
420 1449 467 1473 ea
500 1449 583 1473 non
612 1436 866 1472 aestimatur
896 1447 1073 1472 numero
1105 1434 1413 1477 conuictorum‚
1447 1433 1520 1470 sed
1551 1433 1819 1482 separatione

247 1491 457 1528 malorum
480 1490 735 1527 affectuum:
759 1490 917 1538 alioqui
940 1502 1016 1526 nec
1037 1488 1278 1526 Cartusiani
1309 1488 1387 1525 soli
1415 1492 1527 1525 sunt.
1571 1487 1820 1536 Vbicunque

247 1546 365 1583 adest
387 1545 488 1582 haec
506 1544 704 1588 solitudo,
724 1545 781 1581 ibi
802 1544 925 1581 adest
938 1544 1283 1592 frequentissima
1300 1542 1516 1580 sodalitas.
1550 1541 1626 1579 Ille
1641 1541 1820 1579 feliciter

187 1608 228 1636 80
247 1600 360 1637 301113
396 1604 475 1644 est,
508 1600 580 1648 qui
606 1599 764 1636 nullius
799 1598 981 1648 improbi
1013 1599 1215 1635 conuictu
1242 1597 1542 1646 corrumpitur,
1576 1597 1648 1645 qui
1680 1595 1820 1634 nullos

246 1655 378 1692 habet
400 1655 441 1691 in
459 1655 601 1691 animo
618 1653 833 1691 tumultus
847 1653 1079 1690 affectuum
1098 1653 1209 1689 inter
1223 1665 1266 1689 se
1283 1652 1565 1702 pugnantium
1582 1664 1656 1688 nec
1675 1655 1821 1688 tamen

247 1722 343 1746 cum
367 1709 457 1746 Deo
479 1708 851 1745 consentientium.
895 1708 986 1745 Hoc
1015 1711 1143 1757 pacto
1171 1707 1270 1744 licet
1297 1710 1340 1744 et
1368 1707 1409 1743 in
1434 1706 1677 1755 Principum
1699 1705 1819 1749 aulis,

248 1769 290 1801 et
308 1765 348 1800 in
367 1763 546 1813 publicis
568 1763 903 1811 magistratibus,
922 1767 965 1799 et
982 1763 1023 1799 in
1040 1762 1189 1799 mediis
1206 1761 1426 1798 hominum
1449 1761 1711 1797 commerciis
1732 1772 1821 1797 esse

248 1818 517 1855 monachum.
541 1817 759 1863 Quaenam
773 1818 902 1866 igitur
914 1820 979 1854 est
993 1816 1123 1854 animi
1138 1816 1395 1866 peruersitas
1405 1815 1541 1852 odisse
1550 1814 1819 1858 monachum,

187 1879 228 1916 85
249 1873 302 1910 ob
324 1872 402 1909 hoc
431 1873 569 1921 ipsum
597 1872 713 1921 quod
740 1871 974 1909 monachus
995 1874 1089 1908 est?
1132 1870 1347 1908 Profiteris
1375 1874 1417 1907 te
1445 1868 1749 1913 Christianum,
1777 1872 1821 1906 et

249 1928 456 1965 auersaris
478 1940 549 1964 eos
571 1927 644 1976 qui
665 1925 835 1964 Christo
857 1926 1061 1963 simillimi
1082 1929 1213 1963 sunt?

304 1981 383 2018 Hic
405 1983 602 2031 protinus
625 1982 820 2019 occinent
842 1981 938 2025 scio,
962 1980 1213 2030 plaerosque
1241 1979 1473 2029 plurimum
1499 1978 1644 2016 abesse
1666 1977 1720 2015 ab
1743 1977 1821 2014 hac

250 2037 442 2085 imagine.
485 2035 660 2073 Nullum
683 2037 812 2085 igitur
833 2036 948 2073 vitae
969 2048 1100 2084 genus
1121 2034 1409 2084 probabimus,
1434 2034 1467 2070 si
1488 2037 1662 2082 propter
1687 2032 1822 2069 malos

250 2091 461 2128 oderimus
487 2095 530 2127 et
556 2091 700 2127 bonos.
747 2089 857 2135 Quid
884 2091 1014 2139 igitur
1041 2092 1264 2139 superest?
1315 2087 1425 2134 Quid
1450 2088 1529 2124 11131
1554 2091 1603 2124 vt
1630 2099 1822 2124 amemus

187 2160 229 2187 90
250 2145 451 2187 homines,
494 2146 655 2182 incerta
695 2145 737 2182 in
777 2144 994 2182 meliorem
1030 2145 1362 2193 interpretemur
1400 2147 1579 2192 partem,
1621 2141 1676 2178 ad
1716 2142 1823 2178 vitia

249 2200 407 2237 leuiora
428 2200 744 2244 conniueamus,
775 2199 1042 2248 grauioribus
1074 2198 1231 2235 mederi
1259 2196 1508 2234 studeamus
1530 2197 1672 2246 potius
1693 2209 1821 2244 quam

249 2267 513 2303 exasperare,
535 2254 728 2291 ordinem
750 2255 889 2303 ipsum
907 2258 950 2290 et
964 2254 1211 2290 institutum
1230 2264 1480 2289 veneremur
1499 2251 1628 2288 etiam
1645 2256 1660 2288 ἱ)
1700 2250 1821 2295 Quod

250 2310 282 2345 si
305 2309 358 2345 ad
381 2309 600 2346 hominum
627 2308 869 2358 vulgarium
894 2308 1149 2346 ciuilitatem
1180 2306 1356 2344 accedat
1383 2305 1701 2344 monachorum.
1734 2318 1822 2342 sese

251 2363 304 2400 ad
319 2376 367 2400 ea
382 2376 489 2412 quae
509 2376 631 2400 verae
649 2368 750 2400 sunt
766 2363 979 2412 religionis
996 2366 1089 2400 toto
1106 2366 1277 2411 pectore
1294 2360 1582 2404 referentium,
1598 2359 1821 2404 industria,

189 2432 230 2461 95
251 2417 373 2455 facile
392 2419 623 2467 reuigescet
639 2418 844 2467 pristinus
861 2417 973 2454 orbis
990 2416 1125 2461 fauor,
1143 2415 1267 2454 facile
1284 2415 1582 2453 obmutescent
1605 2427 1677 2451 ora
1694 2414 1820 2451 male-

252 2472 454 2509 dicorum.
508 2472 661 2521 Itaque
678 2472 751 2509 fiet
768 2476 817 2509 vt
834 2484 917 2509 non
935 2471 1073 2509 solum
1091 2471 1243 2508 viuant
1259 2470 1370 2520 grati
1392 2470 1494 2513 Deo,
1512 2469 1686 2518 gratiosi
1708 2468 1822 2517 apud

251 2527 454 2571 homines,
475 2539 622 2563 verum
640 2527 771 2564 etiam
792 2526 973 2564 feliciter
995 2525 1060 2563 hic
1084 2526 1235 2562 viuant
1257 2529 1300 2562 et
1322 2524 1526 2561 hilariter.
1569 2523 1688 2560 Nulli
1709 2523 1821 2560 enim

251 2582 403 2618 viuunt
421 2582 605 2629 quietius
619 2586 694 2618 aut
709 2582 883 2618 suauius
901 2581 948 2617 iis
965 2581 1037 2629 qui
1054 2593 1152 2617 vere
1169 2579 1365 2616 monachi
1382 2583 1495 2623 sunt,
1511 2577 1617 2615 nulli
1631 2577 1823 2614 miserius

252 2648 380 2684 quam
398 2637 569 2684 quinon
587 2648 638 2672 ex
653 2636 794 2672 animo
811 2634 1007 2673 monachi
1024 2639 1137 2671 sunt.
1172 2633 1262 2671 Illis
1280 2633 1585 2670 monasterium
1600 2631 1823 2681 paradisus

173 2704 233 2725 100
252 2694 329 2734 cst
362 2690 426 2726 his
454 2690 696 2739 pistrinum.
740 2689 821 2727 Sed
849 2690 1000 2738 cuique
1028 2701 1181 2737 magna
1213 2701 1264 2725 ex
1294 2692 1416 2737 parte
1447 2687 1489 2724 in
1520 2699 1649 2723 manu
1674 2690 1751 2729 est,
1775 2690 1823 2723 vt

254 2722 333 2781 sibi
354 2745 582 2793 pistrinum
606 2749 749 2781 vertat
772 2745 815 2781 in
837 2744 1095 2805 paradisum.

308 2798 374 2835 Ad
396 2798 494 2847 Ha}
499 2811 667 2836 monem
693 2799 830 2843 redeo,
854 2799 926 2848 qui
951 2798 1203 2835 Dauidicam
1232 2796 1441 2834 citharam
1468 2795 1643 2845 pulsans
1667 2793 1821 2855 angeli-

254 2866 350 2890 cum
372 2858 541 2890 coetum
565 2867 590 2889 v
595 2858 756 2890 estrum
770 2853 825 2890 ad
842 2852 1085 2902 psirituales
1098 2851 1304 2889 excitabit
1321 2850 1507 2893 choreas,
1524 2853 1569 2886 vt
1589 2850 1630 2886 in
1653 2849 1823 2897 hymnis

254 2913 297 2945 et
323 2908 499 2944 canticis
528 2908 712 2944 Domino
738 2907 932 2957 psallatis
961 2907 1004 2943 in
1031 2906 1229 2944 cordibus
1256 2906 1423 2942 vestris.
1464 2904 1600 2940 Nemo
1628 2903 1824 2940 fastidiat

176 2977 234 3005 105
254 2963 452 2999 dictionis
480 2962 810 3011 simplicitatem,
838 2962 910 2999 sed
945 2961 1232 3010 amplectatur
1265 2959 1573 2997 sententiarum
1604 2958 1821 3007 pietatem.
