1966 3379
93 99 214 149 2810]
520 98 591 137 TO
622 97 853 136 VIGLIUS
884 96 1217 136 ZUICHEMUS
1575 98 1653 135 225

91 206 261 241 maneat
290 215 385 240 cum
416 202 579 251 Regina
608 203 651 239 in
680 201 868 239 maritali
897 201 1188 246 contubernio,
1213 200 1345 238 donec
1373 200 1536 238 Romae
1560 213 1653 250 pro-

89 258 337 295 nunciatum
359 256 488 294 fuerit
515 256 565 293 de
589 268 728 293 causa.
787 255 888 301 Quis
912 259 1057 292 autem
1083 268 1167 292 non
1192 254 1392 303 intelligit
1418 268 1509 292 eam
1535 255 1654 293 litem
1676 270 1713 300 15

90 324 307 360 nunquam
329 310 555 348 finiendam
577 311 685 348 viuis
711 310 988 359 coniugibus?
1046 309 1138 346 Iam
1163 313 1259 346 octo
1287 312 1388 346 sunt
1415 310 1513 346 anni
1540 310 1654 358 quod

89 367 229 415 agitur
250 365 326 403 hoc
348 366 575 414 negotium,
597 369 640 402 et
663 365 755 402 Rex
782 377 866 401 non
890 365 979 401 sine
1003 376 1130 401 causa
1154 363 1284 400 habet
1307 368 1529 412 grauatam
1558 377 1653 401 con-

89 421 321 465 scientiam,
342 432 473 468 quum
496 419 668 456 ducenti
690 419 883 456 doctores
910 417 1137 468 Scripturis
1157 422 1201 455 et
1222 419 1483 467 argumentis
1504 418 1652 467 proba-

90 476 176 512 rint
197 475 515 511 matrimonium
534 473 637 511 illud
661 486 735 510 nec
758 473 945 511 humano
965 485 1040 510 nec
1058 473 1204 510 diuino
1221 473 1309 509 iure
1330 473 1517 521 potuisse
1532 473 1651 510 coire.

88 528 210 574 Quod
246 529 279 566 31
312 528 510 566 Pontifex
544 529 834 578 pronunciarit
868 540 951 564 non
986 539 1075 564 esse
1107 527 1438 571 matrimonium,
1471 528 1653 576 primum
1674 543 1715 564 20

89 583 274 620 offendet
304 582 511 627 Cesarem,
543 583 693 619 deinde
723 582 948 619 damnabit
978 580 1128 619 Sedem
1157 581 1409 626 Romanam,
1438 593 1546 630 quae
1573 581 1658 629 (113--

88 639 285 687 pensauit
306 642 455 674 contra
476 637 592 687 phas,
653 637 775 674 Tales
795 649 958 679 causae,
977 649 1085 684 quae
1106 636 1290 672 multum
1312 635 1514 673 adferunt
1534 649 1652 673 num-

88 705 253 729 morum
272 691 467 735 Romam,
483 704 675 740 quaeque
693 691 907 740 Principes
932 689 969 727 S.
986 690 1036 727 D.
1052 690 1103 727 N.
1127 690 1313 727 reddunt
1334 690 1553 734 obnoxios,
1571 703 1654 727 non

88 746 226 784 solent
260 746 380 783 finiri.
441 746 496 783 Et
529 746 721 783 fortassis
756 745 872 782 aliud
911 745 1115 794 quiddam
1149 749 1225 790 est,
1259 744 1373 794 qnod
1406 745 1491 782 vrit
1527 744 1655 794 Regis

87 801 288 846 animum,
311 801 425 850 quod
446 800 582 838 efferri
602 813 686 837 11011
707 800 812 837 vult.
1675 815 1714 844 25

142 855 264 892 Nunc
286 855 339 892 ab
361 855 513 904 Anglia
535 856 666 904 migro
688 855 729 891 in
747 854 981 903 Phrysiam.
1033 853 1138 892 Cum
1160 853 1362 903 Caminga
1383 854 1493 891 tueri
1513 854 1653 891 amici-

86 910 193 947 ciam
216 909 508 947 difficillimum
530 914 606 947 est.
656 909 772 947 Nihil
793 909 864 946 illo
885 909 1058 954 vastius,
1076 908 1253 946 verbulo
1274 908 1521 958 simpliciter
1541 908 1655 946 dicto

86 965 273 1013 grauiter
293 964 535 1002 offenditur.
582 964 775 1001 Extorsit
791 977 816 1001 a
837 976 902 1000 me
923 963 1089 1012 aliquot
1109 963 1322 1013 epistolas,
1340 976 1521 1012 quarum
1543 975 1655 1000 1111110

86 1032 152 1056 me
174 1019 319 1068 pudet.
366 1019 495 1056 Nulla
517 1019 608 1056 laus
630 1018 741 1056 illius
762 1019 904 1055 animo
926 1019 1028 1055 satis
1049 1022 1132 1056 est:
1159 1031 1235 1055 nec
1256 1017 1407 1055 dubito
1428 1018 1529 1066 quin
1552 1017 1655 1054 mihi

86 1074 273 1123 grauiter
294 1078 551 1111 succenseat.
595 1073 773 1122 Indigne
795 1073 909 1117 tulit⁷
925 1073 1039 1122 quod
1062 1085 1157 1110 cum
1180 1072 1234 1110 ad
1255 1072 1359 1110 alios
1381 1073 1652 1121 scripsissem,
1675 1087 1716 1118 30

87 1129 224 1177 ipsum
252 1128 370 1165 nulla
397 1141 529 1165 essem
560 1128 760 1177 dignatus
790 1127 994 1177 epistola;
1027 1140 1075 1164 ac
1102 1127 1228 1177 plane
1258 1126 1417 1164 bellum
1444 1131 1548 1172 erat,
1576 1127 1656 1164 nisi

87 1183 128 1219 in
156 1183 336 1232 epistola
359 1183 414 1220 ad
440 1183 680 1220 Hoxuirum
709 1181 982 1219 honorificam
1009 1182 1139 1231 ipsius
1161 1182 1351 1219 fecissem
1379 1182 1652 1219 mentionem.

86 1237 147 1275 Ea
165 1238 324 1274 mentio
340 1237 511 1275 sublata
526 1241 590 1274 est
607 1238 648 1274 in
665 1236 869 1286 Epistolis
889 1237 1025 1282 editis,
1043 1241 1085 1274 et
1107 1238 1149 1274 in
1170 1236 1282 1274 illius
1303 1236 1442 1274 locum
1459 1235 1656 1273 subditus

84 1295 150 1329 est
171 1292 342 1341 Viglius.
401 1291 435 1329 O
455 1292 631 1337 coelum,
653 1305 678 1329 0
698 1296 824 1329 terra.

140 1346 202 1383 De
218 1347 365 1391 altero,
384 1359 468 1395 quo
489 1347 544 1383 sit
564 1347 718 1392 animo,
736 1359 820 1383 non
837 1359 1090 1395 magnopere
1111 1345 1269 1384 laboro.
1317 1345 1455 1391 Quum
1478 1345 1656 1383 redisset
1675 1361 1716 1392 35

85 1414 137 1438 ex
155 1401 295 1446 Italia,
318 1406 361 1438 et
382 1402 563 1439 ambiret
585 1401 722 1438 locum
744 1402 785 1438 in
807 1401 918 1446 aula,
941 1405 984 1439 et
1004 1401 1130 1438 huius
1151 1401 1269 1438 tituli
1289 1400 1656 1438 commendatione

85 1456 279 1493 dotatam
314 1469 501 1501 vxorem,
534 1457 743 1494 accuratis
782 1456 972 1505 epistolis
1013 1456 1226 1505 flagitauit
1264 1468 1289 1493 a
1329 1468 1394 1492 me
1433 1459 1656 1492 accuratas

86 1511 473 1549 commendationes
505 1511 558 1548 ad
594 1511 715 1548 aulae
756 1523 969 1560 proceres:
1012 1511 1260 1560 impetrauit
1293 1514 1336 1547 et
1367 1511 1453 1560 egit
1484 1510 1653 1559 gratias

86 1565 285 1603 Miserum
307 1570 371 1603 est
388 1579 412 1603 a
434 1565 591 1603 talibus
608 1566 782 1615 ingeniis
798 1565 992 1615 pendere.
1035 1564 1231 1615 Suspicor
1246 1570 1390 1603 tamen
1411 1563 1656 1614 Camingam

84 1632 167 1657 non
190 1619 373 1657 multum
395 1620 582 1658 conferre
603 1620 657 1658 ad
678 1620 882 1657 tuendam
905 1621 1150 1657 amiciciam.
1675 1637 1716 1668 40

142 1674 204 1711 De
226 1676 425 1724 pensione
449 1675 611 1712 Cesaris
636 1675 838 1712 admonui
860 1674 1077 1720 Questoris
1102 1674 1250 1720 filium,
1272 1678 1315 1712 et
1338 1678 1386 1711 vt
1415 1678 1462 1711 tu
1485 1687 1654 1723 quoque

87 1729 318 1766 admoneas
340 1743 452 1779 rogo,
471 1743 522 1766 ne
544 1731 610 1767 cni
632 1730 790 1767 scribat
808 1729 985 1767 verbum
1007 1729 1057 1767 de
1080 1730 1292 1779 pensione.
1334 1729 1466 1766 Video
1483 1741 1655 1778 prorsus

86 1783 205 1821 illum
228 1797 310 1821 non
334 1784 563 1834 intelligere
586 1788 784 1822 naturam
807 1784 930 1821 huius
952 1785 1133 1833 negotii:
1164 1797 1240 1821 nec
1263 1787 1386 1834 pater
1408 1783 1518 1820 illius
1540 1784 1652 1832 quie-

86 1851 215 1887 quam
249 1839 325 1876 liac
358 1840 398 1876 in
431 1852 472 1876 re
504 1843 668 1888 potest:
707 1843 878 1876 tantum
909 1839 1032 1876 abest
1063 1842 1112 1876 vt
1146 1839 1299 1876 Pratus
1335 1842 1412 1875 aut
1444 1838 1655 1875 Laurinus

86 1893 247 1942 aliquid
270 1895 418 1943 possit.
478 1893 620 1932 Nolim
644 1894 772 1943 igitur
792 1907 866 1944 per
894 1893 1013 1931 illum
1042 1893 1209 1931 traduci
1234 1893 1395 1930 frustra
1423 1894 1652 1942 negotium.
1673 1911 1714 1941 45

87 1947 190 1985 Mihi
212 1953 354 1986 tamen
377 1949 555 1986 affectus
578 1949 688 1986 illius
710 1962 795 1986 non
817 1953 882 1986 est
911 1950 1126 1997 ingratus2
1159 1948 1294 1986 officio
1323 1948 1454 1985 nolim
1484 1948 1547 1985 vti
1576 1947 1653 1985 hac

86 2002 302 2040 duntaxat
334 2004 375 2040 in
405 2016 471 2040 re:
504 2004 671 2041 etiamsi
699 2008 867 2054 repetat
896 2004 1094 2053 patriam,
1119 2002 1249 2040 nolim
1279 2002 1398 2040 illum
1426 2003 1654 2052 quicquam

86 2061 270 2094 tentare.

140 2111 416 2149 Brassicanus
444 2117 519 2150 aut
548 2114 741 2162 concepit
773 2117 909 2150 certas
942 2114 1036 2158 iras,
1066 2116 1143 2150 aut
1172 2112 1334 2162 pudore
1365 2112 1545 2149 obrutus
1575 2116 1652 2149 est.

86 2166 279 2204 Iactarat
304 2180 388 2204 non
420 2167 562 2204 deesse
593 2167 707 2216 quod
735 2167 1005 2217 colligeretur
1030 2172 1129 2215 post
1154 2167 1393 2212 Erasmum,
1420 2179 1551 2216 quum
1581 2168 1652 2204 tri-
1675 2185 1715 2214 50

85 2222 203 2270 ginta
231 2222 317 2259 fere
346 2222 577 2259 Pronerbia
606 2224 835 2272 sumpserit
862 2235 913 2260 ex
943 2223 1057 2260 meis.
1118 2222 1251 2259 Desiit
1281 2222 1335 2259 ad
1364 2235 1430 2259 me
1460 2222 1653 2267 scribere,

85 2276 199 2324 quod
235 2276 356 2313 facile
389 2276 489 2314 fero.
550 2276 663 2314 Nihil
701 2278 812 2314 enim
850 2277 961 2314 illius
996 2276 1187 2326 epistolis
1225 2277 1577 2321 stomachantius‚
1611 2280 1654 2313 et

85 2331 285 2368 conuiciis
313 2331 576 2369 admiscebat
605 2336 694 2369 tam
722 2331 879 2370 blanda
908 2336 956 2369 vt
982 2332 1209 2381 aliquoties
1237 2331 1509 2369 desiderarim
1537 2333 1578 2369 in
1606 2343 1654 2368 eo

85 2385 269 2423 sobriam
292 2390 491 2424 mentem.

696 2468 736 2497 25
764 2459 844 2489 LB:
871 2469 945 2499 quo
963 2458 1044 2489 MS.

130 2569 180 2598 28.
207 2569 396 2609 epistolas]
421 2568 497 2598 Tho
519 2568 605 2608 only
622 2568 731 2599 letter
755 2580 834 2599 sur—
946 2580 998 2609 44.
1026 2569 1173 2606 Pratus]
1192 2568 1302 2599 Louis
1319 2569 1356 2599 oi
1374 2568 1570 2604 Flanders3
1596 2578 1654 2599 see

86 2613 211 2652 viving
236 2614 265 2642 is
290 2613 358 2652 Ep.
387 2622 481 2651 2073.
513 2613 707 2652 publia-hed
738 2614 771 2643 in
800 2613 834 2643 H
903 2613 972 2653 Ep.
994 2622 1070 2650 11ql
1094 2612 1228 2643 introd.

85 2656 158 2686 and
176 2660 241 2686 not
256 2656 489 2696 republishcd
509 2657 543 2686 in
560 2656 744 2686 Erasnins’
759 2657 834 2687 life·
992 2657 1187 2694 Laurinus]
1215 2657 1282 2686 His
1310 2656 1433 2687 father
1461 2656 1532 2686 had
1563 2656 1652 2685 been

86 2701 185 2730 time.
227 2700 294 2739 Ep.
321 2703 414 2734 2201,
441 2704 480 2730 to
507 2700 694 2730 Hermann
721 2701 833 2740 Phry·
902 2701 1158 2731 Chamlwrlain
1192 2701 1265 2730 and
1293 2700 1490 2730 Troas-uror
1523 2705 1561 2729 to
1591 2700 1653 2729 tho

86 2744 172 2776 sius.
203 2744 236 2773 in
267 2744 382 2773 which
416 2744 642 2783 Cannnynga
676 2745 705 2774 is
736 2755 833 2774 nien-
904 2744 1100 2774 Arelidnke
1119 2744 1260 2784 l’hilip;
1287 2754 1345 2773 see
1364 2744 1432 2783 Ep.
1454 2753 1525 2773 201.
1545 2753 1601 2772 211.

85 2788 209 2817 tioned
247 2788 335 2817 with
371 2787 621 2827 eornplnnent,
654 2798 727 2818 was
758 2788 834 2818 also
946 2798 998 2828 40.
1025 2788 1277 2825 Brussimnus]
1297 2788 1364 2817 His
1384 2787 1653 2817 l'rozwrbe'orztm

85 2831 317 2871 suppressed.
366 2832 430 2861 See.
449 2831 544 2871 ΕΝ).
565 2841 661 2871 2073,
682 2835 760 2862 2201
783 2833 833 2862 in-
903 2832 1100 2871 Symmirta
1122 2842 1196 2861 was
1222 2831 1414 2871 publislwd
1440 2836 1472 2861 at
1501 2830 1653 2863 Vienna,

88 2875 208 2905 trodd.
904 2876 1027 2906 March
1060 2885 1159 2913 1529:
1193 2886 1252 2904 see
1278 2875 1372 2914 Epp.
1400 2880 1481 2913 1141»
1505 2873 1652 2907 introd.,

129 2928 181 2957 32.
207 2919 378 2958 epistola}
401 2919 465 2959 131».
483 2920 576 2956 2580.
905 2929 1000 2958 2305.
1050 2919 1105 2949 No
1134 2919 1262 2949 letters
1294 2919 1387 2948 from
1416 2919 1654 2948 Brassieunus

129 2971 180 3001 35.
202 2963 834 3003 1111010111111011011111111111)]11Ὑ31113.
904 2968 943 2994 to
960 2964 1136 2994 Erasinus
1154 2974 1214 2993 are
1233 2963 1376 2992 known.

127 3038 248 3069 452.1o
851 3030 877 3061 Q
