1966 3379
112 101 232 149 2817]
506 96 665 137 FROM
696 95 945 136 LEVINUS
975 95 1275 134 AMMONIUS
1592 98 1669 135 239

110 205 273 243 felicius
304 216 432 253 quam
464 203 530 240 vel
561 215 776 253 speraram
808 201 876 239 vel
906 202 1048 238 animo
1079 213 1388 250 praeceperam.
1449 200 1559 238 Nam
1591 202 1672 238 etsi

110 261 151 296 in
173 260 308 309 priore
329 258 401 295 illa
423 257 595 306 ἑταιρείᾳ
616 255 924 305 δυσχεράσματά
952 271 1037 292 τινα
1063 254 1303 304 συμβέβηκε,
1326 255 1500 292 ferenda
1527 261 1672 293 tamen

112 315 251 352 omnia
272 313 375 350 mihi
397 324 704 362 praeceperam,
723 316 766 348 et
786 310 837 347 de
859 310 937 347 loci
959 311 1198 347 mutatione
1220 309 1426 346 contabar
1443 310 1668 359 quicquam

111 369 307 417 cogitare,
339 368 508 417 partim,
540 366 654 415 quod
686 365 927 402 huiusmodi
960 364 1082 401 malis
1110 376 1379 401 assueueram
1410 363 1536 412 longo
1565 369 1668 402 tem-

111 435 211 472 pore
232 422 436 459 ferendis:
470 422 625 471 partim
648 425 764 457 metu
792 432 843 456 ne
872 419 972 456 alibi
1000 417 1323 467 δυσφορητότερα
1351 419 1668 465 contingerent:

111 489 261 526 nempe
283 477 315 513 si
337 477 379 513 in
399 477 588 513 animum
610 474 869 512 induxissem
892 474 932 510 id
950 473 1099 516 facere,
1117 472 1221 510 nihil
1238 473 1549 510 addubitabam
1569 475 1671 522 quin

111 531 164 569 ab
187 531 427 568 hominibus
449 534 597 567 exacte
619 529 839 577 multaque
861 529 1123 577 experientia
1145 528 1257 564 notis
1278 528 1594 576 perspectisque
1617 528 1671 565 ad

111 586 299 623 homines
319 586 487 634 ignotos
509 585 634 622 homo
655 584 743 633 ipse
761 583 1027 633 profecturus
1047 595 1198 619 essem:
1226 583 1381 631 partim
1398 582 1540 627 etiam,
1559 583 1672 631 quod

111 640 194 677 illic
222 644 364 677 essent
392 652 497 688 quos
524 640 603 676 nisi
631 651 727 676 cum
755 650 922 675 summa
950 637 1145 674 molestia
1174 649 1258 673 non
1285 649 1399 673 eram
1429 636 1672 674 deserturus

113 695 174 742 (οὐ
203 694 280 743 γάρ
312 694 386 731 εἰσι
416 693 561 734 πάντες
591 692 748 740 κακοί);
784 692 963 740 denique
996 692 1109 740 quod
1143 691 1420 740 intelligerem
1454 691 1556 728 mihi
1587 704 1673 729 non

111 750 282 786 omnino
304 749 413 786 male
435 752 600 786 vertere
622 747 742 784 malis
762 748 957 791 exerceri,
976 759 1060 795 quo
1082 746 1306 783 affectibus
1328 746 1416 794 (qui
1437 747 1671 783 etiamnum

111 804 213 841 mihi
244 804 463 853 negocium
495 803 715 847 exhibent)
748 801 991 851 subigendis
1019 801 1208 850 superior
1238 813 1326 837 esse
1361 800 1670 838 condiscerem:

110 862 154 896 et
178 858 299 896 velut
326 859 368 895 in
396 858 566 895 theatro
594 857 779 906 quodam
808 856 940 893 oculis
968 857 1158 893 omnium
1188 855 1424 904 linguisque
1451 856 1672 905 expositus

111 914 246 950 vitam
268 913 612 962 circumspectius
633 912 912 955 instituerem,
936 911 1068 948 sciens
1096 910 1184 948 fore
1214 915 1261 947 vt
1289 910 1394 947 nihil
1421 922 1517 954 non,
1541 922 1671 959 quan-

111 967 312 1005 tumlibet
352 966 592 1011 leuiculum,
626 971 847 1016 raperetur
886 965 941 1003 ad
981 965 1249 1009 calumniam,
1286 965 1319 1001 si
1355 964 1457 1014 quid
1493 977 1673 1014 vsquam

111 1024 273 1072 peccati
306 1021 681 1072 deprehenderent.
743 1021 895 1058 Mirum
929 1021 1038 1058 enim
1071 1020 1205 1057 videri
1237 1024 1392 1069 potest,
1425 1032 1510 1068 quo
1545 1024 1674 1069 pacto

113 1076 319 1117 nonnulli,
342 1089 472 1126 quum
496 1076 728 1114 rhetoricae
756 1079 981 1125 praecepta
1009 1087 1230 1124 nunquam
1259 1074 1497 1117 didicerint,
1523 1087 1674 1124 nempe

111 1133 184 1180 qui
219 1144 437 1180 nunquam
474 1131 573 1168 boni
605 1132 832 1180 quicquam
868 1130 1120 1175 didicerunt,
1155 1129 1221 1166 hic
1257 1142 1403 1167 omnes
1436 1129 1673 1179 colligendi,

111 1186 405 1236 exaggerandi,
424 1185 796 1235 amplificandique
817 1184 1022 1222 formulas
1043 1185 1310 1222 exactissime
1333 1185 1478 1221 norint
1494 1188 1537 1221 et
1555 1184 1675 1221 velut

111 1241 153 1278 in
169 1245 393 1278 numerato
411 1240 611 1285 habeant,
627 1245 675 1278 Vt
692 1240 975 1277 minutissima
992 1252 1185 1288 quaeque
1201 1239 1473 1276 vehementer
1489 1239 1675 1284 ingentia

109 1300 164 1341 et,
187 1300 236 1333 vt
257 1296 339 1333 dici
361 1295 480 1341 solet,
497 1308 519 1333 e
540 1308 684 1332 musca
704 1295 864 1332 faciant
885 1294 1173 1344 elephantum.
1225 1293 1449 1331 Caeterum
1471 1293 1676 1331 sodalitas

111 1350 213 1388 haec
235 1350 289 1388 ad
307 1363 436 1399 quam
453 1363 519 1387 me
540 1351 690 1400 recepi,
708 1349 879 1387 videtur
899 1362 988 1386 esse
1010 1362 1094 1386 non
1117 1349 1253 1386 solum
1276 1348 1510 1386 tolerabilis
1527 1361 1674 1386 verum

110 1406 239 1443 etiam
254 1405 352 1442 talis
367 1418 494 1454 quam
514 1406 665 1442 merito
679 1405 811 1454 possis
828 1417 971 1442 amare
986 1419 992 1448 ·,
1015 1405 1212 1441 nimirum
1229 1404 1344 1453 quod
1360 1403 1415 1441 ad
1430 1404 1676 1441 vrbaniores

111 1459 456 1497 Gandauensium
478 1472 614 1497 mores
635 1459 856 1503 accedunt,
876 1472 1057 1508 quorum
1079 1460 1201 1496 iuxta
1222 1459 1390 1496 moenia
1411 1471 1673 1496 commoran-

112 1519 204 1559 tur;
241 1519 284 1552 et
311 1527 336 1551 a
364 1515 454 1552 viro
482 1515 692 1564 prudente
719 1527 794 1551 nec
825 1514 1107 1551 humanarum
1139 1526 1279 1551 rerum
1310 1514 1507 1563 imperito
1539 1513 1676 1550 multa

111 1582 212 1607 cura
242 1573 285 1606 et
316 1569 598 1607 sollicitudine
629 1569 734 1606 bene
764 1573 807 1606 et
839 1569 1072 1606 liberaliter
1103 1569 1291 1606 instituti
1322 1573 1434 1613 sunt,
1463 1572 1507 1606 et
1538 1568 1676 1606 multo

111 1628 300 1674 tempore
322 1624 501 1661 feliciter
521 1624 575 1662 ad
596 1625 877 1662 monasticam
899 1625 1033 1661 vitam
1054 1623 1241 1661 formati.

168 1679 247 1716 Hic
269 1680 414 1728 itaque
435 1692 567 1728 quum
590 1680 772 1728 primum
795 1678 1067 1729 appulissem,
1083 1678 1282 1724 Quirinus
1303 1678 1490 1716 famulus
1511 1682 1612 1715 tuus
1634 1679 1676 1715 in

112 1733 308 1783 Angliam
342 1733 556 1783 profectus
588 1738 718 1783 atque
748 1734 844 1771 inde
874 1746 1067 1771 reuersus
1100 1734 1263 1771 inuenit
1295 1738 1338 1771 et
1373 1734 1574 1771 conuenit
1610 1745 1676 1770 me

112 1788 278 1826 circiter
299 1788 385 1826 diui
408 1789 579 1826 Martini
606 1789 791 1826 natalem
820 1789 904 1826 iam
932 1792 1025 1826 tum
1054 1789 1239 1826 maxime
1266 1793 1523 1838 occupatum
1552 1789 1674 1825 sarci-

112 1843 223 1881 nulis
241 1843 474 1893 libellisque
492 1856 597 1893 quos
614 1843 851 1881 extuleram
870 1856 1035 1881 mecum
1054 1843 1301 1893 digerendis.
1350 1843 1461 1880 Nam
1479 1844 1677 1894 migratio

112 1898 275 1935 reculas
306 1911 420 1935 meas
451 1898 641 1936 nonnihil
673 1899 882 1936 turbarat.
944 1897 1060 1944 Quae
1091 1911 1218 1936 causa
1249 1898 1333 1936 fuit
1366 1902 1414 1935 vt
1446 1902 1540 1936 tum
1573 1897 1676 1935 nihil

113 1953 292 1990 scribere
314 1966 491 2003 possem.
543 1952 766 1991 Caeterum
789 1966 919 2002 quum
943 1958 1111 2003 praeter
1133 1966 1301 1991 omnem
1323 1966 1457 2003 nuper
1478 1958 1675 2003 expecta-

113 2008 272 2045 tionem
294 2021 438 2045 rursus
460 2009 501 2045 in
524 2008 719 2057 Angliam
742 2008 1010 2058 profecturus
1032 2021 1099 2045 me
1120 2009 1387 2046 conuenisset
1412 2009 1582 2057 tuisque
1610 2020 1677 2045 me

114 2062 252 2099 verbis
279 2062 507 2100 salutasset
538 2066 643 2109 (erat
671 2068 815 2101 autem
842 2075 891 2100 eo
919 2063 984 2100 die
1012 2076 1176 2100 mecum
1206 2063 1448 2101 Ioachimus
1476 2062 1676 2107 medicus,

113 2129 238 2166 quem
260 2130 344 2154 non
366 2118 427 2154 ita
442 2118 610 2179 pridem
637 2118 752 2155 domi
780 2123 879 2155 tuae
908 2117 1091 2166 videras)
1119 2131 1203 2155 non
1231 2119 1382 2168 putaui
1410 2119 1676 2155 committen-

113 2171 213 2209 dum
236 2176 285 2209 xt
306 2185 516 2221 regressus
539 2174 628 2210 sine
650 2174 752 2210 meis
774 2173 927 2210 iterum
950 2173 1081 2210 literis
1102 2173 1157 2210 ad
1180 2173 1327 2210 herum
1350 2186 1473 2210 suum
1496 2167 1676 2210 reu‘erte-

112 2230 240 2264 retur.
300 2227 453 2276 Itaque
480 2229 624 2278 rogaui
654 2227 865 2265 hominem
894 2232 943 2265 xt
970 2228 1107 2265 obiter
1128 2240 1194 2265 me
1216 2229 1369 2265 viseret
1394 2227 1538 2265 literas
1563 2240 1676 2264 acce-

114 2285 278 2330 pturus,
302 2285 377 2319 aut
403 2283 437 2319 si
465 2295 538 2331 per
529 2260 746 2332 Daliquam
769 2295 854 2320 non
876 2287 1017 2332 posset
1039 2284 1316 2327 occasionem,
1339 2287 1505 2332 peteret
1526 2295 1596 2320 eas
1624 2282 1678 2319 ab

115 2335 367 2374 Vtenhouio.
427 2337 581 2375 Affeeit
608 2351 673 2375 me
702 2337 871 2387 quidem
904 2350 1090 2375 moerore
1118 2337 1328 2383 Quirinus,
1352 2350 1483 2387 quum
1512 2338 1679 2386 roganti

115 2390 250 2428 ‘Satis
278 2396 390 2429 recte
416 2392 532 2429 valet
559 2396 702 2430 noster
730 2393 984 2430 Erasmus‘3'
1008 2393 1229 2442 respondit
1260 2397 1354 2430 toto
1386 2405 1491 2442 pene
1523 2392 1679 2429 Martio

114 2458 256 2483 mense
277 2451 536 2495 aegrotasse:
565 2447 637 2485 sed
659 2447 767 2485 idem
792 2460 936 2485 rursus
958 2447 1152 2497 frigidam
1176 2447 1367 2493 suffudit,
1385 2447 1498 2497 quod
1522 2447 1679 2484 diceret

115 2501 218 2538 satis
248 2502 467 2539 commode
498 2506 693 2551 agentem
726 2502 953 2552 reliquisse.
1014 2502 1209 2552 Optariin
1242 2503 1318 2540 tibi
1354 2506 1603 2552 perpetuam
1636 2502 1679 2538 in

115 2556 197 2592 ista
224 2560 367 2593 aetate
395 2558 657 2606 sospitatem,
680 2569 788 2606 quae
816 2562 961 2595 tamen
989 2562 1108 2595 aetas
1136 2559 1226 2607 ipsa
1255 2557 1547 2595 molestiarum
1576 2557 1679 2593 satis

1095 2657 1227 2687 should
1256 2658 1300 2687 be
1329 2656 1509 2687 amended
1534 2655 1678 2686 accord-

932 2701 1042 2741 ingly.
1091 2700 1276 2738 Quirinus’
1297 2701 1451 2740 journey
1473 2702 1619 2730 ‘rursus
1644 2700 1678 2729 111

933 2745 1121 2785 Angliam'
1152 2746 1268 2784 began
1297 2756 1326 2774 c.
1356 2745 1416 2774 fin.
1451 2743 1553 2783 April
1587 2753 1679 2781 ¹533-

933 2789 967 2820 It
985 2799 1144 2829 appears
1167 2790 1247 2819 that
1274 2789 1489 2818 Ammonius
1512 2798 1583 2817 saw
1605 2787 1680 2816 him

931 2844 978 2863 on
1003 2833 1067 2864 the
1091 2833 1223 2863 second
1249 2833 1415 2863 0‹(asio11
1440 2842 1486 2861 011
1512 2832 1574 2861 1111·
1599 2836 1678 2861 out-

162 2665 233 2695 172.
259 2667 446 2688 emusea.
468 2682 473 2687 .
932 2657 1067 2688 introd.

116 2701 227 2739 Αᾱαςι.
248 2701 321 2735 860

164 2753 234 2783 170.
261 2744 448 2783 Quirinus]
468 2746 523 2776 On
543 2745 597 2775 his
615 2745 719 2776 first
709 2755 864 2785 Journey

115 2792 155 2818 to
195 2788 384 2827 Englund;
422 2790 484 2819 the
524 2794 671 2829 present
712 2799 864 2829 passage

116 2831 242 2862 makes
267 2833 295 2862 it
319 2832 414 2863 clear
439 2833 522 2863 that
551 2833 595 2862 110
623 2843 696 2863 was
728 2843 774 2863 011
808 2833 864 2863 his

496 2657 775 2697 .elephantu1n]
799 2657 864 2688 See

116 2886 196 2915 way
210 2876 303 2906 back
321 2880 360 2906 to
372 2876 585 2914 Freiburge.
606 2886 636 2907 11
658 2877 749 2907 Nov.
769 2886 860 2916 1532.

116 2919 192 2949 The
232 2919 318 2949 dnte
356 2921 393 2950 of
433 2921 591 2950 Lex-inus
634 2921 862 2951 Ammonius'

117 2973 223 2994 move
241 2967 279 2994 to
297 2964 500 3004 Val-Royal
517 2965 624 3005 given
642 2965 677 2995 in
695 2965 763 3005 Ep.
781 2967 862 3005 1463

931 2877 1054 2907 ward
1045 2887 1182 2916 ]0111·11(
1178 2888 1199 2909 x
1217 2877 1313 2915 only.

979 2922 1050 2951 180
1079 2921 1300 2957 Iomhimusl
1336 2920 1404 2949 For
1436 2919 1491 2949 his
1523 2919 1606 2948 xisit
1642 2922 1681 2948 10

934 2965 1107 2996 Erasmus
1124 2974 1182 2995 se(
1200 2965 1268 3004 Ep.
1289 2973 1383 3003 2703.
1404 2973 1459 3003 711.

1694 382 1753 412 155

1695 648 1755 676 160

1697 1201 1757 1232 170

1698 1476 1757 1506 Ι75

1699 1743 1760 1772 180

1699 2017 1758 2055 185

1701 2300 1761 2327 190

1703 2574 1761 2603 195
