<?xml version="1.0" encoding="UTF-8"?>
<!DOCTYPE html PUBLIC "-//W3C//DTD XHTML 1.0 Transitional//EN"
    "http://www.w3.org/TR/xhtml1/DTD/xhtml1-transitional.dtd">
<html xmlns="http://www.w3.org/1999/xhtml" xml:lang="en" lang="en">
 <head>
  <title>
</title>
<meta http-equiv="Content-Type" content="text/html;charset=utf-8" />
  <meta name='ocr-system' content='tesseract 3.04.00' />
  <meta name='ocr-capabilities' content='ocr_page ocr_carea ocr_par ocr_line ocrx_word'/>
</head>
<body>
  <div class='ocr_page' id='page_1' title='image "./opusepistolarum10eras_0139.png"; bbox 0 0 1966 3379; ppageno 0'>
   <div class='ocr_carea' id='block_1_1' title="bbox 131 128 1694 174">
    <p class='ocr_par' dir='ltr' id='par_1_1' title="bbox 131 128 1694 174">
     <span class='ocr_line' id='line_1_1' title="bbox 131 128 1694 174; baseline 0.003 -11"><span class='ocrx_word' id='word_1_1' title='bbox 131 128 250 174; x_wconf 86' lang='lat'>2720]</span> <span class='ocrx_word' id='word_1_2' title='bbox 1619 131 1694 168; x_wconf 88' lang='lat'>105</span> 
     </span>
    </p>
   </div>
   <div class='ocr_carea' id='block_1_2' title="bbox 459 233 1358 276">
    <p class='ocr_par' dir='ltr' id='par_1_2' title="bbox 459 233 1358 276">
     <span class='ocr_line' id='line_1_2' title="bbox 459 233 1358 276; baseline 0.002 -3"><span class='ocrx_word' id='word_1_3' title='bbox 459 233 666 273; x_wconf 80' lang='lat' dir='ltr'>2⁷1⁹272O.</span> <span class='ocrx_word' id='word_1_4' title='bbox 730 233 797 274; x_wconf 91' lang='lat' dir='ltr'>To</span> <span class='ocrx_word' id='word_1_5' title='bbox 820 233 982 274; x_wconf 79' lang='lat' dir='ltr'>PETER</span> <span class='ocrx_word' id='word_1_6' title='bbox 1005 233 1358 276; x_wconf 80' lang='lat' dir='ltr'>CASTELLANUS.</span> 
     </span>
    </p>
   </div>
   <div class='ocr_carea' id='block_1_3' title="bbox 176 323 1643 466">
    <p class='ocr_par' dir='ltr' id='par_1_3' title="bbox 176 323 1643 466">
     <span class='ocr_line' id='line_1_3' title="bbox 176 323 1513 369; baseline 0.001 -12"><span class='ocrx_word' id='word_1_7' title='bbox 176 325 236 357; x_wconf 90' lang='lat' dir='ltr'>De</span> <span class='ocrx_word' id='word_1_8' title='bbox 255 323 570 367; x_wconf 87' lang='lat' dir='ltr'>Praeparatione</span> <span class='ocrx_word' id='word_1_9' title='bbox 589 334 627 367; x_wconf 89' lang='lat' dir='ltr'>p.</span> <span class='ocrx_word' id='word_1_10' title='bbox 652 325 731 356; x_wconf 79' lang='lat'>126.</span> <span class='ocrx_word' id='word_1_11' title='bbox 1306 325 1513 369; x_wconf 77' lang='lat' dir='ltr'>Freiburg.</span> 
     </span>
     <span class='ocr_line' id='line_1_4' title="bbox 176 372 1643 418; baseline 0.003 -13"><span class='ocrx_word' id='word_1_12' title='bbox 176 373 226 406; x_wconf 93' lang='lat' dir='ltr'>N.</span> <span class='ocrx_word' id='word_1_13' title='bbox 247 384 286 417; x_wconf 92' lang='lat' dir='ltr'>p.</span> <span class='ocrx_word' id='word_1_14' title='bbox 310 374 424 406; x_wconf 84' lang='lat'>1080:</span> <span class='ocrx_word' id='word_1_15' title='bbox 453 372 579 405; x_wconf 88' lang='lat' dir='ltr'>Lond.</span> <span class='ocrx_word' id='word_1_16' title='bbox 600 372 724 405; x_wconf 85' lang='lat' dir='ltr'>xxvii.</span> <span class='ocrx_word' id='word_1_17' title='bbox 749 383 814 415; x_wconf 83' lang='lat'>13:</span> <span class='ocrx_word' id='word_1_18' title='bbox 1170 384 1215 418; x_wconf 84' lang='lat'>24</span> <span class='ocrx_word' id='word_1_19' title='bbox 1237 373 1475 418; x_wconf 76' lang='lat' dir='ltr'>September</span> <span class='ocrx_word' id='word_1_20' title='bbox 1493 380 1643 418; x_wconf 76' lang='lat'>&lt;1532&gt;.</span> 
     </span>
     <span class='ocr_line' id='line_1_5' title="bbox 226 422 537 466; baseline -0.003 -11"><span class='ocrx_word' id='word_1_21' title='bbox 226 422 307 455; x_wconf 89' lang='lat' dir='ltr'>LB.</span> <span class='ocrx_word' id='word_1_22' title='bbox 328 422 433 466; x_wconf 89' lang='lat' dir='ltr'>App.</span> <span class='ocrx_word' id='word_1_23' title='bbox 455 422 537 464; x_wconf 79' lang='lat'>368.</span> 
     </span>
    </p>
   </div>
   <div class='ocr_carea' id='block_1_4' title="bbox 126 488 1694 660">
    <p class='ocr_par' dir='ltr' id='par_1_4' title="bbox 126 488 1694 660">
     <span class='ocr_line' id='line_1_6' title="bbox 171 488 1692 528; baseline 0.002 -10"><span class='ocrx_word' id='word_1_24' title='bbox 171 489 217 526; x_wconf 90' lang='lat' dir='ltr'>[A</span> <span class='ocrx_word' id='word_1_25' title='bbox 242 488 433 528; x_wconf 84' lang='lat' dir='ltr'>year-date</span> <span class='ocrx_word' id='word_1_26' title='bbox 459 498 526 518; x_wconf 87' lang='lat' dir='ltr'>can</span> <span class='ocrx_word' id='word_1_27' title='bbox 552 488 597 518; x_wconf 89' lang='lat' dir='ltr'>be</span> <span class='ocrx_word' id='word_1_28' title='bbox 622 488 803 528; x_wconf 82' lang='lat' dir='ltr'>assigned.</span> <span class='ocrx_word' id='word_1_29' title='bbox 831 489 920 519; x_wconf 87' lang='lat' dir='ltr'>both</span> <span class='ocrx_word' id='word_1_30' title='bbox 948 488 1041 519; x_wconf 85' lang='lat' dir='ltr'>from</span> <span class='ocrx_word' id='word_1_31' title='bbox 1068 489 1131 520; x_wconf 88' lang='lat' dir='ltr'>the</span> <span class='ocrx_word' id='word_1_32' title='bbox 1156 489 1266 520; x_wconf 82' lang='lat' dir='ltr'>letter</span> <span class='ocrx_word' id='word_1_33' title='bbox 1291 494 1330 520; x_wconf 87' lang='lat' dir='ltr'>to</span> <span class='ocrx_word' id='word_1_34' title='bbox 1351 490 1469 520; x_wconf 84' lang='lat' dir='ltr'>which</span> <span class='ocrx_word' id='word_1_35' title='bbox 1495 491 1569 521; x_wconf 88' lang='lat' dir='ltr'>this</span> <span class='ocrx_word' id='word_1_36' title='bbox 1594 491 1623 521; x_wconf 88' lang='lat' dir='ltr'>is</span> <span class='ocrx_word' id='word_1_37' title='bbox 1647 501 1692 521; x_wconf 87' lang='lat' dir='ltr'>an</span> 
     </span>
     <span class='ocr_line' id='line_1_7' title="bbox 127 532 1694 574; baseline 0.002 -12"><span class='ocrx_word' id='word_1_38' title='bbox 127 542 267 563; x_wconf 84' lang='lat' dir='ltr'>answer</span> <span class='ocrx_word' id='word_1_39' title='bbox 282 532 356 562; x_wconf 84' lang='lat' dir='ltr'>and</span> <span class='ocrx_word' id='word_1_40' title='bbox 373 532 467 562; x_wconf 78' lang='lat' dir='ltr'>from</span> <span class='ocrx_word' id='word_1_41' title='bbox 485 532 548 562; x_wconf 88' lang='lat' dir='ltr'>the</span> <span class='ocrx_word' id='word_1_42' title='bbox 565 536 737 562; x_wconf 88' lang='lat' dir='ltr'>contents</span> <span class='ocrx_word' id='word_1_43' title='bbox 754 532 792 562; x_wconf 74' lang='lat' dir='ltr'>of</span> <span class='ocrx_word' id='word_1_44' title='bbox 812 532 886 562; x_wconf 87' lang='lat' dir='ltr'>this</span> <span class='ocrx_word' id='word_1_45' title='bbox 909 533 1028 563; x_wconf 71' lang='lat' dir='ltr'>letter.</span> <span class='ocrx_word' id='word_1_46' title='bbox 1078 533 1253 563; x_wconf 83' lang='lat' dir='ltr'>Erasinus</span> <span class='ocrx_word' id='word_1_47' title='bbox 1271 533 1343 564; x_wconf 84' lang='lat' dir='ltr'>had</span> <span class='ocrx_word' id='word_1_48' title='bbox 1359 534 1436 574; x_wconf 90' lang='lat' dir='ltr'>just</span> <span class='ocrx_word' id='word_1_49' title='bbox 1452 534 1608 565; x_wconf 84' lang='lat' dir='ltr'>finished</span> <span class='ocrx_word' id='word_1_50' title='bbox 1631 535 1694 565; x_wconf 87' lang='lat' dir='ltr'>the</span> 
     </span>
     <span class='ocr_line' id='line_1_8' title="bbox 126 575 1693 618; baseline 0.002 -12"><span class='ocrx_word' id='word_1_51' title='bbox 126 575 258 606; x_wconf 89' lang='lat' dir='ltr'>second</span> <span class='ocrx_word' id='word_1_52' title='bbox 275 576 413 606; x_wconf 90' lang='lat' dir='ltr'>edition</span> <span class='ocrx_word' id='word_1_53' title='bbox 432 575 469 606; x_wconf 79' lang='lat' dir='ltr'>of</span> <span class='ocrx_word' id='word_1_54' title='bbox 486 576 549 606; x_wconf 89' lang='lat' dir='ltr'>the</span> <span class='ocrx_word' id='word_1_55' title='bbox 567 576 875 615; x_wconf 72' lang='lat' dir='ltr'>Apopktheymata</span> <span class='ocrx_word' id='word_1_56' title='bbox 891 578 1006 615; x_wconf 83' lang='lat'>(1532)</span> <span class='ocrx_word' id='word_1_57' title='bbox 1024 576 1097 606; x_wconf 85' lang='lat' dir='ltr'>and</span> <span class='ocrx_word' id='word_1_58' title='bbox 1115 587 1188 607; x_wconf 82' lang='lat' dir='ltr'>was</span> <span class='ocrx_word' id='word_1_59' title='bbox 1206 578 1404 618; x_wconf 87' lang='lat' dir='ltr'>preparing</span> <span class='ocrx_word' id='word_1_60' title='bbox 1420 588 1441 608; x_wconf 83' lang='lat' dir='ltr'>a</span> <span class='ocrx_word' id='word_1_61' title='bbox 1458 588 1537 608; x_wconf 88' lang='lat' dir='ltr'>new</span> <span class='ocrx_word' id='word_1_62' title='bbox 1555 578 1693 609; x_wconf 86' lang='lat' dir='ltr'>edition</span> 
     </span>
     <span class='ocr_line' id='line_1_9' title="bbox 126 619 1080 660; baseline -0.001 -10"><span class='ocrx_word' id='word_1_63' title='bbox 126 620 163 650; x_wconf 82' lang='lat' dir='ltr'>of</span> <span class='ocrx_word' id='word_1_64' title='bbox 180 620 243 650; x_wconf 87' lang='lat' dir='ltr'>the</span> <span class='ocrx_word' id='word_1_65' title='bbox 261 619 415 659; x_wconf 71' lang='lat' dir='ltr'>Adaqia,</span> <span class='ocrx_word' id='word_1_66' title='bbox 433 619 551 650; x_wconf 85' lang='lat' dir='ltr'><strong>which</strong></span> <span class='ocrx_word' id='word_1_67' title='bbox 567 619 753 660; x_wconf 82' lang='lat' dir='ltr'>appeared</span> <span class='ocrx_word' id='word_1_68' title='bbox 770 620 806 649; x_wconf 90' lang='lat' dir='ltr'>in</span> <span class='ocrx_word' id='word_1_69' title='bbox 823 619 949 650; x_wconf 84' lang='lat' dir='ltr'>March</span> <span class='ocrx_word' id='word_1_70' title='bbox 969 621 1080 659; x_wconf 85' lang='lat'>1533.]</span> 
     </span>
    </p>
   </div>
   <div class='ocr_carea' id='block_1_5' title="bbox 291 705 1527 789">
    <p class='ocr_par' dir='ltr' id='par_1_5' title="bbox 291 705 1527 789">
     <span class='ocr_line' id='line_1_10' title="bbox 291 705 1527 736; baseline 0.002 -4"><span class='ocrx_word' id='word_1_71' title='bbox 291 705 570 733; x_wconf 83' lang='lat' dir='ltr'><strong>GENEROSISS.</strong></span> <span class='ocrx_word' id='word_1_72' title='bbox 594 706 896 733; x_wconf 86' lang='lat' dir='ltr'>ADOLESCENTI</span> <span class='ocrx_word' id='word_1_73' title='bbox 919 706 958 733; x_wconf 87' lang='lat' dir='ltr'>D.</span> <span class='ocrx_word' id='word_1_74' title='bbox 982 706 1123 734; x_wconf 81' lang='lat' dir='ltr'>PETRO</span> <span class='ocrx_word' id='word_1_75' title='bbox 1146 708 1171 734; x_wconf 90' lang='lat' dir='ltr'><strong>A</strong></span> <span class='ocrx_word' id='word_1_76' title='bbox 1194 707 1410 735; x_wconf 82' lang='lat' dir='ltr'><strong>CASTELLO</strong></span> <span class='ocrx_word' id='word_1_77' title='bbox 1433 708 1527 736; x_wconf 89' lang='lat' dir='ltr'>DES.</span> 
     </span>
     <span class='ocr_line' id='line_1_11' title="bbox 719 760 1091 789; baseline 0.003 -2"><span class='ocrx_word' id='word_1_78' title='bbox 719 760 918 788; x_wconf 80' lang='lat' dir='ltr'><strong>ERASMVS</strong></span> <span class='ocrx_word' id='word_1_79' title='bbox 940 761 1035 789; x_wconf 84' lang='lat' dir='ltr'>ROT.</span> <span class='ocrx_word' id='word_1_80' title='bbox 1059 762 1091 788; x_wconf 89' lang='lat' dir='ltr'>S.</span> 
     </span>
    </p>
   </div>
   <div class='ocr_carea' id='block_1_6' title="bbox 123 821 1754 2842">
    <p class='ocr_par' dir='ltr' id='par_1_6' title="bbox 124 821 1732 1308">
     <span class='ocr_line' id='line_1_12' title="bbox 181 821 1693 871; baseline 0.003 -13"><span class='ocrx_word' id='word_1_81' title='bbox 181 821 306 867; x_wconf 78' lang='lat' dir='ltr'>QVOD</span> <span class='ocrx_word' id='word_1_82' title='bbox 338 833 422 859; x_wconf 89' lang='lat' dir='ltr'>non</span> <span class='ocrx_word' id='word_1_83' title='bbox 455 821 602 858; x_wconf 86' lang='lat' dir='ltr'>statim</span> <span class='ocrx_word' id='word_1_84' title='bbox 638 834 716 871; x_wconf 87' lang='lat' dir='ltr'>pro</span> <span class='ocrx_word' id='word_1_85' title='bbox 750 822 836 858; x_wconf 89' lang='lat' dir='ltr'>tuis</span> <span class='ocrx_word' id='word_1_86' title='bbox 872 821 1132 868; x_wconf 80' lang='lat' dir='ltr'>lautissimis,</span> <span class='ocrx_word' id='word_1_87' title='bbox 1171 822 1228 859; x_wconf 92' lang='lat' dir='ltr'>mi</span> <span class='ocrx_word' id='word_1_88' title='bbox 1270 823 1405 867; x_wconf 87' lang='lat' dir='ltr'>Petre,</span> <span class='ocrx_word' id='word_1_89' title='bbox 1440 825 1587 869; x_wconf 80' lang='lat' dir='ltr'>xeniis,</span> <span class='ocrx_word' id='word_1_90' title='bbox 1621 825 1693 862; x_wconf 89' lang='lat' dir='ltr'>sed</span> 
     </span>
     <span class='ocr_line' id='line_1_13' title="bbox 126 875 1692 928; baseline 0.003 -15"><span class='ocrx_word' id='word_1_91' title='bbox 126 875 381 914; x_wconf 74' lang='lat' dir='ltr'>lautioribus</span> <span class='ocrx_word' id='word_1_92' title='bbox 411 875 544 912; x_wconf 89' lang='lat' dir='ltr'>literis</span> <span class='ocrx_word' id='word_1_93' title='bbox 574 877 734 925; x_wconf 87' lang='lat' dir='ltr'>gratias</span> <span class='ocrx_word' id='word_1_94' title='bbox 761 876 837 925; x_wconf 92' lang='lat' dir='ltr'>egi,</span> <span class='ocrx_word' id='word_1_95' title='bbox 870 877 904 913; x_wconf 88' lang='lat' dir='ltr'>si</span> <span class='ocrx_word' id='word_1_96' title='bbox 935 876 1044 914; x_wconf 85' lang='lat' dir='ltr'>forte</span> <span class='ocrx_word' id='word_1_97' title='bbox 1074 878 1252 923; x_wconf 84' lang='lat' dir='ltr'>miraris,</span> <span class='ocrx_word' id='word_1_98' title='bbox 1277 882 1370 915; x_wconf 90' lang='lat' dir='ltr'>tum</span> <span class='ocrx_word' id='word_1_99' title='bbox 1399 880 1602 928; x_wconf 87' lang='lat' dir='ltr'>temporis</span> <span class='ocrx_word' id='word_1_100' title='bbox 1627 892 1692 928; x_wconf 87' lang='lat' dir='ltr'>ge-</span> 
     </span>
     <span class='ocr_line' id='line_1_14' title="bbox 126 930 1694 982; baseline 0.003 -15"><span class='ocrx_word' id='word_1_101' title='bbox 126 931 240 968; x_wconf 92' lang='lat' dir='ltr'>mino</span> <span class='ocrx_word' id='word_1_102' title='bbox 255 930 467 980; x_wconf 84' lang='lat' dir='ltr'>grauabar</span> <span class='ocrx_word' id='word_1_103' title='bbox 483 930 763 968; x_wconf 88' lang='lat' dir='ltr'>incommodo.</span> <span class='ocrx_word' id='word_1_104' title='bbox 814 930 923 968; x_wconf 87' lang='lat' dir='ltr'>Nam</span> <span class='ocrx_word' id='word_1_105' title='bbox 942 931 996 968; x_wconf 89' lang='lat' dir='ltr'>ad</span> <span class='ocrx_word' id='word_1_106' title='bbox 1014 933 1217 981; x_wconf 74' lang='lat' dir='ltr'>pituitam</span> <span class='ocrx_word' id='word_1_107' title='bbox 1232 944 1340 981; x_wconf 85' lang='lat' dir='ltr'>quae</span> <span class='ocrx_word' id='word_1_108' title='bbox 1358 946 1423 970; x_wconf 89' lang='lat' dir='ltr'>me</span> <span class='ocrx_word' id='word_1_109' title='bbox 1442 933 1694 982; x_wconf 84' lang='lat' dir='ltr'>permoleste</span> 
     </span>
     <span class='ocr_line' id='line_1_15' title="bbox 125 985 1692 1038; baseline 0.002 -16"><span class='ocrx_word' id='word_1_110' title='bbox 125 985 424 1030; x_wconf 87' lang='lat' dir='ltr'>discruciabat,</span> <span class='ocrx_word' id='word_1_111' title='bbox 440 986 619 1022; x_wconf 87' lang='lat' dir='ltr'>accessit</span> <span class='ocrx_word' id='word_1_112' title='bbox 635 998 747 1022; x_wconf 89' lang='lat' dir='ltr'>noua</span> <span class='ocrx_word' id='word_1_113' title='bbox 765 985 960 1023; x_wconf 89' lang='lat' dir='ltr'>laborum</span> <span class='ocrx_word' id='word_1_114' title='bbox 979 987 1157 1031; x_wconf 87' lang='lat' dir='ltr'>sarcina,</span> <span class='ocrx_word' id='word_1_115' title='bbox 1176 999 1284 1035; x_wconf 87' lang='lat' dir='ltr'>quae</span> <span class='ocrx_word' id='word_1_116' title='bbox 1302 987 1369 1024; x_wconf 90' lang='lat' dir='ltr'>vel</span> <span class='ocrx_word' id='word_1_117' title='bbox 1387 988 1476 1025; x_wconf 89' lang='lat' dir='ltr'>sola</span> <span class='ocrx_word' id='word_1_118' title='bbox 1493 993 1692 1038; x_wconf 78' lang='lat' dir='ltr'>vegetum</span> 
     </span>
     <span class='ocr_line' id='line_1_16' title="bbox 125 1040 1732 1092; baseline 0.002 -16"><span class='ocrx_word' id='word_1_119' title='bbox 125 1044 168 1077; x_wconf 89' lang='lat' dir='ltr'>et</span> <span class='ocrx_word' id='word_1_120' title='bbox 203 1041 414 1088; x_wconf 87' lang='lat' dir='ltr'>integrum</span> <span class='ocrx_word' id='word_1_121' title='bbox 450 1040 683 1089; x_wconf 87' lang='lat' dir='ltr'>requireret</span> <span class='ocrx_word' id='word_1_122' title='bbox 717 1041 944 1089; x_wconf 80' lang='lat' dir='ltr'>ingenium.</span> <span class='ocrx_word' id='word_1_123' title='bbox 1005 1041 1116 1078; x_wconf 85' lang='lat' dir='ltr'>Nam</span> <span class='ocrx_word' id='word_1_124' title='bbox 1152 1041 1411 1090; x_wconf 83' lang='lat' dir='ltr'>Adagiorum</span> <span class='ocrx_word' id='word_1_125' title='bbox 1449 1055 1554 1092; x_wconf 90' lang='lat' dir='ltr'>opus</span> <span class='ocrx_word' id='word_1_126' title='bbox 1590 1043 1732 1084; x_wconf 86' lang='lat' dir='ltr'>mihi5</span> 
     </span>
     <span class='ocr_line' id='line_1_17' title="bbox 126 1092 1692 1148; baseline 0.003 -17"><span class='ocrx_word' id='word_1_127' title='bbox 126 1093 235 1134; x_wconf 74' lang='grc' dir='ltr'>αὖθις</span> <span class='ocrx_word' id='word_1_128' title='bbox 262 1092 311 1131; x_wconf 79' lang='grc' dir='ltr'>αὖ</span> <span class='ocrx_word' id='word_1_129' title='bbox 338 1094 665 1143; x_wconf 90' lang='lat' dir='ltr'>parturiendum</span> <span class='ocrx_word' id='word_1_130' title='bbox 690 1099 795 1132; x_wconf 86' lang='lat' dir='ltr'>erat.</span> <span class='ocrx_word' id='word_1_131' title='bbox 856 1094 936 1140; x_wconf 78' lang='lat' dir='ltr'>Qui</span> <span class='ocrx_word' id='word_1_132' title='bbox 965 1096 1137 1145; x_wconf 89' lang='lat' dir='ltr'>quidem</span> <span class='ocrx_word' id='word_1_133' title='bbox 1165 1095 1286 1134; x_wconf 88' lang='lat' dir='ltr'>labor</span> <span class='ocrx_word' id='word_1_134' title='bbox 1311 1109 1377 1134; x_wconf 90' lang='lat' dir='ltr'>me</span> <span class='ocrx_word' id='word_1_135' title='bbox 1406 1098 1490 1134; x_wconf 88' lang='lat' dir='ltr'>iam</span> <span class='ocrx_word' id='word_1_136' title='bbox 1520 1097 1692 1148; x_wconf 83' lang='lat' dir='ltr'>Apoph-</span> 
     </span>
     <span class='ocr_line' id='line_1_18' title="bbox 125 1149 1693 1200; baseline 0.003 -14"><span class='ocrx_word' id='word_1_137' title='bbox 125 1149 393 1198; x_wconf 85' lang='lat' dir='ltr'>thegmatum</span> <span class='ocrx_word' id='word_1_138' title='bbox 429 1149 658 1198; x_wconf 86' lang='lat' dir='ltr'>rhapsodia</span> <span class='ocrx_word' id='word_1_139' title='bbox 697 1149 959 1187; x_wconf 86' lang='lat' dir='ltr'>delassatum</span> <span class='ocrx_word' id='word_1_140' title='bbox 999 1151 1178 1200; x_wconf 80' lang='lat' dir='ltr'>excepit.</span> <span class='ocrx_word' id='word_1_141' title='bbox 1239 1150 1305 1188; x_wconf 77' lang='lat' dir='ltr'>Sic</span> <span class='ocrx_word' id='word_1_142' title='bbox 1346 1151 1474 1189; x_wconf 88' lang='lat' dir='ltr'>datur</span> <span class='ocrx_word' id='word_1_143' title='bbox 1514 1152 1693 1190; x_wconf 89' lang='lat' dir='ltr'>Erasmo</span> 
     </span>
     <span class='ocr_line' id='line_1_19' title="bbox 125 1198 1694 1256; baseline 0.003 -16"><span class='ocrx_word' id='word_1_144' title='bbox 125 1205 342 1253; x_wconf 88' lang='lat' dir='ltr'>respirare.</span> <span class='ocrx_word' id='word_1_145' title='bbox 403 1203 519 1241; x_wconf 90' lang='lat' dir='ltr'>Haec</span> <span class='ocrx_word' id='word_1_146' title='bbox 540 1198 685 1253; x_wconf 85' lang='lat' dir='ltr'>itaque</span> <span class='ocrx_word' id='word_1_147' title='bbox 707 1204 810 1241; x_wconf 90' lang='lat' dir='ltr'>mihi</span> <span class='ocrx_word' id='word_1_148' title='bbox 831 1204 1078 1243; x_wconf 83' lang='lat' dir='ltr'>deuoranda</span> <span class='ocrx_word' id='word_1_149' title='bbox 1100 1209 1214 1251; x_wconf 79' lang='lat' dir='ltr'>sunt,</span> <span class='ocrx_word' id='word_1_150' title='bbox 1236 1210 1521 1256; x_wconf 80' lang='lat' dir='ltr'>posteaquam</span> <span class='ocrx_word' id='word_1_151' title='bbox 1536 1212 1694 1245; x_wconf 85' lang='lat' dir='ltr'>memet</span> 
     </span>
     <span class='ocr_line' id='line_1_20' title="bbox 124 1258 915 1308; baseline 0.005 -13"><span class='ocrx_word' id='word_1_152' title='bbox 124 1258 220 1295; x_wconf 87' lang='lat' dir='ltr'>huic</span> <span class='ocrx_word' id='word_1_153' title='bbox 241 1259 415 1308; x_wconf 80' lang='lat' dir='ltr'>ascripsi</span> <span class='ocrx_word' id='word_1_154' title='bbox 435 1258 594 1307; x_wconf 85' lang='lat' dir='ltr'>glebae.</span> <span class='ocrx_word' id='word_1_155' title='bbox 913 1297 915 1299; x_wconf 85' lang='grc'><em>,</em></span> 
     </span>
    </p>

    <p class='ocr_par' dir='ltr' id='par_1_7' title="bbox 124 1313 1754 2460">
     <span class='ocr_line' id='line_1_21' title="bbox 180 1313 1754 1365; baseline 0.003 -16"><span class='ocrx_word' id='word_1_156' title='bbox 180 1313 305 1350; x_wconf 83' lang='grc' dir='ltr'>Ν11110</span> <span class='ocrx_word' id='word_1_157' title='bbox 335 1313 464 1362; x_wconf 88' lang='lat' dir='ltr'>igitur</span> <span class='ocrx_word' id='word_1_158' title='bbox 494 1313 667 1362; x_wconf 88' lang='lat' dir='ltr'>quando</span> <span class='ocrx_word' id='word_1_159' title='bbox 697 1313 825 1363; x_wconf 86' lang='lat' dir='ltr'>paulo</span> <span class='ocrx_word' id='word_1_160' title='bbox 855 1314 1117 1352; x_wconf 89' lang='lat' dir='ltr'>commodior</span> <span class='ocrx_word' id='word_1_161' title='bbox 1143 1327 1231 1352; x_wconf 88' lang='lat' dir='ltr'>esse</span> <span class='ocrx_word' id='word_1_162' title='bbox 1259 1316 1371 1365; x_wconf 86' lang='lat' dir='ltr'>cepit</span> <span class='ocrx_word' id='word_1_163' title='bbox 1402 1315 1618 1363; x_wconf 80' lang='lat' dir='ltr'>valetudo,</span> <span class='ocrx_word' id='word_1_164' title='bbox 1649 1321 1693 1355; x_wconf 88' lang='lat' dir='ltr'>et</span> <span class='ocrx_word' id='word_1_165' title='bbox 1716 1328 1754 1349; x_wconf 93' lang='lat'>10</span> 
     </span>
     <span class='ocr_line' id='line_1_22' title="bbox 125 1367 1692 1418; baseline 0.003 -14"><span class='ocrx_word' id='word_1_166' title='bbox 125 1368 263 1404; x_wconf 89' lang='lat' dir='ltr'>minus</span> <span class='ocrx_word' id='word_1_167' title='bbox 277 1372 399 1417; x_wconf 85' lang='lat' dir='ltr'>vrget</span> <span class='ocrx_word' id='word_1_168' title='bbox 415 1367 609 1405; x_wconf 88' lang='lat' dir='ltr'>laborum</span> <span class='ocrx_word' id='word_1_169' title='bbox 627 1369 803 1413; x_wconf 86' lang='lat' dir='ltr'>sarcina,</span> <span class='ocrx_word' id='word_1_170' title='bbox 820 1369 1046 1418; x_wconf 88' lang='lat' dir='ltr'>epistolam</span> <span class='ocrx_word' id='word_1_171' title='bbox 1064 1369 1193 1415; x_wconf 91' lang='lat' dir='ltr'>illam,</span> <span class='ocrx_word' id='word_1_172' title='bbox 1212 1371 1269 1407; x_wconf 89' lang='lat' dir='ltr'>mi</span> <span class='ocrx_word' id='word_1_173' title='bbox 1286 1369 1539 1416; x_wconf 85' lang='lat' dir='ltr'>Castellane,</span> <span class='ocrx_word' id='word_1_174' title='bbox 1558 1376 1692 1417; x_wconf 85' lang='lat' dir='ltr'>tuam,</span> 
     </span>
     <span class='ocr_line' id='line_1_23' title="bbox 125 1423 1691 1474; baseline 0.003 -15"><span class='ocrx_word' id='word_1_175' title='bbox 125 1434 253 1472; x_wconf 90' lang='lat' dir='ltr'>quam</span> <span class='ocrx_word' id='word_1_176' title='bbox 275 1427 506 1472; x_wconf 84' lang='lat' dir='ltr'>perpetuae</span> <span class='ocrx_word' id='word_1_177' title='bbox 529 1427 628 1460; x_wconf 88' lang='lat' dir='ltr'>tuae</span> <span class='ocrx_word' id='word_1_178' title='bbox 650 1435 748 1472; x_wconf 86' lang='lat' dir='ltr'>erga</span> <span class='ocrx_word' id='word_1_179' title='bbox 775 1436 842 1461; x_wconf 91' lang='lat' dir='ltr'>me</span> <span class='ocrx_word' id='word_1_180' title='bbox 869 1423 966 1461; x_wconf 86' lang='lat' dir='ltr'>fidei</span> <span class='ocrx_word' id='word_1_181' title='bbox 995 1424 1406 1474; x_wconf 86' lang='lat' dir='ltr'>beneuolentiaeque</span> <span class='ocrx_word' id='word_1_182' title='bbox 1432 1425 1554 1463; x_wconf 71' lang='lat' dir='ltr'>v&#39;elut</span> <span class='ocrx_word' id='word_1_183' title='bbox 1582 1427 1691 1464; x_wconf 91' lang='lat' dir='ltr'>obsi-</span> 
     </span>
     <span class='ocr_line' id='line_1_24' title="bbox 125 1476 1692 1529; baseline 0.003 -16"><span class='ocrx_word' id='word_1_184' title='bbox 125 1477 221 1514; x_wconf 91' lang='lat' dir='ltr'>dem</span> <span class='ocrx_word' id='word_1_185' title='bbox 241 1489 328 1514; x_wconf 89' lang='lat' dir='ltr'>esse</span> <span class='ocrx_word' id='word_1_186' title='bbox 350 1476 537 1522; x_wconf 79' lang='lat' dir='ltr'>voluisti,</span> <span class='ocrx_word' id='word_1_187' title='bbox 560 1477 709 1515; x_wconf 88' lang='lat' dir='ltr'>lubens</span> <span class='ocrx_word' id='word_1_188' title='bbox 730 1477 869 1527; x_wconf 86' lang='lat' dir='ltr'>relegi,</span> <span class='ocrx_word' id='word_1_189' title='bbox 891 1491 974 1516; x_wconf 91' lang='lat' dir='ltr'>non</span> <span class='ocrx_word' id='word_1_190' title='bbox 996 1479 1050 1516; x_wconf 91' lang='lat' dir='ltr'>ob</span> <span class='ocrx_word' id='word_1_191' title='bbox 1072 1479 1114 1516; x_wconf 92' lang='lat' dir='ltr'>id</span> <span class='ocrx_word' id='word_1_192' title='bbox 1136 1484 1310 1517; x_wconf 90' lang='lat' dir='ltr'>tantum</span> <span class='ocrx_word' id='word_1_193' title='bbox 1332 1480 1446 1529; x_wconf 88' lang='lat' dir='ltr'>quod</span> <span class='ocrx_word' id='word_1_194' title='bbox 1468 1481 1583 1527; x_wconf 89' lang='lat' dir='ltr'>mihi,</span> <span class='ocrx_word' id='word_1_195' title='bbox 1608 1494 1692 1519; x_wconf 87' lang='lat' dir='ltr'>non</span> 
     </span>
     <span class='ocr_line' id='line_1_25' title="bbox 125 1532 1692 1586; baseline 0.003 -18"><span class='ocrx_word' id='word_1_196' title='bbox 125 1544 250 1572; x_wconf 78' lang='lat' dir='ltr'>secus</span> <span class='ocrx_word' id='word_1_197' title='bbox 279 1536 408 1580; x_wconf 89' lang='lat' dir='ltr'>atque</span> <span class='ocrx_word' id='word_1_198' title='bbox 443 1533 487 1569; x_wconf 91' lang='lat' dir='ltr'>in</span> <span class='ocrx_word' id='word_1_199' title='bbox 523 1532 705 1581; x_wconf 87' lang='lat' dir='ltr'>speculo,</span> <span class='ocrx_word' id='word_1_200' title='bbox 741 1538 1035 1582; x_wconf 86' lang='lat' dir='ltr'>repraesentat</span> <span class='ocrx_word' id='word_1_201' title='bbox 1070 1547 1211 1572; x_wconf 86' lang='lat' dir='ltr'>raram</span> <span class='ocrx_word' id='word_1_202' title='bbox 1247 1535 1466 1584; x_wconf 85' lang='lat' dir='ltr'>quandam</span> <span class='ocrx_word' id='word_1_203' title='bbox 1501 1548 1550 1573; x_wconf 89' lang='lat' dir='ltr'>ac</span> <span class='ocrx_word' id='word_1_204' title='bbox 1586 1549 1692 1586; x_wconf 89' lang='lat' dir='ltr'>pene</span> 
     </span>
     <span class='ocr_line' id='line_1_26' title="bbox 125 1586 1751 1639; baseline 0.004 -16"><span class='ocrx_word' id='word_1_205' title='bbox 125 1586 304 1623; x_wconf 80' lang='lat' dir='ltr'>dixerim</span> <span class='ocrx_word' id='word_1_206' title='bbox 333 1586 510 1624; x_wconf 81' lang='lat' dir='ltr'>fatalem</span> <span class='ocrx_word' id='word_1_207' title='bbox 543 1591 662 1624; x_wconf 88' lang='lat' dir='ltr'>tuam</span> <span class='ocrx_word' id='word_1_208' title='bbox 694 1588 737 1624; x_wconf 89' lang='lat' dir='ltr'>in</span> <span class='ocrx_word' id='word_1_209' title='bbox 765 1600 831 1625; x_wconf 89' lang='lat' dir='ltr'>me</span> <span class='ocrx_word' id='word_1_210' title='bbox 858 1589 1078 1638; x_wconf 87' lang='lat' dir='ltr'>pietatem,</span> <span class='ocrx_word' id='word_1_211' title='bbox 1108 1590 1390 1626; x_wconf 79' lang='lat' dir='ltr'>verumetiam</span> <span class='ocrx_word' id='word_1_212' title='bbox 1419 1590 1535 1639; x_wconf 87' lang='lat' dir='ltr'>quod</span> <span class='ocrx_word' id='word_1_213' title='bbox 1564 1589 1689 1629; x_wconf 79' lang='lat' dir='ltr'>Grae·</span> <span class='ocrx_word' id='word_1_214' title='bbox 1714 1602 1751 1632; x_wconf 86' lang='lat'>15</span> 
     </span>
     <span class='ocr_line' id='line_1_27' title="bbox 125 1641 1692 1694; baseline 0.003 -16"><span class='ocrx_word' id='word_1_215' title='bbox 125 1653 271 1678; x_wconf 89' lang='lat' dir='ltr'>carum</span> <span class='ocrx_word' id='word_1_216' title='bbox 305 1653 459 1678; x_wconf 77' lang='lat' dir='ltr'>vocum</span> <span class='ocrx_word' id='word_1_217' title='bbox 494 1641 824 1680; x_wconf 87' lang='lat' dir='ltr'>emblematibus</span> <span class='ocrx_word' id='word_1_218' title='bbox 859 1643 1074 1692; x_wconf 87' lang='lat' dir='ltr'>picturata</span> <span class='ocrx_word' id='word_1_219' title='bbox 1116 1648 1305 1681; x_wconf 83' lang='lat' dir='ltr'>testatur</span> <span class='ocrx_word' id='word_1_220' title='bbox 1344 1648 1386 1681; x_wconf 89' lang='lat' dir='ltr'>te</span> <span class='ocrx_word' id='word_1_221' title='bbox 1422 1646 1513 1694; x_wconf 86' lang='lat' dir='ltr'>pari</span> <span class='ocrx_word' id='word_1_222' title='bbox 1548 1645 1692 1683; x_wconf 88' lang='lat' dir='ltr'>studio</span> 
     </span>
     <span class='ocr_line' id='line_1_28' title="bbox 126 1695 1692 1748; baseline 0.003 -16"><span class='ocrx_word' id='word_1_223' title='bbox 126 1699 337 1744; x_wconf 87' lang='lat' dir='ltr'>vtranque</span> <span class='ocrx_word' id='word_1_224' title='bbox 367 1695 637 1734; x_wconf 83' lang='lat' dir='ltr'>literaturam</span> <span class='ocrx_word' id='word_1_225' title='bbox 668 1696 882 1748; x_wconf 88' lang='lat' dir='ltr'>amplecti.</span> <span class='ocrx_word' id='word_1_226' title='bbox 943 1697 1034 1744; x_wconf 82' lang='lat' dir='ltr'>Quo</span> <span class='ocrx_word' id='word_1_227' title='bbox 1064 1711 1166 1735; x_wconf 88' lang='lat' dir='ltr'>sane</span> <span class='ocrx_word' id='word_1_228' title='bbox 1201 1699 1370 1736; x_wconf 88' lang='lat' dir='ltr'>nomine</span> <span class='ocrx_word' id='word_1_229' title='bbox 1403 1699 1508 1736; x_wconf 86' lang='lat' dir='ltr'>mihi</span> <span class='ocrx_word' id='word_1_230' title='bbox 1536 1700 1692 1738; x_wconf 85' lang='lat' dir='ltr'>videris</span> 
     </span>
     <span class='ocr_line' id='line_1_29' title="bbox 124 1750 1690 1802; baseline 0.003 -15"><span class='ocrx_word' id='word_1_231' title='bbox 124 1751 284 1799; x_wconf 87' lang='lat' dir='ltr'>egregie</span> <span class='ocrx_word' id='word_1_232' title='bbox 311 1750 571 1795; x_wconf 84' lang='lat' dir='ltr'>fortunatus,</span> <span class='ocrx_word' id='word_1_233' title='bbox 602 1752 669 1788; x_wconf 87' lang='lat' dir='ltr'>cui</span> <span class='ocrx_word' id='word_1_234' title='bbox 699 1751 949 1789; x_wconf 87' lang='lat' dir='ltr'>florentibus</span> <span class='ocrx_word' id='word_1_235' title='bbox 979 1753 1101 1790; x_wconf 87' lang='lat' dir='ltr'>annis</span> <span class='ocrx_word' id='word_1_236' title='bbox 1132 1752 1290 1790; x_wconf 80' lang='grc' dir='ltr'>τουτονὶ</span> <span class='ocrx_word' id='word_1_237' title='bbox 1320 1753 1388 1790; x_wconf 85' lang='grc' dir='ltr'>τὸν</span> <span class='ocrx_word' id='word_1_238' title='bbox 1416 1753 1547 1802; x_wconf 81' lang='grc' dir='ltr'>ἔρωτα</span> <span class='ocrx_word' id='word_1_239' title='bbox 1574 1754 1690 1792; x_wconf 89' lang='lat' dir='ltr'>Deus</span> 
     </span>
     <span class='ocr_line' id='line_1_30' title="bbox 124 1805 1691 1850; baseline 0.004 -9"><span class='ocrx_word' id='word_1_240' title='bbox 124 1805 359 1850; x_wconf 81' lang='lat' dir='ltr'>immiserit,</span> <span class='ocrx_word' id='word_1_241' title='bbox 396 1810 444 1842; x_wconf 88' lang='lat' dir='ltr'>vt</span> <span class='ocrx_word' id='word_1_242' title='bbox 480 1805 559 1842; x_wconf 90' lang='lat' dir='ltr'>tibi</span> <span class='ocrx_word' id='word_1_243' title='bbox 590 1806 755 1843; x_wconf 90' lang='lat' dir='ltr'>dulcius</span> <span class='ocrx_word' id='word_1_244' title='bbox 791 1808 847 1844; x_wconf 89' lang='lat' dir='ltr'>sit</span> <span class='ocrx_word' id='word_1_245' title='bbox 881 1807 923 1844; x_wconf 91' lang='lat' dir='ltr'>in</span> <span class='ocrx_word' id='word_1_246' title='bbox 960 1807 1178 1845; x_wconf 87' lang='lat' dir='ltr'>Musarum</span> <span class='ocrx_word' id='word_1_247' title='bbox 1213 1809 1383 1846; x_wconf 84' lang='lat' dir='ltr'>virectis</span> <span class='ocrx_word' id='word_1_248' title='bbox 1414 1809 1691 1848; x_wconf 89' lang='lat' dir='ltr'>obambulare</span> 
     </span>
     <span class='ocr_line' id='line_1_31' title="bbox 125 1860 1752 1913; baseline 0.004 -17"><span class='ocrx_word' id='word_1_249' title='bbox 125 1872 254 1908; x_wconf 91' lang='lat' dir='ltr'>quam</span> <span class='ocrx_word' id='word_1_250' title='bbox 275 1861 482 1897; x_wconf 90' lang='lat' dir='ltr'>conuiuiis</span> <span class='ocrx_word' id='word_1_251' title='bbox 509 1860 655 1898; x_wconf 87' lang='lat' dir='ltr'>aleaue</span> <span class='ocrx_word' id='word_1_252' title='bbox 684 1861 817 1898; x_wconf 85' lang='lat' dir='ltr'>bonas</span> <span class='ocrx_word' id='word_1_253' title='bbox 846 1861 972 1899; x_wconf 84' lang='lat' dir='ltr'>horas</span> <span class='ocrx_word' id='word_1_254' title='bbox 994 1862 1167 1911; x_wconf 89' lang='lat' dir='ltr'>perdere</span> <span class='ocrx_word' id='word_1_255' title='bbox 1188 1863 1310 1901; x_wconf 84' lang='lat' dir='ltr'>male.</span> <span class='ocrx_word' id='word_1_256' title='bbox 1372 1862 1690 1913; x_wconf 87' lang='lat' dir='ltr'>Colloquiorum</span> <span class='ocrx_word' id='word_1_257' title='bbox 1711 1876 1752 1897; x_wconf 87' lang='lat'>20</span> 
     </span>
     <span class='ocr_line' id='line_1_32' title="bbox 124 1916 1691 1966; baseline 0.004 -15"><span class='ocrx_word' id='word_1_258' title='bbox 124 1926 230 1964; x_wconf 90' lang='lat' dir='ltr'>opus</span> <span class='ocrx_word' id='word_1_259' title='bbox 264 1927 416 1964; x_wconf 84' lang='lat' dir='ltr'>parum</span> <span class='ocrx_word' id='word_1_260' title='bbox 451 1916 683 1964; x_wconf 88' lang='lat' dir='ltr'>auspicatis</span> <span class='ocrx_word' id='word_1_261' title='bbox 718 1916 871 1954; x_wconf 84' lang='lat' dir='ltr'>auibus</span> <span class='ocrx_word' id='word_1_262' title='bbox 911 1917 1118 1966; x_wconf 87' lang='lat' dir='ltr'>genioque</span> <span class='ocrx_word' id='word_1_263' title='bbox 1155 1918 1329 1955; x_wconf 85' lang='lat' dir='ltr'>sinistro</span> <span class='ocrx_word' id='word_1_264' title='bbox 1370 1923 1521 1956; x_wconf 89' lang='lat' dir='ltr'>natum</span> <span class='ocrx_word' id='word_1_265' title='bbox 1555 1919 1691 1957; x_wconf 85' lang='lat' dir='ltr'>videri</span> 
     </span>
     <span class='ocr_line' id='line_1_33' title="bbox 125 1969 1688 2021; baseline 0.004 -16"><span class='ocrx_word' id='word_1_266' title='bbox 125 1973 309 2018; x_wconf 88' lang='lat' dir='ltr'>poterat,</span> <span class='ocrx_word' id='word_1_267' title='bbox 331 1970 412 2006; x_wconf 89' lang='lat' dir='ltr'>nisi</span> <span class='ocrx_word' id='word_1_268' title='bbox 432 1969 536 2007; x_wconf 92' lang='lat' dir='ltr'>mihi</span> <span class='ocrx_word' id='word_1_269' title='bbox 557 1974 613 2015; x_wconf 90' lang='lat' dir='ltr'>te,</span> <span class='ocrx_word' id='word_1_270' title='bbox 636 1974 685 2007; x_wconf 90' lang='lat' dir='ltr'>vt</span> <span class='ocrx_word' id='word_1_271' title='bbox 705 1971 864 2016; x_wconf 89' lang='lat' dir='ltr'>scribis,</span> <span class='ocrx_word' id='word_1_272' title='bbox 886 1971 1130 2021; x_wconf 91' lang='lat' dir='ltr'>multosque</span> <span class='ocrx_word' id='word_1_273' title='bbox 1152 1973 1216 2009; x_wconf 91' lang='lat' dir='ltr'>tui</span> <span class='ocrx_word' id='word_1_274' title='bbox 1233 1972 1391 2010; x_wconf 88' lang='lat' dir='ltr'>similes</span> <span class='ocrx_word' id='word_1_275' title='bbox 1408 1973 1688 2012; x_wconf 78' lang='lat' dir='ltr'>concssiasset.</span> 
     </span>
     <span class='ocr_line' id='line_1_34' title="bbox 125 2023 1691 2077; baseline 0.004 -17"><span class='ocrx_word' id='word_1_276' title='bbox 125 2023 410 2073; x_wconf 88' lang='lat' dir='ltr'>Posteaquam</span> <span class='ocrx_word' id='word_1_277' title='bbox 443 2025 567 2070; x_wconf 88' lang='lat' dir='ltr'>enim,</span> <span class='ocrx_word' id='word_1_278' title='bbox 601 2026 723 2063; x_wconf 85' lang='lat' dir='ltr'>iuxta</span> <span class='ocrx_word' id='word_1_279' title='bbox 755 2026 1041 2075; x_wconf 82' lang='lat' dir='ltr'>prouerbium,</span> <span class='ocrx_word' id='word_1_280' title='bbox 1075 2027 1273 2064; x_wconf 86' lang='lat' dir='ltr'>omnibus</span> <span class='ocrx_word' id='word_1_281' title='bbox 1309 2027 1474 2077; x_wconf 83' lang='lat' dir='ltr'>placere</span> <span class='ocrx_word' id='word_1_282' title='bbox 1509 2041 1561 2066; x_wconf 88' lang='lat' dir='ltr'>ne</span> <span class='ocrx_word' id='word_1_283' title='bbox 1596 2029 1691 2067; x_wconf 88' lang='lat' dir='ltr'>Ioui</span> 
     </span>
     <span class='ocr_line' id='line_1_35' title="bbox 124 2078 1691 2133; baseline 0.004 -18"><span class='ocrx_word' id='word_1_284' title='bbox 124 2078 295 2127; x_wconf 90' lang='lat' dir='ltr'>quidem</span> <span class='ocrx_word' id='word_1_285' title='bbox 325 2078 426 2116; x_wconf 85' lang='lat' dir='ltr'>fatis</span> <span class='ocrx_word' id='word_1_286' title='bbox 454 2092 698 2117; x_wconf 89' lang='lat' dir='ltr'>concessum</span> <span class='ocrx_word' id='word_1_287' title='bbox 726 2084 803 2125; x_wconf 85' lang='lat' dir='ltr'>est,</span> <span class='ocrx_word' id='word_1_288' title='bbox 832 2093 917 2118; x_wconf 90' lang='lat' dir='ltr'>non</span> <span class='ocrx_word' id='word_1_289' title='bbox 948 2081 1157 2119; x_wconf 83' lang='lat' dir='ltr'>mediocre</span> <span class='ocrx_word' id='word_1_290' title='bbox 1188 2081 1387 2119; x_wconf 90' lang='lat' dir='ltr'>solatium</span> <span class='ocrx_word' id='word_1_291' title='bbox 1417 2087 1495 2128; x_wconf 89' lang='lat' dir='ltr'>est,</span> <span class='ocrx_word' id='word_1_292' title='bbox 1526 2083 1691 2133; x_wconf 89' lang='lat' dir='ltr'>aliquot</span> 
     </span>
     <span class='ocr_line' id='line_1_36' title="bbox 125 2132 1750 2180; baseline 0.006 -11"><span class='ocrx_word' id='word_1_293' title='bbox 125 2132 402 2170; x_wconf 90' lang='lat' dir='ltr'>candidorum</span> <span class='ocrx_word' id='word_1_294' title='bbox 424 2133 644 2171; x_wconf 88' lang='lat' dir='ltr'>hominum</span> <span class='ocrx_word' id='word_1_295' title='bbox 665 2136 892 2172; x_wconf 88' lang='lat' dir='ltr'>emeruisse</span> <span class='ocrx_word' id='word_1_296' title='bbox 914 2135 1137 2174; x_wconf 88' lang='lat' dir='ltr'>calculum.</span> <span class='ocrx_word' id='word_1_297' title='bbox 1192 2136 1273 2174; x_wconf 83' lang='lat' dir='ltr'>Sed</span> <span class='ocrx_word' id='word_1_298' title='bbox 1295 2138 1461 2175; x_wconf 89' lang='lat' dir='ltr'>vtinam</span> <span class='ocrx_word' id='word_1_299' title='bbox 1483 2139 1690 2177; x_wconf 88' lang='lat' dir='ltr'>eiusmodi</span> <span class='ocrx_word' id='word_1_300' title='bbox 1710 2151 1750 2180; x_wconf 82' lang='lat'>25</span> 
     </span>
     <span class='ocr_line' id='line_1_37' title="bbox 125 2188 1688 2243; baseline 0.004 -19"><span class='ocrx_word' id='word_1_301' title='bbox 125 2188 182 2224; x_wconf 91' lang='lat' dir='ltr'>sit</span> <span class='ocrx_word' id='word_1_302' title='bbox 206 2193 506 2237; x_wconf 85' lang='lat' dir='ltr'>argumentum</span> <span class='ocrx_word' id='word_1_303' title='bbox 532 2188 651 2235; x_wconf 91' lang='lat' dir='ltr'>illud,</span> <span class='ocrx_word' id='word_1_304' title='bbox 678 2194 726 2227; x_wconf 86' lang='lat' dir='ltr'>vt</span> <span class='ocrx_word' id='word_1_305' title='bbox 754 2189 881 2239; x_wconf 91' lang='lat' dir='ltr'>quod,</span> <span class='ocrx_word' id='word_1_306' title='bbox 911 2191 1036 2227; x_wconf 91' lang='lat' dir='ltr'>sicuti</span> <span class='ocrx_word' id='word_1_307' title='bbox 1062 2191 1222 2236; x_wconf 88' lang='lat' dir='ltr'>scribis,</span> <span class='ocrx_word' id='word_1_308' title='bbox 1251 2193 1397 2229; x_wconf 89' lang='lat' dir='ltr'>arrisit</span> <span class='ocrx_word' id='word_1_309' title='bbox 1425 2206 1569 2242; x_wconf 87' lang='lat' dir='ltr'>puero,</span> <span class='ocrx_word' id='word_1_310' title='bbox 1599 2206 1688 2243; x_wconf 88' lang='lat' dir='ltr'>per-</span> 
     </span>
     <span class='ocr_line' id='line_1_38' title="bbox 124 2242 1690 2298; baseline 0.004 -19"><span class='ocrx_word' id='word_1_311' title='bbox 124 2245 254 2292; x_wconf 90' lang='lat' dir='ltr'>petuo</span> <span class='ocrx_word' id='word_1_312' title='bbox 279 2242 450 2291; x_wconf 90' lang='lat' dir='ltr'>probari</span> <span class='ocrx_word' id='word_1_313' title='bbox 478 2248 702 2282; x_wconf 87' lang='lat' dir='ltr'>mereatur.</span> <span class='ocrx_word' id='word_1_314' title='bbox 763 2244 914 2282; x_wconf 86' lang='lat' dir='ltr'>Veniet</span> <span class='ocrx_word' id='word_1_315' title='bbox 937 2246 1049 2282; x_wconf 91' lang='lat' dir='ltr'>enim</span> <span class='ocrx_word' id='word_1_316' title='bbox 1078 2250 1260 2295; x_wconf 83' lang='lat' dir='ltr'>tempus,</span> <span class='ocrx_word' id='word_1_317' title='bbox 1289 2259 1421 2296; x_wconf 90' lang='lat' dir='ltr'>quum</span> <span class='ocrx_word' id='word_1_318' title='bbox 1447 2252 1495 2285; x_wconf 90' lang='lat' dir='ltr'>tu</span> <span class='ocrx_word' id='word_1_319' title='bbox 1521 2260 1690 2298; x_wconf 91' lang='lat' dir='ltr'>quoque</span> 
     </span>
     <span class='ocr_line' id='line_1_39' title="bbox 124 2296 1690 2348; baseline 0.004 -15"><span class='ocrx_word' id='word_1_320' title='bbox 124 2296 305 2334; x_wconf 80' lang='lat' dir='ltr'>forsitan</span> <span class='ocrx_word' id='word_1_321' title='bbox 336 2297 528 2335; x_wconf 91' lang='lat' dir='ltr'>dicturus</span> <span class='ocrx_word' id='word_1_322' title='bbox 558 2311 613 2343; x_wconf 89' lang='lat' dir='ltr'>es,</span> <span class='ocrx_word' id='word_1_323' title='bbox 645 2298 743 2336; x_wconf 89' lang='lat' dir='ltr'>Non</span> <span class='ocrx_word' id='word_1_324' title='bbox 772 2299 919 2337; x_wconf 88' lang='lat' dir='ltr'>eadem</span> <span class='ocrx_word' id='word_1_325' title='bbox 951 2304 1017 2337; x_wconf 89' lang='lat' dir='ltr'>est</span> <span class='ocrx_word' id='word_1_326' title='bbox 1046 2304 1178 2346; x_wconf 86' lang='lat' dir='ltr'>aetas,</span> <span class='ocrx_word' id='word_1_327' title='bbox 1206 2314 1291 2338; x_wconf 88' lang='grc'>11011</span> <span class='ocrx_word' id='word_1_328' title='bbox 1320 2314 1448 2339; x_wconf 87' lang='lat' dir='ltr'>mens.</span> <span class='ocrx_word' id='word_1_329' title='bbox 1509 2302 1620 2348; x_wconf 82' lang='lat' dir='ltr'>Quid</span> <span class='ocrx_word' id='word_1_330' title='bbox 1648 2304 1690 2340; x_wconf 90' lang='lat' dir='ltr'>in</span> 
     </span>
     <span class='ocr_line' id='line_1_40' title="bbox 124 2350 1688 2407; baseline 0.005 -20"><span class='ocrx_word' id='word_1_331' title='bbox 124 2350 353 2400; x_wconf 87' lang='lat' dir='ltr'>Colloquiis</span> <span class='ocrx_word' id='word_1_332' title='bbox 371 2352 524 2389; x_wconf 86' lang='lat' dir='ltr'>videris</span> <span class='ocrx_word' id='word_1_333' title='bbox 538 2354 691 2399; x_wconf 89' lang='lat' dir='ltr'>nescio,</span> <span class='ocrx_word' id='word_1_334' title='bbox 706 2353 885 2391; x_wconf 83' lang='lat' dir='ltr'>forsitan</span> <span class='ocrx_word' id='word_1_335' title='bbox 901 2367 1021 2392; x_wconf 89' lang='lat' dir='ltr'>amor</span> <span class='ocrx_word' id='word_1_336' title='bbox 1035 2355 1167 2392; x_wconf 87' lang='lat' dir='ltr'>oculis</span> <span class='ocrx_word' id='word_1_337' title='bbox 1181 2356 1267 2393; x_wconf 89' lang='lat' dir='ltr'>tuis</span> <span class='ocrx_word' id='word_1_338' title='bbox 1282 2355 1383 2394; x_wconf 86' lang='lat' dir='ltr'>fecit</span> <span class='ocrx_word' id='word_1_339' title='bbox 1397 2358 1688 2407; x_wconf 84' lang='lat' dir='ltr'>praestigium,</span> 
     </span>
     <span class='ocr_line' id='line_1_41' title="bbox 126 2406 1750 2460; baseline 0.004 -18"><span class='ocrx_word' id='word_1_340' title='bbox 126 2407 191 2443; x_wconf 90' lang='lat' dir='ltr'>cui</span> <span class='ocrx_word' id='word_1_341' title='bbox 213 2406 469 2455; x_wconf 78' lang='lat' dir='ltr'>frequenter,</span> <span class='ocrx_word' id='word_1_342' title='bbox 492 2411 541 2444; x_wconf 86' lang='lat' dir='ltr'>vt</span> <span class='ocrx_word' id='word_1_343' title='bbox 561 2409 623 2445; x_wconf 88' lang='lat' dir='ltr'>ait</span> <span class='ocrx_word' id='word_1_344' title='bbox 644 2407 809 2446; x_wconf 86' lang='lat' dir='ltr'>Siculus</span> <span class='ocrx_word' id='word_1_345' title='bbox 831 2409 913 2454; x_wconf 90' lang='lat' dir='ltr'>ille,</span> <span class='ocrx_word' id='word_1_346' title='bbox 936 2408 985 2446; x_wconf 84' lang='grc' dir='ltr'>τὰ</span> <span class='ocrx_word' id='word_1_347' title='bbox 1006 2409 1061 2458; x_wconf 90' lang='grc' dir='ltr'>μὴ</span> <span class='ocrx_word' id='word_1_348' title='bbox 1082 2409 1186 2447; x_wconf 83' lang='grc' dir='ltr'>καλὰ</span> <span class='ocrx_word' id='word_1_349' title='bbox 1207 2410 1310 2447; x_wconf 83' lang='grc' dir='ltr'>καλὰ</span> <span class='ocrx_word' id='word_1_350' title='bbox 1331 2410 1539 2460; x_wconf 81' lang='grc' dir='ltr'>πέφανται.</span> <span class='ocrx_word' id='word_1_351' title='bbox 1709 2423 1750 2453; x_wconf 85' lang='lat'>30</span> 
     </span>
    </p>

    <p class='ocr_par' dir='ltr' id='par_1_8' title="bbox 123 2460 1748 2842">
     <span class='ocr_line' id='line_1_42' title="bbox 180 2460 1688 2516; baseline 0.005 -19"><span class='ocrx_word' id='word_1_352' title='bbox 180 2460 242 2498; x_wconf 88' lang='lat' dir='ltr'>De</span> <span class='ocrx_word' id='word_1_353' title='bbox 263 2465 410 2498; x_wconf 89' lang='lat' dir='ltr'>nostro</span> <span class='ocrx_word' id='word_1_354' title='bbox 431 2474 655 2511; x_wconf 84' lang='lat' dir='ltr'>congressu</span> <span class='ocrx_word' id='word_1_355' title='bbox 679 2475 763 2500; x_wconf 87' lang='lat' dir='ltr'>non</span> <span class='ocrx_word' id='word_1_356' title='bbox 785 2467 849 2501; x_wconf 90' lang='lat' dir='ltr'>est</span> <span class='ocrx_word' id='word_1_357' title='bbox 870 2464 984 2513; x_wconf 89' lang='lat' dir='ltr'>quod</span> <span class='ocrx_word' id='word_1_358' title='bbox 1007 2464 1073 2501; x_wconf 85' lang='lat' dir='ltr'>vel</span> <span class='ocrx_word' id='word_1_359' title='bbox 1096 2465 1199 2502; x_wconf 87' lang='lat' dir='ltr'>mihi</span> <span class='ocrx_word' id='word_1_360' title='bbox 1216 2466 1375 2514; x_wconf 84' lang='lat' dir='ltr'>gratias</span> <span class='ocrx_word' id='word_1_361' title='bbox 1391 2479 1505 2516; x_wconf 84' lang='lat' dir='ltr'>agas,</span> <span class='ocrx_word' id='word_1_362' title='bbox 1524 2467 1591 2504; x_wconf 82' lang='lat' dir='ltr'>vel</span> <span class='ocrx_word' id='word_1_363' title='bbox 1609 2467 1688 2505; x_wconf 90' lang='lat' dir='ltr'>tibi</span> 
     </span>
     <span class='ocr_line' id='line_1_43' title="bbox 123 2515 1686 2566; baseline 0.005 -15"><span class='ocrx_word' id='word_1_364' title='bbox 123 2515 359 2563; x_wconf 81' lang='lat' dir='ltr'>gratuleris.</span> <span class='ocrx_word' id='word_1_365' title='bbox 418 2515 565 2566; x_wconf 85' lang='lat' dir='ltr'>Neque</span> <span class='ocrx_word' id='word_1_366' title='bbox 594 2518 706 2554; x_wconf 87' lang='lat' dir='ltr'>enim</span> <span class='ocrx_word' id='word_1_367' title='bbox 738 2518 975 2563; x_wconf 87' lang='lat' dir='ltr'>Erasmum,</span> <span class='ocrx_word' id='word_1_368' title='bbox 1007 2519 1079 2556; x_wconf 89' lang='lat' dir='ltr'>sed</span> <span class='ocrx_word' id='word_1_369' title='bbox 1106 2519 1272 2556; x_wconf 84' lang='lat' dir='ltr'>Erasmi</span> <span class='ocrx_word' id='word_1_370' title='bbox 1300 2520 1496 2558; x_wconf 82' lang='lat' dir='ltr'>vmbram</span> <span class='ocrx_word' id='word_1_371' title='bbox 1527 2521 1686 2559; x_wconf 81' lang='lat' dir='ltr'>vidisti.</span> 
     </span>
     <span class='ocr_line' id='line_1_44' title="bbox 126 2568 1688 2623; baseline 0.004 -17"><span class='ocrx_word' id='word_1_372' title='bbox 126 2568 236 2615; x_wconf 85' lang='lat' dir='ltr'>Quid</span> <span class='ocrx_word' id='word_1_373' title='bbox 258 2570 369 2607; x_wconf 90' lang='lat' dir='ltr'>enim</span> <span class='ocrx_word' id='word_1_374' title='bbox 391 2569 506 2608; x_wconf 88' lang='lat' dir='ltr'>aliud</span> <span class='ocrx_word' id='word_1_375' title='bbox 523 2576 588 2609; x_wconf 90' lang='lat' dir='ltr'>cst</span> <span class='ocrx_word' id='word_1_376' title='bbox 608 2571 736 2621; x_wconf 85' lang='grc' dir='ltr'>γέρων</span> <span class='ocrx_word' id='word_1_377' title='bbox 757 2572 854 2622; x_wconf 83' lang='grc' dir='ltr'>ἀνὴρ</span> <span class='ocrx_word' id='word_1_378' title='bbox 876 2571 899 2621; x_wconf 86' lang='grc' dir='ltr'>ἢ</span> <span class='ocrx_word' id='word_1_379' title='bbox 922 2572 1014 2610; x_wconf 83' lang='grc' dir='ltr'>σκιὰ</span> <span class='ocrx_word' id='word_1_380' title='bbox 1036 2573 1102 2610; x_wconf 81' lang='grc' dir='ltr'>καὶ</span> <span class='ocrx_word' id='word_1_381' title='bbox 1124 2573 1218 2623; x_wconf 83' lang='grc' dir='ltr'>ὄναρ</span> <span class='ocrx_word' id='word_1_382' title='bbox 1234 2578 1248 2612; x_wconf 77' lang='lat'>⁸?</span> <span class='ocrx_word' id='word_1_383' title='bbox 1304 2575 1458 2612; x_wconf 80' lang='lat' dir='ltr'>Verum</span> <span class='ocrx_word' id='word_1_384' title='bbox 1482 2577 1515 2612; x_wconf 85' lang='lat' dir='ltr'>si</span> <span class='ocrx_word' id='word_1_385' title='bbox 1538 2580 1688 2616; x_wconf 84' lang='lat' dir='ltr'>tantus</span> 
     </span>
     <span class='ocr_line' id='line_1_45' title="bbox 125 2625 1687 2672; baseline 0.005 -12"><span class='ocrx_word' id='word_1_386' title='bbox 125 2628 190 2661; x_wconf 86' lang='lat' dir='ltr'>est</span> <span class='ocrx_word' id='word_1_387' title='bbox 220 2637 338 2661; x_wconf 87' lang='lat' dir='ltr'>amor</span> <span class='ocrx_word' id='word_1_388' title='bbox 368 2625 411 2661; x_wconf 92' lang='lat' dir='ltr'>in</span> <span class='ocrx_word' id='word_1_389' title='bbox 442 2638 507 2663; x_wconf 91' lang='lat' dir='ltr'>me</span> <span class='ocrx_word' id='word_1_390' title='bbox 538 2630 653 2672; x_wconf 88' lang='lat' dir='ltr'>tuus,</span> <span class='ocrx_word' id='word_1_391' title='bbox 684 2629 951 2665; x_wconf 86' lang='lat' dir='ltr'>ornatissime</span> <span class='ocrx_word' id='word_1_392' title='bbox 983 2629 1160 2669; x_wconf 84' lang='lat' dir='ltr'>iuuenis,</span> <span class='ocrx_word' id='word_1_393' title='bbox 1194 2633 1242 2666; x_wconf 85' lang='lat' dir='ltr'>vt</span> <span class='ocrx_word' id='word_1_394' title='bbox 1276 2630 1393 2667; x_wconf 83' lang='lat' dir='ltr'>iuuet</span> <span class='ocrx_word' id='word_1_395' title='bbox 1428 2631 1556 2668; x_wconf 86' lang='lat' dir='ltr'>ctiam</span> <span class='ocrx_word' id='word_1_396' title='bbox 1593 2644 1687 2668; x_wconf 89' lang='lat' dir='ltr'>cum</span> 
     </span>
     <span class='ocr_line' id='line_1_46' title="bbox 126 2678 1748 2734; baseline 0.005 -19"><span class='ocrx_word' id='word_1_397' title='bbox 126 2678 278 2716; x_wconf 88' lang='lat' dir='ltr'>vmbra</span> <span class='ocrx_word' id='word_1_398' title='bbox 299 2679 496 2728; x_wconf 90' lang='lat' dir='ltr'>colloqui,</span> <span class='ocrx_word' id='word_1_399' title='bbox 519 2681 643 2718; x_wconf 89' lang='lat' dir='ltr'>istius</span> <span class='ocrx_word' id='word_1_400' title='bbox 666 2682 836 2731; x_wconf 84' lang='lat' dir='ltr'>quidem</span> <span class='ocrx_word' id='word_1_401' title='bbox 865 2682 1104 2732; x_wconf 86' lang='lat' dir='ltr'>voluptatis</span> <span class='ocrx_word' id='word_1_402' title='bbox 1132 2684 1239 2721; x_wconf 89' lang='lat' dir='ltr'>scito</span> <span class='ocrx_word' id='word_1_403' title='bbox 1266 2684 1345 2721; x_wconf 89' lang='lat' dir='ltr'>tibi</span> <span class='ocrx_word' id='word_1_404' title='bbox 1375 2690 1571 2734; x_wconf 83' lang='lat' dir='ltr'>paratam</span> <span class='ocrx_word' id='word_1_405' title='bbox 1600 2685 1688 2723; x_wconf 83' lang='lat' dir='ltr'>forc</span> <span class='ocrx_word' id='word_1_406' title='bbox 1709 2694 1748 2724; x_wconf 80' lang='lat'>35</span> 
     </span>
     <span class='ocr_line' id='line_1_47' title="bbox 125 2734 1687 2788; baseline 0.005 -19"><span class='ocrx_word' id='word_1_407' title='bbox 125 2734 304 2783; x_wconf 88' lang='lat' dir='ltr'>copiam,</span> <span class='ocrx_word' id='word_1_408' title='bbox 330 2735 496 2783; x_wconf 85' lang='lat' dir='ltr'>quotics</span> <span class='ocrx_word' id='word_1_409' title='bbox 527 2736 607 2773; x_wconf 91' lang='lat' dir='ltr'>erit</span> <span class='ocrx_word' id='word_1_410' title='bbox 637 2737 921 2774; x_wconf 88' lang='lat' dir='ltr'>commodum.</span> <span class='ocrx_word' id='word_1_411' title='bbox 981 2736 1103 2783; x_wconf 83' lang='lat' dir='ltr'>Quod</span> <span class='ocrx_word' id='word_1_412' title='bbox 1134 2739 1168 2774; x_wconf 89' lang='lat' dir='ltr'>si</span> <span class='ocrx_word' id='word_1_413' title='bbox 1199 2739 1371 2787; x_wconf 85' lang='lat' dir='ltr'>quando</span> <span class='ocrx_word' id='word_1_414' title='bbox 1403 2740 1536 2788; x_wconf 88' lang='lat' dir='ltr'>possis</span> <span class='ocrx_word' id='word_1_415' title='bbox 1562 2741 1687 2777; x_wconf 81' lang='lat' dir='ltr'>istam</span> 
     </span>
     <span class='ocr_line' id='line_1_48' title="bbox 126 2788 1687 2842; baseline 0.004 -18"><span class='ocrx_word' id='word_1_416' title='bbox 126 2788 160 2824; x_wconf 90' lang='lat' dir='ltr'>si</span> <span class='ocrx_word' id='word_1_417' title='bbox 188 2800 272 2825; x_wconf 91' lang='lat' dir='ltr'>non</span> <span class='ocrx_word' id='word_1_418' title='bbox 299 2789 520 2838; x_wconf 83' lang='lat' dir='ltr'>tragicam,</span> <span class='ocrx_word' id='word_1_419' title='bbox 551 2794 664 2828; x_wconf 87' lang='lat' dir='ltr'>certe</span> <span class='ocrx_word' id='word_1_420' title='bbox 694 2791 960 2840; x_wconf 86' lang='lat' dir='ltr'>splendidam</span> <span class='ocrx_word' id='word_1_421' title='bbox 992 2805 1215 2842; x_wconf 86' lang='lat' dir='ltr'>personam</span> <span class='ocrx_word' id='word_1_422' title='bbox 1245 2806 1374 2842; x_wconf 78' lang='lat' dir='ltr'>quam</span> <span class='ocrx_word' id='word_1_423' title='bbox 1406 2794 1483 2831; x_wconf 89' lang='lat' dir='ltr'>tibi</span> <span class='ocrx_word' id='word_1_424' title='bbox 1514 2794 1687 2831; x_wconf 80' lang='lat' dir='ltr'>fortuna</span> 
     </span>
    </p>
   </div>
   <div class='ocr_carea' id='block_1_7' title="bbox 130 2859 269 2862">
    <p class='ocr_par' dir='ltr' id='par_1_9' title="bbox 130 2859 269 2862">
     <span class='ocr_line' id='line_1_49' title="bbox 130 2859 269 2862; baseline 0 0"><span class='ocrx_word' id='word_1_425' title='bbox 130 2859 269 2862; x_wconf 95' lang='lat' dir='ltr'> </span> 
     </span>
    </p>
   </div>
   <div class='ocr_carea' id='block_1_8' title="bbox 272 2859 419 2864">
    <p class='ocr_par' dir='ltr' id='par_1_10' title="bbox 272 2859 419 2864">
     <span class='ocr_line' id='line_1_50' title="bbox 272 2859 419 2864; baseline 0 0"><span class='ocrx_word' id='word_1_426' title='bbox 272 2859 419 2864; x_wconf 95' lang='lat' dir='ltr'> </span> 
     </span>
    </p>
   </div>
   <div class='ocr_carea' id='block_1_9' title="bbox 123 2887 1642 3017">
    <p class='ocr_par' dir='ltr' id='par_1_11' title="bbox 123 2887 1642 3017">
     <span class='ocr_line' id='line_1_51' title="bbox 170 2887 1562 2930; baseline 0.004 -14"><span class='ocrx_word' id='word_1_427' title='bbox 170 2895 198 2916; x_wconf 88' lang='lat'>1.</span> <span class='ocrx_word' id='word_1_428' title='bbox 218 2887 347 2925; x_wconf 82' lang='lat' dir='ltr'>xeniis}</span> <span class='ocrx_word' id='word_1_429' title='bbox 357 2888 434 2919; x_wconf 85' lang='lat' dir='ltr'>The</span> <span class='ocrx_word' id='word_1_430' title='bbox 444 2889 649 2928; x_wconf 78' lang='lat' dir='ltr'>partridges</span> <span class='ocrx_word' id='word_1_431' title='bbox 659 2890 871 2920; x_wconf 82' lang='lat' dir='ltr'>mentioned</span> <span class='ocrx_word' id='word_1_432' title='bbox 984 2900 1036 2929; x_wconf 85' lang='lat'>23.</span> <span class='ocrx_word' id='word_1_433' title='bbox 1062 2891 1315 2930; x_wconf 74' lang='lat' dir='ltr'>prouerbium]</span> <span class='ocrx_word' id='word_1_434' title='bbox 1335 2892 1446 2930; x_wconf 65' lang='grc' dir='ltr'><em>Δάας).</em></span> <span class='ocrx_word' id='word_1_435' title='bbox 1469 2894 1562 2930; x_wconf 78' lang='grc'>1055.</span> 
     </span>
     <span class='ocr_line' id='line_1_52' title="bbox 124 2929 1642 2975; baseline 0.005 -17"><span class='ocrx_word' id='word_1_436' title='bbox 124 2929 259 2965; x_wconf 80' lang='lat' dir='ltr'>below;</span> <span class='ocrx_word' id='word_1_437' title='bbox 288 2931 326 2961; x_wconf 76' lang='grc' dir='ltr'>οἱ</span> <span class='ocrx_word' id='word_1_438' title='bbox 352 2932 469 2963; x_wconf 90' lang='lat' dir='ltr'>which</span> <span class='ocrx_word' id='word_1_439' title='bbox 493 2932 734 2964; x_wconf 79' lang='lat' dir='ltr'>Castellanus’</span> <span class='ocrx_word' id='word_1_440' title='bbox 763 2934 873 2964; x_wconf 83' lang='lat' dir='ltr'>letter</span> <span class='ocrx_word' id='word_1_441' title='bbox 985 2936 1036 2964; x_wconf 67' lang='lat'>28.</span> <span class='ocrx_word' id='word_1_442' title='bbox 1063 2935 1142 2965; x_wconf 81' lang='lat' dir='ltr'>Non</span> <span class='ocrx_word' id='word_1_443' title='bbox 1162 2935 1304 2973; x_wconf 61' lang='lat' dir='ltr'>cadom]</span> <span class='ocrx_word' id='word_1_444' title='bbox 1325 2936 1411 2965; x_wconf 86' lang='lat' dir='ltr'>Hor.</span> <span class='ocrx_word' id='word_1_445' title='bbox 1434 2936 1498 2974; x_wconf 70' lang='lat' dir='ltr'>Ep.</span> <span class='ocrx_word' id='word_1_446' title='bbox 1521 2945 1542 2966; x_wconf 89' lang='lat'>1.</span> <span class='ocrx_word' id='word_1_447' title='bbox 1566 2946 1591 2966; x_wconf 95' lang='lat'>1.</span> <span class='ocrx_word' id='word_1_448' title='bbox 1612 2947 1642 2975; x_wconf 69' lang='lat'>4.</span> 
     </span>
     <span class='ocr_line' id='line_1_53' title="bbox 123 2974 1507 3017; baseline 0.004 -14"><span class='ocrx_word' id='word_1_449' title='bbox 123 2983 207 3013; x_wconf 79' lang='lat' dir='ltr'>says</span> <span class='ocrx_word' id='word_1_450' title='bbox 224 2974 389 3015; x_wconf 84' lang='lat' dir='ltr'>nothing.</span> <span class='ocrx_word' id='word_1_451' title='bbox 985 2987 1036 3017; x_wconf 84' lang='lat'>30.</span> <span class='ocrx_word' id='word_1_452' title='bbox 1063 2978 1218 3016; x_wconf 66' lang='lat' dir='ltr'>Siculus]</span> <span class='ocrx_word' id='word_1_453' title='bbox 1236 2979 1386 3009; x_wconf 82' lang='lat' dir='ltr'>Thcocr.</span> <span class='ocrx_word' id='word_1_454' title='bbox 1405 2982 1436 3009; x_wconf 74' lang='lat'>(2.</span> <span class='ocrx_word' id='word_1_455' title='bbox 1459 2989 1507 3015; x_wconf 72' lang='grc' dir='ltr'>ιι).</span> 
     </span>
    </p>
   </div>
  </div>
 </body>
</html>
