1966 3379
195 352 237 382 40

194 626 234 655 45

193 901 234 929 50

192 1175 232 1204 55

189 1442 231 1470 60

189 2007 229 2036 70

257 123 308 158 52
690 121 948 160 LETTERS
979 121 1050 160 or
1080 121 1348 161 ERASMUS
1710 125 1832 173 [1532

258 229 503 274 notaucrat)
532 227 604 275 qui
634 230 676 263 te
706 226 816 264 fictis
847 227 1079 265 mendaciis
1106 231 1150 265 et
1178 227 1402 265 calumniis
1430 227 1707 266 reddiderant
1730 229 1831 266 mihi

258 281 483 318 infensum.

312 336 407 373 Alia
438 335 632 386 pluscula
664 336 955 374 huiuscemodi
987 337 1150 375 contuli
1182 351 1278 375 cum
1309 337 1589 388 Polyphemo,
1619 351 1728 387 quae
1757 352 1832 376 nec

256 404 382 428 curae
404 391 600 441 publicae
621 404 697 429 nec
720 392 787 429 lex
809 392 882 429 illa
902 393 1013 429 inter
1033 405 1109 429 nos
1126 391 1348 442 ἀμνηστίας
1366 393 1532 442 patitur
1549 393 1614 430 hic
1637 393 1831 439 describi,

257 447 334 483 nisi
357 446 467 483 forte
488 445 737 496 μνησίκακος
758 447 905 484 haberi
929 447 1070 485 velim.
1123 447 1318 493 Proinde,
1342 449 1399 484 mi
1421 447 1610 493 Erasme‚
1634 449 1666 485 si
1689 449 1831 485 amici-

257 502 342 538 tiae
372 505 543 538 nostrae
571 514 664 538 eam
695 514 825 551 quam
854 506 902 539 tu
932 502 1335 547 reconciliationem,
1358 515 1433 552 ego
1462 504 1830 540 continuationem

256 557 531 605 interpretari
553 556 679 601 soleo,
701 561 918 594 seruatam
945 561 1154 607 perpetuo
1183 562 1320 606 optas,
1343 557 1409 594 fac
1438 558 1521 595 ista
1549 562 1626 595 tua
1652 558 1833 607 epistola

257 611 335 655 vel,
367 612 401 647 si
432 612 581 655 mauis,
614 611 759 649 libello
789 616 1049 662 cognoscant
1080 612 1272 649 homines
1304 612 1370 649 vcl
1404 625 1469 649 me
1498 625 1594 649 eum
1627 625 1712 650 non
1743 626 1832 650 esse

254 679 378 715 quem
399 667 485 703 tuis
501 666 715 704 coloribus
732 668 793 704 ita
807 667 1025 716 depictum
1041 668 1315 717 suspicantur
1331 667 1397 704 vel
1413 667 1559 705 alienis
1577 667 1684 705 dolis
1702 668 1830 705 fuisse

255 726 357 758 tunc
389 725 431 758 10
462 734 487 758 a
518 734 584 758 me
614 721 934 768 abalienatum;
971 735 1048 772 ego
1079 735 1180 759 vero
1210 726 1422 771 quantum
1455 723 1496 759 in
1528 735 1594 759 me
1625 727 1690 760 est
1720 722 1833 760 dabo

253 789 426 825 operam
450 776 599 814 sedulo
621 781 669 814 vt
690 778 898 826 percipias
919 777 1066 814 multis
1089 777 1224 814 modis
1246 777 1413 814 nullum
1435 790 1524 815 esse
1540 778 1613 826 qui
1635 782 1677 815 te
1700 778 1833 827 magis

253 835 369 868 amet
397 844 526 880 quam
554 844 643 881 ego,
672 832 715 869 id
743 832 858 881 quod
889 832 1093 869 libentius
1123 832 1278 869 faciam
1307 845 1439 881 quum
1471 832 1657 881 perfecte
1686 833 1834 870 videro

253 885 308 935 μὴ
331 885 460 926 οὕτως
481 885 581 923 εἶναι
600 886 645 924 σὲ
667 887 904 937 ταχυπειθῆ,
926 887 967 924 id
990 887 1105 936 quod
1133 887 1184 924 de
1210 892 1253 924 te
1278 887 1416 924 solum
1444 887 1559 937 apud
1585 888 1743 925 amicos
1765 887 1832 925 vel

254 954 340 978 vno
363 942 492 979 verbo
514 943 716 991 conqueri
745 942 979 991 aliquando
1004 943 1218 987 consueui,
1243 955 1375 991 quum
1401 942 1452 979 de
1479 943 1527 979 iis
1553 956 1662 991 quae
1687 942 1764 980 abs
1789 946 1832 980 te

255 997 295 1033 in
318 1009 383 1033 me
407 996 521 1034 haud
545 998 679 1034 amice
700 998 859 1047 scripta
881 1001 1022 1034 essent
1043 998 1085 1034 in
1108 1010 1346 1034 sermonem
1369 997 1664 1035 incideremus.

308 1050 390 1089 Sed
408 1052 675 1089 considerare
693 1052 832 1097 debes,
851 1053 908 1089 mi
926 1052 1071 1097 frater,
1090 1052 1250 1089 multos
1268 1065 1356 1089 esse
1375 1053 1459 1101 qui,
1478 1065 1611 1101 quum
1630 1057 1830 1090 neutrum

253 1111 449 1144 nostrum
478 1111 637 1151 ament,
661 1120 738 1144 1103
766 1108 877 1144 111101
905 1120 982 1144 1103
1010 1107 1152 1144 hostes
1180 1107 1318 1144 facere
1345 1107 1574 1151 studeant;
1607 1107 1766 1157 alioqui
1798 1109 1831 1145 si

254 1161 320 1199 vel
344 1166 385 1198 te
407 1161 544 1199 solum
566 1166 776 1207 amarent,
798 1175 1069 1211 nequaquam
1093 1162 1313 1199 hominum
1337 1163 1418 1199 mei
1439 1162 1641 1200 similium
1667 1163 1832 1200 animos

253 1217 294 1253 in
317 1220 359 1254 te
381 1217 660 1254 concitarent.
721 1216 860 1255 Debes
882 1221 926 1254 et
948 1217 1053 1254 illud
1076 1221 1218 1254 tecum
1242 1221 1454 1267 reputare,
1479 1217 1592 1254 malo
1620 1217 1713 1255 fato
1739 1231 1832 1255 meo

252 1284 318 1308 me
340 1271 407 1309 vel
430 1273 614 1309 inuitum
637 1273 680 1309 in
702 1271 841 1309 aulica
862 1273 955 1310 vita
976 1273 1149 1318 versari,
1173 1273 1215 1309 in
1238 1285 1323 1321 qua
1344 1285 1476 1321 quum
1498 1271 1519 1309 ὁ
1540 1272 1684 1321 φθόνος
1706 1272 1833 1313 δεινὸς

251 1326 440 1375 τύραννος
462 1328 647 1364 maxime
668 1326 927 1373 dominetur,
949 1327 1054 1364 nihil
1076 1328 1231 1365 mirum
1255 1327 1389 1364 videri
1410 1327 1539 1365 debet
1561 1327 1720 1365 multos
1742 1341 1832 1365 esse

251 1382 323 1431 qui
346 1381 448 1419 mihi
471 1382 581 1419 male
603 1382 754 1428 velint,
773 1394 858 1420 non
880 1383 1014 1431 magis
1031 1383 1132 1432 quia
1149 1383 1191 1420 in
1209 1395 1275 1420 me
1293 1382 1455 1432 aliquid
1476 1382 1639 1420 inuidia
1656 1383 1831 1432 dignum

252 1436 442 1482 videant,
465 1441 542 1474 aut
563 1438 664 1486 quia
685 1450 727 1474 se
749 1450 774 1474 a
795 1450 862 1474 me
884 1437 951 1475 vel
975 1437 1108 1474 hilum
1131 1437 1313 1475 offensos
1342 1443 1614 1487 cognoscant,
1637 1438 1710 1475 scd
1732 1438 1833 1487 quia

250 1496 376 1529 tanta
403 1496 468 1529 est
497 1492 752 1542 improbitas
781 1493 1070 1541 iniquitasque
1096 1493 1219 1530 istius
1248 1492 1408 1542 stupidi
1439 1492 1624 1541 malique
1647 1493 1760 1538 secli,
1784 1497 1832 1530 vt

249 1559 346 1584 cum
364 1546 536 1584 Catullo
553 1547 780 1596 epistolam
799 1547 957 1592 finiam,
976 1560 1113 1596 neque
1135 1547 1240 1585 alias
1257 1560 1408 1585 causas
1425 1547 1573 1584 multis
1590 1560 1831 1585 recenseam

249 1601 406 1651 quibus
438 1603 520 1645 isti,
547 1603 750 1651 ignauum
779 1602 866 1639 fuci
897 1615 1036 1652 pecus,
1067 1602 1147 1639 sibi
1177 1602 1337 1640 auferri
1369 1602 1434 1639 vel
1467 1602 1572 1640 nihil
1603 1603 1829 1652 agentibus

250 1661 409 1707 putant
440 1657 650 1706 quidquid
682 1661 749 1695 tot
780 1658 884 1694 meis
916 1657 1147 1702 laboribus,
1180 1661 1247 1694 tot
1279 1657 1475 1707 periculis
1509 1670 1534 1695 a
1567 1657 1830 1707 principibus

250 1712 392 1749 datur.

306 1767 409 1805 Vale
440 1771 483 1804 et
514 1767 695 1817 posthac
729 1780 753 1805 a
786 1780 852 1805 me
884 1767 1088 1817 epistolas
1120 1771 1302 1817 expecta
1334 1780 1385 1805 ex
1419 1767 1550 1805 Italia
1584 1767 1831 1805 iucundiore

248 1826 517 1871 argumento,
540 1827 588 1860 vt
614 1835 750 1872 spero,
772 1826 816 1860 et
839 1823 949 1859 veris
977 1822 1123 1860 amicis
1150 1823 1345 1872 verisque
1374 1822 1582 1860 fratribus
1607 1822 1830 1860 Germanis

248 1877 410 1927 dignas.
472 1877 637 1915 Iterum
668 1877 763 1915 vale
794 1882 838 1915 et
869 1877 1012 1915 saluta
1042 1881 1362 1927 praeceptorem
1400 1877 1503 1914 mihi
1533 1877 1829 1915 charissimum

251 1932 473 1970 dominum
496 1932 667 1978 Berum,
689 1933 723 1970 si
745 1933 839 1970 istic
861 1936 938 1978 est,
962 1945 1057 1970 meo
1077 1933 1261 1977 nomine,
1280 1932 1347 1969 vel
1366 1945 1440 1982 per
1461 1932 1620 1978 literas,
1639 1933 1673 1970 si
1693 1932 1828 1970 abest.

306 1987 445 2025 Datae
470 1987 735 2026 Ratisbonae
758 1998 840 2025 1111.
863 2000 997 2025 nonas
1019 1986 1130 2025 Iulii.
1153 1998 1394 2025 M.D.xxxn.

594 2148 724 2185 2680.
791 2144 930 2185 FROM
963 2145 1159 2186 JEROME
1195 2145 1478 2185 ALEANDER.

298 2224 474 2257 Vatican
494 2224 576 2258 MS.
598 2225 689 2258 Lat.
711 2225 820 2267 8075,
841 2224 869 2258 f.
891 2233 936 2268 73
957 2229 1014 2258 v0.

291 2308 383 2346 [The
401 2308 627 2339 letter-book
645 2309 683 2339 of
701 2308 886 2339 Aleander
904 2309 978 2345 (see
996 2308 1066 2349 Ep.
1087 2309 1172 2347 2638
1195 2308 1349 2345 introd.)
1369 2309 1464 2339 from
1482 2309 1600 2339 which
1622 2309 1697 2340 this
1716 2309 1826 2340 letter

246 2352 402 2387 derives,
428 2353 599 2383 contains
623 2353 694 2383 five
719 2353 849 2383 letters
873 2353 911 2383 of
936 2352 1120 2383 Aleander
1144 2357 1184 2383 10
1210 2353 1406 2389 Ε103111113;
1439 2353 1477 2383 of
1502 2353 1620 2383 which
1646 2353 1710 2384 the
1735 2353 1829 2390 first,

247 2397 317 2437 Ep.
345 2398 420 2434 256,
448 2397 476 2426 is
503 2397 701 2436 separated
726 2397 822 2428 from
846 2397 910 2427 the
935 2397 1043 2428 other
1071 2397 1154 2427 four
1179 2397 1228 2436 by
1253 2400 1397 2437 twenty
1422 2397 1540 2427 folios.
1588 2397 1666 2427 The
1689 2397 1827 2433 others,

247 2440 345 2480 Epp.
369 2441 512 2478 2638-9,
538 2442 702 2480 2079—80,
728 2451 790 2471 are
814 2441 945 2481 copied
970 2440 1257 2481 consecutively.
1306 2441 1383 2471 The
1408 2441 1485 2471 fact
1509 2441 1595 2471 that
1619 2441 1694 2471 this
1718 2441 1830 2472 letter

246 2484 388 2514 follows
405 2484 658 2524 immediately
675 2495 723 2515 on
742 2485 811 2525 Ep.
831 2487 918 2524 2679
935 2484 994 2515 led
1015 2484 1175 2525 Paquier
1194 2488 1234 2515 to
1255 2494 1417 2524 suppose
1440 2485 1525 2515 that
1546 2485 1576 2515 it
1593 2495 1667 2516 was
1684 2495 1706 2515 0
1723 2489 1823 2525 post-

246 2529 362 2568 script
387 2532 427 2558 to
452 2529 500 2564 it;
535 2529 603 2558 but
630 2528 681 2566 (1)
709 2530 738 2559 it
765 2527 872 2559 bears
896 2529 1041 2560 neither
1066 2529 1153 2559 date
1179 2539 1246 2559 nor
1272 2528 1395 2568 place;
1430 2530 1478 2566 (2)
1504 2529 1574 2569 Ep.
1602 2531 1687 2568 2679
1711 2539 1828 2559 seems

247 2577 286 2602 to
309 2573 402 2602 have
425 2572 515 2602 been
534 2573 673 2603 carried
697 2573 746 2613 by
764 2573 1027 2613 Polyphemus,
1046 2573 1208 2603 whereas
1232 2572 1296 2603 the
1316 2572 1427 2603 letter
1449 2576 1489 2603 to
1511 2573 1629 2603 which
1654 2573 1729 2603 this
1754 2573 1783 2603 is
1807 2583 1829 2603 a

248 2616 452 2656 postscript
476 2616 505 2646 is
528 2617 652 2646 stated
676 2621 715 2647 to
738 2617 832 2647 have
856 2617 949 2647 been
966 2616 1106 2647 carried
1129 2616 1179 2656 by
1196 2617 1260 2647 the
1278 2616 1444 2656 imperial
1463 2620 1570 2657 post;
1597 2617 1646 2656 (3)
1665 2617 1694 2647 it
1711 2627 1829 2647 seems

247 2660 411 2700 unlikely
434 2660 518 2690 that
537 2660 720 2690 Aleander
743 2661 890 2700 writing
912 2661 1006 2690 from
1030 2660 1213 2691 Ratisbon
1240 2661 1275 2690 in
1302 2669 1383 2699 1532
1407 2661 1529 2691 would
1554 2661 1720 2691 mention
1746 2661 1782 2691 in
1807 2671 1829 2691 a

246 2704 382 2743 merely
407 2704 531 2734 0031101
557 2704 702 2735 fashion
725 2705 789 2735 the
812 2704 1011 2735 likelihood
1036 2705 1074 2735 of
1099 2705 1154 2734 his
1175 2707 1298 2744 seeing
1321 2704 1498 2735 Erasmus
1523 2705 1559 2735 in
1585 2714 1718 2744 person
1743 2708 1783 2735 at
1807 2714 1829 2734 a

246 2758 334 2778 near
351 2748 450 2778 date.
500 2748 557 2778 On
578 2749 682 2779 these
703 2748 878 2789 grounds,
896 2749 1041 2788 though
1064 2748 1120 2779 for
1142 2749 1387 2778 convenience
1412 2759 1465 2779 we
1489 2749 1584 2779 have
1609 2748 1739 2789 placed
1764 2748 1828 2779 the

247 2792 358 2822 letter
376 2792 473 2826 here,
492 2803 545 2822 we
563 2802 623 2822 are
642 2792 800 2824 inclined
819 2796 858 2823 to
875 2792 963 2823 date
980 2793 1009 2823 it
1026 2802 1066 2822 as
1084 2792 1280 2832 belonging
1297 2796 1337 2822 to
1354 2792 1418 2823 the
1436 2792 1564 2832 period
1584 2801 1725 2830 1520-1.
1775 2793 1826 2822 At

247 2835 332 2866 that
357 2836 447 2866 time
473 2836 650 2867 Erasmus
675 2836 749 2866 and
778 2836 963 2867 Aleander
991 2836 1065 2866 had
1094 2836 1268 2876 frequent
1296 2837 1575 2876 opportunities
1599 2836 1636 2867 of
1664 2835 1827 2876 meeting

631 2896 728 2927 2679.
757 2905 808 2936 53.
835 2896 948 2927 debes
966 2896 1202 2936 scripsimus:
1229 2896 1342 2926 habes
1359 2895 1443 2927 MS.

708 2984 805 3015 2679.
833 2986 885 3015 62.
912 2983 1073 3023 Catullo]
1092 2984 1257 3024 Perhaps
1274 2993 1328 3024 43.
1348 2985 1378 3014 S.
