1966 3379
119 171 239 219 2651]
572 167 642 205 TO
674 166 956 204 BERNARD
987 165 1056 203 OF
1087 163 1221 202 CLES
1628 165 1678 200 25

118 277 286 324 praeter
307 273 496 310 fauorem
525 271 675 320 optimi
704 270 921 318 Principis,
951 281 1074 317 quem
1104 268 1354 317 iampridem
1383 270 1584 316 expertus
1614 272 1679 304 est
1699 274 1740 301 60

118 328 196 365 sibi
227 327 354 364 fuisse
388 326 511 369 bono,
545 329 593 362 vt
628 325 705 361 hoc
741 325 875 361 officio
912 335 995 359 non
1029 327 1117 359 tam
1154 325 1299 371 captet
1333 322 1513 370 gratiam
1550 334 1677 370 quam

117 382 283 420 referat.
342 381 421 418 Est
449 381 526 424 Vir,
555 383 603 416 vt
631 380 666 416 si
696 379 789 427 quis
817 378 937 422 alius,
967 377 1142 425 integris
1163 380 1206 412 et
1227 375 1456 424 inculpatis
1478 376 1677 418 moribus,

117 436 312 474 doctrina
333 435 461 479 varia,
480 433 701 471 recondita
721 437 764 470 et
784 436 949 476 exacta,
968 431 1151 468 multum
1175 429 1388 467 dissimilis
1410 430 1677 478 quibusdam,

117 491 189 540 qui
219 502 350 539 quum
381 489 525 526 decem
562 487 791 525 versiculos
824 490 1003 535 possunt
1035 485 1227 529 scribere,
1261 497 1337 534 pro
1373 485 1678 521 consummatis

118 545 217 582 viris
248 544 393 581 haberi
424 543 588 580 volunt.
648 542 727 579 Hic
756 541 1068 591 philosophiam
1098 552 1194 576 cum
1226 539 1405 588 poetica,
1434 538 1677 575 historicam
1699 545 1739 579 65

117 599 398 648 cognitionem
424 610 519 635 cum
548 596 863 634 mathematicis
891 594 1122 643 disciplinis
1153 594 1388 631 coniunxit.
1450 593 1679 629 Profitetur

118 653 183 690 hic
222 652 402 702 publice,
442 651 654 689 ordinario
685 650 858 695 salario,
900 649 1032 686 nihilo
1073 649 1206 685 secius
1248 648 1450 697 priuatim
1492 647 1679 684 instituit

117 707 282 756 aliquot
301 718 523 756 generosos
544 704 895 749 adolescentulos,
918 708 967 741 vt
988 703 1098 740 illius
1123 703 1274 740 domus
1301 715 1342 739 re
1365 714 1465 739 vera
1490 702 1545 738 sit
1571 703 1678 750 opti-

116 774 281 799 marum
322 760 696 804 artium‘officin&
737 760 824 808 ipse
870 771 955 796 non
1000 758 1223 795 minimum
1269 757 1392 794 huius
1438 756 1680 793 academiae

116 819 425 853 ornamentum.
485 814 595 860 Quid
630 813 807 851 multis?
865 813 1027 862 Dignus
1066 816 1131 849 est
1171 813 1243 860 qui
1283 816 1382 848 tuae
1417 810 1680 848 celsitudinis
1700 823 1740 853 70

117 870 484 908 commendatione
516 869 621 918 Regi
652 868 729 906 fiat
763 872 806 905 et
835 868 976 905 notior
1009 871 1052 904 et
1087 866 1262 904 charior.
1323 865 1596 913 Excitabitur
1626 865 1679 901 ad

115 925 296 962 alacrius
312 923 583 974 prouehenda
600 923 754 968 studia,
773 923 806 960 si
823 923 999 960 senserit
1016 921 1094 959 hoc
1112 921 1294 958 officium
1312 921 1448 970 regiae
1466 920 1680 957 maiestati

113 979 241 1016 fuisse
262 991 346 1016 non
366 979 593 1027 ingratum.

171 1033 285 1079 Vale,
308 1033 374 1070 die
396 1033 668 1070 Pentecostes
690 1032 812 1070 Anno
834 1042 1072 1069 M.D.xxxn.

447 1204 636 1256 26522653
699 1201 766 1242 ΤΟ
799 1201 1043 1241 BONIFACE
1076 1201 1362 1240 AMERBACH.

166 1271 284 1304 Basle
302 1270 384 1304 MS.
406 1270 492 1303 AN.
515 1270 590 1304 III.
615 1279 670 1311 15.
691 1272 750 1303 60.
1364 1267 1568 1310 Freiburg.

163 1320 208 1360 Q·
230 1330 288 1363 35-
1299 1327 1340 1360 31
1363 1317 1461 1360 May
1480 1321 1631 1358 0532>-

165 1387 238 1425 [An
262 1386 415 1426 original
436 1386 557 1421 letter,
575 1385 783 1426 autograph
801 1385 1040 1425 throughout.
1090 1384 1166 1415 The
1184 1384 1376 1424 year-date
1398 1383 1427 1413 is
1445 1381 1616 1423 supplied
1633 1382 1682 1422 by

115 1432 178 1462 the
195 1431 376 1461 reference
394 1434 433 1461 to
452 1430 690 1470 Sepulveda's
709 1429 977 1468 Antapoloq'ia.]

170 1489 208 1527 S.
225 1502 263 1539 p.
315 1489 523 1526 Libellum
546 1489 716 1539 gloriosi
737 1487 999 1538 Sepuluedae
1022 1489 1105 1525 iam
1128 1488 1192 1525 bis
1214 1499 1472 1537 acceperam,
1496 1487 1680 1536 primum

116 1558 137 1582 e
165 1544 349 1589 Lutetia,
379 1544 462 1581 illic
489 1556 706 1589 excusum,
732 1556 830 1580 mox
859 1556 880 1580 e
910 1542 1061 1587 Roma,
1085 1543 1157 1579 vbi
1184 1543 1369 1592 primum
1397 1553 1577 1579 excusus
1602 1544 1679 1577 est.

117 1598 226 1636 Sunt
256 1611 394 1636 merae
427 1599 588 1644 neniae,
620 1611 695 1636 nec
729 1598 853 1635 video
885 1610 974 1635 esse
1005 1597 1180 1647 dignum
1214 1597 1301 1634 vllo
1336 1608 1560 1646 responso:
1599 1594 1681 1632 alia

117 1654 249 1703 magis
270 1657 435 1703 vrgent.
1483 1689 1485 1691 .

173 1708 336 1745 Iniecta
360 1711 453 1745 erat
479 1720 572 1757 spes
600 1707 814 1745 aduentus
839 1708 915 1753 tui,
938 1707 1011 1744 sed
1040 1719 1089 1744 ea
1113 1706 1278 1744 fefellit.
1339 1705 1380 1743 Si
1409 1706 1552 1743 omnia
1580 1709 1682 1742 sunt
1702 1720 1720 1749 5

117 1775 167 1800 ex
185 1763 315 1800 animi
332 1764 558 1807 sententia,
577 1763 852 1800 vehementer
868 1762 1043 1811 gaudeo.
1080 1761 1182 1799 Vale
1199 1773 1295 1798 cum
1314 1761 1393 1798 tibi
1411 1761 1679 1798 charissimis.

174 1817 284 1854 Frib.
307 1817 512 1866 postridie
535 1817 840 1855 Eucharistias.

172 1872 310 1909 Hodie
342 1873 460 1909 venit
494 1872 549 1909 ad
582 1885 648 1909 me
680 1884 798 1909 meus
831 1871 1035 1916 CacabuS,
1069 1871 1211 1908 dicens
1244 1870 1363 1907 illum
1398 1871 1465 1907 cui
1501 1871 1682 1907 iusseras

118 1927 329 1964 committi
350 1926 516 1964 litteras
538 1926 592 1964 ad
609 1926 823 1964 Alciatum
847 1938 1057 1975 nusquam
1080 1926 1261 1963 inueniri
1284 1926 1325 1962 in
1347 1938 1487 1962 rerum
1510 1928 1680 1962 natura.

118 1980 379 2025 Admiratus,
397 1981 500 2031 quid
517 1986 638 2023 esset,
657 1982 758 2018 iussi
775 1981 966 2018 exhiberi
983 1985 1106 2018 tuum
1122 1979 1365 2030 epistolium
1383 1979 1437 2017 ad
1453 1978 1680 2017 Cacabum.
1706 1994 1743 2014 10

119 2035 199 2072 Pro
221 2035 456 2073 Bernlardo
477 2035 703 2085 legera[n]t
725 2035 955 2081 Burcardo,
977 2039 1021 2073 et
1041 2048 1118 2085 pro
1140 2035 1268 2072 Melin
1294 2034 1442 2072 Meliti.
1503 2034 1612 2071 Iussi
1634 2038 1683 2070 vt

118 2090 255 2127 adiret
294 2089 575 2128 Secretarium
611 2089 806 2136 Senatus,
842 2094 886 2128 et
925 2094 1121 2139 quereret
1155 2089 1421 2126 Bernardum
1463 2089 1603 2133 Melin,
1640 2093 1683 2125 et

119 2145 319 2182 inuentus
344 2149 421 2182 est.
481 2144 561 2182 Sed
589 2157 668 2182 nae
700 2149 746 2182 tu
775 2146 840 2182 vir
870 2145 1054 2194 prudens
1084 2158 1139 2189 eS,
1168 2145 1241 2193 qui
1271 2145 1408 2194 stipiti
1438 2145 1682 2181 committas

119 2200 358 2248 quicquam.
418 2199 675 2236 Bernlardus
708 2199 777 2237 ille
809 2212 893 2237 non
927 2200 1115 2237 mutauit
1148 2199 1409 2241 institutum,
1441 2198 1513 2236 sed
1547 2199 1608 2236 ait
1641 2210 1682 2234 se

119 2258 343 2303 expectare
383 2253 620 2291 Antonium
664 2254 874 2299 Bletzum,
917 2259 1148 2291 venturum
1190 2255 1340 2304 opinor
1379 2253 1433 2291 ad
1473 2252 1683 2291 Calendas
1706 2266 1742 2296 15

119 2320 300 2356 graecas.
347 2308 463 2346 Haec
485 2309 618 2346 adieci
641 2313 843 2346 contante
865 2308 1034 2346 Albano
1055 2308 1230 2346 Medico.
1276 2308 1379 2346 Vale
1400 2309 1530 2345 etiam
1553 2312 1683 2356 atque

119 2363 261 2408 etiam,
283 2361 454 2412 φιλτάτη
476 2362 643 2412 κεφαλή.

174 2427 340 2466 Clariss.
365 2429 457 2466 viro
478 2428 528 2466 D.
553 2429 773 2467 Bonifacio
795 2429 1089 2468 Amerbachio.

164 2527 260 2557 2652.
290 2537 317 2557 1.
344 2528 413 2566 bis]
433 2527 497 2558 See
515 2528 584 2568 Ep.
604 2530 687 2568 2637
706 2529 841 2559 introd.

164 2572 194 2600 8.
220 2571 397 2609 Cacabus]
411 2572 466 2601 ie.
483 2572 658 2607 Iacobus;
679 2583 719 2602 as
730 2572 862 2602 Cacan-

120 2614 183 2644 der
203 2615 258 2644 for
278 2614 471 2651 Aloander,
495 2616 564 2655 Ep.
584 2617 679 2653 2580.
701 2618 759 2646 (m.
808 2617 865 2646 He

121 2668 276 2697 appears
296 2662 335 2688 to
357 2658 450 2689 have
471 2659 563 2689 boon
584 2660 639 2689 for
659 2669 758 2690 some
779 2660 867 2690 time

122 2702 306 2735 Erasmus'
323 2702 501 2741 famulus,
526 2703 594 2733 but
616 2703 682 2733 left
707 2703 781 2733 him
808 2704 866 2733 be-

122 2749 238 2775 tween
262 2746 355 2785 Aug.
380 2746 453 2775 and
475 2747 538 2776 the
561 2747 631 2776 cnd
651 2747 688 2776 of
709 2747 869 2777 October

125 2797 205 2827 1532
225 2788 335 2828 (Epr-
354 2790 558 2829 2607-8-14‚
578 2799 673 2829 2735-
692 2791 759 2829 47).
809 2791 866 2820 Eo

123 2842 195 2861 was
215 2842 236 2861 a
256 2833 380 2862 nativo
403 2833 440 2863 of
465 2833 652 2873 Freiburg,
678 2835 796 2864 where
822 2835 866 2863 he

123 2875 194 2905 had
216 2886 411 2906 numerous
434 2876 603 2907 relatives
623 2878 741 2907 whom
764 2878 865 2907 Eras-

124 2929 204 2948 mus
232 2919 406 2958 regarded
433 2930 473 2949 as
501 2920 752 2960 disrcputablo
780 2921 865 2960 (Ep.

123 2962 218 2992 2868.
234 2964 346 3002 40-6).
388 2963 431 2993 In
447 2963 515 3004 Ep.
531 2965 626 3003 2788.
640 2966 680 3002 38
693 2964 868 2994 Erasmus

124 3005 264 3045 applies
278 3010 316 3036 to
334 3006 409 3037 him
421 3007 483 3038 the
496 3011 589 3038 torm
608 3007 768 3046 κλέπτης;
794 3008 865 3038 and

933 2529 967 2559 in
981 2529 1051 2568 Ep.
1067 2537 1163 2567 2735.
1177 2537 1262 2567 474)
1276 2531 1444 2567 suggests
1455 2528 1539 2558 that
1553 2527 1597 2557 he
1611 2528 1683 2557 and

933 2583 1002 2603 one
1013 2573 1050 2603 of
1066 2573 1129 2602 tho
1143 2582 1284 2602 women
1299 2575 1468 2602 servants
1482 2571 1553 2601 had
1568 2576 1682 2610 systo-

933 2616 1120 2655 matically
1142 2616 1281 2645 rohbed
1304 2616 1398 2650 111111;
1425 2616 1470 2645 cf.
1492 2616 1559 2655 Ep.
1586 2617 1682 2653 2740.

935 2661 1054 2689 where
1071 2660 1213 2697 though
1234 2660 1290 2689 his
1311 2670 1417 2689 name
1434 2659 1521 2689 (locs
1538 2662 1603 2688 not
1620 2668 1682 2697 ap-

937 2714 1024 2743 pear
1046 2704 1090 2733 he
1111 2704 1140 2733 is
1159 2703 1293 2742 clearly
1316 2703 1473 2732 referred
1498 2707 1548 2732 to.
1598 2702 1682 2731 Rof-

936 2757 1082 2776 crenccs
1110 2750 1149 2776 to
1177 2747 1252 2776 him
1281 2756 1388 2776 occur
1415 2746 1491 2775 also
1522 2746 1554 2774 in
1586 2745 1681 2784 Epp.

935 2792 1031 2829 2653.
1065 2800 1092 2825 1,
1120 2792 1216 2829 2604.
1246 2799 1273 2825 1,
1304 2792 1400 2826 2096.
1432 2799 1458 2823 1,
1483 2790 1578 2827 2872.
1607 2797 1681 2827 4—5.

935 2834 990 2863 On
1015 2834 1159 2871 leaving
1182 2833 1355 2863 Erasmus
1376 2834 1420 2862 ho
1443 2838 1537 2862 went
1559 2836 1597 2862 to
1622 2832 1684 2862 tho

935 2877 1129 2916 (follcqium
1154 2877 1346 2915 Sapientac
1365 2877 1399 2906 in
1420 2876 1606 2915 Freiburg.
1626 2886 1684 2904 sco

936 2920 1030 2960 Epp.
1053 2924 1147 2959 2607.
1171 2929 1498 2958 13-1311.1735..47.

984 2974 1031 3003 15.
1058 2964 1241 3001 Blctzum]
1253 2966 1282 2994 A
1293 2964 1400 2994 Swiss
1410 2963 1683 2995 letter-carries:

935 3018 993 3038 sce
1012 3008 1081 3047 Ep.
1103 3009 1194 3047 1784.
1217 3017 1270 3037 111.
