1966 3379
103 165 223 214 2676]
1616 161 1668 198 49

370 253 636 307 267526762677
699 250 836 291 FROM
871 250 1101 290 AMBROSE
1136 249 1402 290 PELARGUS.

155 333 356 376 Pelargus‚
379 330 555 365 Bellaria
574 330 619 363 fo,
640 329 708 363 H4.
1339 328 1588 372 <Freiburg>

1298 377 1471 421 <e.Ju1y
1494 383 1621 420 1532>

527 456 630 482 AMB.
653 454 878 483 PELARGVS
902 454 1075 481 ERASMO
1097 454 1192 480 ROT.
1216 454 1248 481 S.

161 519 228 557 DE
245 517 481 556 coelibatus
498 515 779 566 significantia
792 514 914 552 facile
931 514 1034 551 mihi
1051 518 1193 552 tecum
1210 514 1424 559 conuenit,
1440 518 1489 551 vt
1506 514 1673 564 proprie

106 574 303 612 dicantur
327 571 507 610 coelibes
532 572 605 620 qui
632 571 787 608 viuunt
813 573 936 607 extra
964 569 1299 613 matrimonium,
1326 569 1493 606 etiamsi
1521 568 1672 606 foedis-

106 629 210 666 sime
230 631 483 671 scortentur,
506 639 554 663 ac
575 626 757 675 pariant.
817 624 1024 662 Attamen
1045 623 1267 673 prudentis
1292 636 1381 661 esse
1406 623 1592 660 arbitror
1614 624 1674 660 ita

107 684 265 721 discere
297 686 433 719 artem
466 692 705 729 vocumque
740 679 1047 729 proprietatem
1078 682 1127 715 vt
1157 691 1282 715 vsum
1313 678 1481 715 interim
1513 682 1673 722 teneat,

107 738 174 776 cui
204 750 246 774 se
276 735 596 774 accommodare
626 733 865 784 pulchrum,
888 746 935 770 ac
964 732 1199 782 pacificum.
1259 732 1346 781 Age
1374 745 1488 777 vero,
1511 731 1577 769 dic
1603 732 1675 781 qui
1695 751 1713 781 5

107 792 325 835 consistat,
343 789 458 839 quod
474 794 523 827 tu
541 791 688 838 (quum
706 788 890 826 tuendae
906 788 1022 825 vocis
1038 787 1294 837 proprietati
1310 791 1429 825 totus
1451 786 1674 832 incumbis)

107 847 209 884 dicis
229 859 279 883 ea
303 844 562 894 etymologia
585 856 715 893 quam
740 842 1018 880 iureconsulti
1042 842 1256 887 adferunt,
1278 854 1364 879 non
1389 841 1677 879 commendari

108 901 428 944 continentiam,
456 898 527 936 sed
555 899 690 935 vitam
718 897 936 947 quandam
963 897 1139 934 deorum
1167 896 1352 934 indicare
1380 909 1450 933 eos
1477 895 1675 940 voluisse,

108 968 253 994 eorum
284 955 357 1003 qui
382 966 467 991 non
496 954 582 990 sint
609 953 772 1002 alligati
801 952 1018 989 vxoribus.
1077 950 1200 989 Certe
1228 952 1262 988 si
1289 951 1483 988 coelitem
1512 963 1612 995 esse,
1635 950 1676 987 id

110 1014 175 1048 est
208 1009 322 1058 quod
358 1009 493 1046 vitam
528 1008 705 1045 deorum
740 1020 863 1057 agere
897 1006 1076 1047 felicem,
1111 1005 1258 1055 quidni
1294 1005 1485 1043 dicamus
1524 1009 1568 1042 et
1607 1017 1677 1042 eos
1700 1023 1739 1044 10

109 1065 285 1102 deorum
312 1064 447 1100 vitam
476 1062 673 1100 meditari
700 1063 774 1111 qui
803 1065 926 1099 extra
956 1061 1278 1098 matrimonium
1306 1061 1501 1097 viuentes
1528 1059 1677 1097 foedae

110 1119 262 1157 Veneri
297 1117 587 1167 indulgentius
621 1117 729 1154 dant
764 1119 966 1166 operam?
1025 1115 1117 1153 Nisi
1152 1115 1230 1153 hac
1265 1115 1359 1152 illos
1390 1115 1532 1152 felices
1567 1114 1678 1152 forte

109 1174 237 1219 dicas,
259 1186 344 1222 qua
366 1176 467 1210 sunt
491 1172 545 1209 ab
574 1171 773 1209 oneribus
801 1184 849 1208 ac
877 1171 1082 1208 molestiis
1109 1170 1371 1208 matrimonii
1399 1170 1609 1207 immunes
1630 1181 1678 1206 ac

110 1228 242 1266 liberi.
302 1226 424 1273 Quod
452 1227 504 1264 de
535 1230 790 1276 paupertate
818 1226 1066 1270 monastica,
1089 1225 1141 1262 de
1172 1224 1254 1262 fide
1283 1225 1384 1262 item
1413 1224 1582 1269 Christi,
1609 1223 1677 1261 de-

109 1282 257 1327 fendis,
280 1282 406 1319 simili
428 1281 609 1319 artificio
636 1281 752 1326 facis,
775 1280 853 1318 hoc
880 1284 946 1318 est
973 1293 1050 1330 pro
1078 1292 1194 1318 more
1223 1283 1299 1317 tuo
1327 1279 1523 1316 elabendi
1551 1279 1680 1316 rimas
1701 1294 1740 1324 15

111 1338 263 1388 queris.
323 1337 386 1374 De
406 1336 643 1385 significatu
666 1335 792 1373 simul
813 1340 856 1373 et
877 1335 1148 1384 etymologia,
1167 1333 1391 1371 insubidus
1408 1338 1451 1371 et
1472 1333 1679 1377 insubide,

112 1392 352 1430 sciscitatus
388 1404 481 1428 sum
517 1404 568 1428 ex
604 1390 825 1428 Luscinio:
872 1402 1021 1427 verum
1054 1389 1159 1426 nihil
1195 1390 1300 1426 certi
1333 1388 1572 1438 respondet,
1609 1387 1682 1425 sed

111 1447 280 1484 diuinat
301 1446 559 1484 vocabulum
581 1445 733 1483 ducere
754 1445 958 1494 originem
980 1444 1034 1482 ab
1056 1444 1266 1482 obscoena
1282 1443 1465 1481 subandi
1486 1443 1681 1493 passione

114 1514 186 1539 seu
214 1500 540 1538 extimulatione
569 1501 610 1537 in
639 1512 848 1538 venerem.
908 1499 1032 1537 Certe
1059 1498 1173 1548 quod
1201 1499 1415 1536 diuinauit
1444 1498 1680 1542 Luscinius,

113 1557 237 1594 Picus
259 1555 501 1593 Mirandula
522 1555 587 1592 vir
608 1555 695 1592 acri
723 1555 903 1604 ingenio,
926 1558 969 1592 et
997 1554 1187 1592 moribus
1211 1554 1366 1603 grauis,
1388 1553 1531 1603 palam
1558 1552 1682 1590 docet
1701 1567 1743 1589 20

113 1611 243 1648 verba
273 1610 430 1648 Iuliani
461 1610 664 1647 Rhetoris
694 1622 923 1659 exponens,
945 1621 1054 1658 quae
1083 1612 1185 1646 sunt
1212 1608 1326 1658 apud
1355 1607 1551 1653 Gellium,
1574 1607 1683 1644 libro

113 1666 275 1704 decimo
289 1678 401 1703 nono
415 1666 553 1714 capite
568 1677 693 1702 nono.
737 1664 943 1702 Subidum
961 1664 1133 1712 (inquit)
1152 1663 1193 1700 id
1215 1668 1279 1700 est
1301 1662 1414 1712 quod
1437 1666 1681 1707 venustum,

113 1734 138 1758 a
168 1720 299 1758 verbo
330 1720 495 1765 subare,
531 1719 645 1768 quod
682 1732 834 1757 venere
867 1718 1111 1756 extimulari
1148 1717 1369 1767 significat.
1429 1716 1590 1755 Contra
1622 1717 1681 1753 in-

115 1774 314 1812 subidum
350 1775 638 1819 inucnustum,
676 1778 805 1823 atque
841 1773 947 1811 adeo
982 1786 1006 1810 a
1047 1773 1206 1810 Venere
1237 1772 1424 1810 alienum
1458 1771 1681 1821 significat.

116 1830 252 1867 Locus
285 1830 326 1866 in
364 1829 462 1867 Pico
493 1829 738 1866 Mirandula
772 1828 1111 1877 nudiusquartus
1143 1827 1254 1864 forte
1289 1827 1463 1864 fortuna
1499 1826 1684 1864 occurrit
1704 1840 1743 1870 25

114 1884 314 1921 videlicet
335 1884 439 1921 nihil
462 1884 547 1921 tale
569 1884 789 1933 cogitanti,
814 1883 886 1920 sed
909 1882 1025 1920 aliud
1047 1883 1253 1931 querenti.

171 1939 233 1976 Tu
249 1939 378 1989 priori
392 1938 446 1976 ad
461 1938 858 1976 Thessalonicenses
871 1937 1054 1987 epistola
1067 1950 1195 1986 quam
1211 1936 1460 1974 iamdudum
1475 1935 1683 1986 praelegO,

115 1993 249 2031 videri
274 1997 395 2043 potes
418 1993 522 2031 illud
546 1993 667 2030 Pauli
689 1993 803 2042 ἡμεῖς
829 1992 870 2030 δὲ
898 1990 1064 2041 ἀδελφοὶ
1092 1990 1452 2042 ἀπορφανισθέντες
1480 1990 1547 2039 ἀφ’
1577 1991 1686 2039 ὑμῶν

116 2049 256 2085 minus
284 2049 478 2098 apposite
508 2048 740 2085 reddidisse
769 2049 811 2085 in
837 2047 1215 2091 Annotationibus,
1238 2046 1326 2083 Nos
1355 2050 1499 2084 autem
1528 2045 1685 2083 fratres

117 2102 236 2140 velut
270 2103 450 2153 orphani
482 2103 597 2140 facti.
657 2103 804 2152 Neque
843 2103 955 2139 enim
997 2106 1118 2152 pater
1158 2102 1230 2150 qui
1266 2101 1443 2139 orbatus
1478 2104 1544 2138 est
1576 2099 1684 2145 filiis,
1706 2114 1747 2144 30

117 2157 333 2207 orphanus
369 2162 481 2195 recte
517 2158 686 2203 dicitur,
723 2157 795 2195 sed
837 2157 914 2194 hoc
954 2156 1138 2194 filiorum
1178 2157 1321 2206 potius
1361 2156 1425 2193 e'st
1464 2155 1684 2205 epitheton

118 2213 282 2250 amissis
304 2212 565 2262 parentibus.
626 2212 753 2250 Hunc
782 2212 884 2249 mihi
913 2224 1112 2261 scrupum
1142 2212 1291 2256 exime,
1314 2210 1500 2255 obsecro,
1525 2210 1557 2247 si
1584 2209 1685 2258 quid

118 2267 228 2304 forte
250 2268 405 2305 rectius
427 2271 691 2317 compertum
716 2267 885 2304 habeas.
946 2266 1060 2303 Vale.

450 2390 657 2430 26762677.
722 2389 789 2430 ΤΟ
823 2389 1052 2429 AMBRosss
1087 2388 1354 2429 PELARGUS.

170 2469 371 2513 Pelargus,
395 2469 569 2502 Bellaria
589 2469 634 2503 f0.
655 2469 723 2502 H⁵.
1360 2466 1606 2510 (Freiburg.)

1314 2527 1366 2556 gc.
1388 2515 1488 2559 July
1512 2520 1639 2557 1532>-

490 2612 689 2639 ERASMVS
710 2612 805 2639 ROT.
831 2612 934 2638 ΑΜΒ.
960 2611 1161 2638 PELARGO
1183 2610 1263 2637 SVO
1287 2611 1318 2636 S.

178 2671 304 2710 ADEO
322 2677 413 2710 turn
432 2673 611 2711 obrutus
628 2685 742 2711 eram
762 2672 1002 2710 studiorum
1021 2671 1252 2715 laboribus,
1269 2682 1401 2719 quum
1420 2669 1497 2706 tibi
1517 2681 1539 2716 q
1549 2680 1688 2716 noque

125 2727 471 2776 respondendum
495 2732 599 2772 erat,
622 2732 670 2764 vt
693 2729 764 2764 vix
789 2728 931 2764 viuere
962 2726 1119 2763 liceret.
1181 2725 1367 2762 Tantum
1397 2723 1532 2761 abfuit
1564 2726 1609 2758 vt
1638 2722 1689 2758 de

730 2803 781 2832 28.
808 2800 898 2840 ἡμῶν
916 2801 1085 2831 Rcllaria.

168 2886 262 2916 2676.
293 2894 342 2922 19,
369 2884 574 2921 Luscinius]
594 2884 662 2914 His
678 2883 817 2914 edition
836 2884 873 2913 of
942 2883 1098 2923 Spnnish
1136 2882 1270 2914 rlxmor.
1303 2884 1585 2919 contemporary
1619 2877 1690 2907 und

124 2929 261 2959 Gellius
292 2928 477 2969 appeared
510 2932 549 2958 at
582 2928 802 2967 Strasbourg
839 2928 872 2957 in
943 2926 1061 2956 friend
1080 2926 1116 2955 of
1136 2925 1251 2955 Aulus
1271 2924 1426 2955 Gellius:
1455 2923 1508 2952 his
1529 2922 1692 2959 writings

129 2982 222 3012 1531.
944 2971 1037 3000 have
1056 2974 1118 2999 not
1138 2968 1321 2998 survivml.

171 3026 221 3047 21.
248 3016 396 3053 Iuliani]
424 3016 608 3046 Antonius
634 3015 825 3047 Julianus:
855 3025 876 3044 a
991 3022 1042 3052 27.
1057 3010 1411 3046 Thes-salonivonsvsl
1429 3019 1438 3039 1
1456 3009 1580 3039 Thess.
1599 3018 1625 3038 2.
1644 3017 1691 3045 ¹7-

169 3091 289 3121 452.10
893 3079 916 3104 Ε
