1966 3379
214 107 292 144 286
643 105 900 143 LETTERS
931 105 1001 144 OF
1031 106 1298 144 ERASMUS
1658 109 1780 156 [1533

269 209 512 256 Quaestoris
538 209 647 247 filius
674 209 855 247 Romam
884 210 1003 255 abiit,
1027 211 1118 247 visa
1139 210 1254 256 vrbe,
1278 223 1375 247 mox
1405 211 1446 248 in
1468 212 1651 261 patriam
1674 212 1779 249 redi-

154 272 194 310 85
215 269 350 302 turus.
409 264 543 301 Credo
564 264 653 302 fore
676 269 724 302 vt
745 269 787 302 te
809 277 950 302 coram
979 266 1208 302 conueniat
1235 278 1282 302 ac
1312 265 1484 310 salutet,
1506 267 1780 316 animumque

215 332 338 356 suum
360 323 404 356 et
425 318 645 356 consilium
670 319 835 368 plenius
856 319 935 356 tibi
956 319 1152 368 explicet.

270 373 359 421 Ego
380 386 479 410 sane
504 373 746 410 arbitrabar
773 375 988 423 negotium
1018 373 1096 410 hoc
1125 374 1338 423 pensionis
1367 378 1467 411 tuae
1495 375 1682 424 potuisse
1707 388 1781 425 per

216 432 379 477 patrem
402 428 604 477 expediri.
655 427 924 478 Quapropter
946 429 1140 465 iuuenem
1163 441 1240 465 sua
1256 432 1408 478 sponte
1431 429 1683 466 inclinatum
1705 443 1781 479 pro

215 482 325 519 virili
348 482 624 531 instigabam:
657 495 742 531 quo
765 483 1021 520 laudabilem
1044 483 1171 519 istam
1194 482 1462 520 voluntatem
1487 489 1779 532 exequeretur.

153 552 195 579 90
216 537 277 574 De
323 537 455 574 Riccii
501 536 609 574 libro
653 538 742 586 ipse
788 537 1006 574 iudicabis.
1079 537 1279 586 Poposcit
1322 550 1418 574 eum
1464 538 1518 575 ab
1564 538 1781 587 Ephorino

216 591 517 640 Hieronymus,
539 592 573 628 si
598 596 710 629 recte
740 591 944 636 intellexi,
966 596 1009 629 et
1035 591 1231 629 Bebelius
1257 592 1468 629 Basileam
1492 592 1679 642 pertulit.
1739 592 1781 631 Si

214 658 290 694 ego
311 645 421 683 idem
444 645 559 695 apud
586 645 706 683 illum
736 647 982 695 potuissem,
1005 646 1202 684 lubenter
1229 650 1273 683 et
1297 646 1349 683 ad
1373 651 1414 684 te
1436 647 1619 684 alterum
1641 660 1779 685 exem-

216 700 307 750 plar
328 700 547 738 ferendum
569 701 792 738 dedissem.
854 701 1141 749 Hieronymus
1164 701 1272 738 Vida
1299 700 1534 738 Canonicus
1555 707 1619 739 est
1643 702 1779 751 Regu-

215 754 326 792 laris.
387 753 543 792 Statim
567 759 709 792 tamen
732 768 780 793 ac
802 755 1054 792 eruditionis
1076 755 1155 792 sibi
1177 756 1409 805 quamdam
1436 757 1599 805 peperit
1621 758 1779 806 opinio-

152 824 194 853 95
214 822 323 854 nem,
365 810 557 859 patronis
603 810 840 847 conciliatis
881 809 1185 847 monachorum
1226 811 1554 847 contubernium
1595 811 1778 860 reliquit.

215 863 432 901 Bononiae
466 877 612 914 nuper,
650 869 698 901 vt
733 865 893 913 scripsi,
926 864 980 902 ob
1011 863 1251 902 Christeida
1286 865 1481 902 Pontifici
1517 865 1660 903 (licata
1695 867 1779 915 epi-

213 923 391 968 scopatu
433 918 619 956 donatus
654 923 732 956 est.
795 918 933 956 Huius
967 932 1015 956 ae
1050 919 1305 956 Fracastorii
1339 919 1558 957 cuiusdam
1594 921 1782 958 carmina

214 973 394 1022 primam
410 973 578 1010 laudem
593 973 707 1023 apud
723 973 856 1010 Italos
870 973 1082 1011 obtinent.
1116 974 1209 1011 Misi
1224 974 1442 1023 quondam
1457 974 1511 1011 ad
1525 974 1781 1012 Glareanum

214 1027 378 1065 libellos
399 1028 607 1077 quosdam
631 1028 864 1076 vtriusque.
926 1027 976 1065 ‘O
1001 1027 1150 1077 ἄλογος
1181 1029 1340 1066 Romae
1362 1029 1531 1066 laborat
1553 1042 1628 1078 pro
1649 1034 1780 1067 sater-

135 1096 194 1117 100
213 1082 364 1120 dotiis:
408 1082 481 1119 sed
514 1095 661 1119 vereor
693 1096 743 1119 ne
779 1083 917 1120 inuita
946 1082 1069 1120 Delia
1099 1087 1291 1120 venetur.
1351 1083 1476 1120 Nosti
1506 1083 1624 1129 illud,
1656 1083 1783 1121 Curia

214 1137 411 1174 Romana
442 1150 525 1173 non
557 1137 651 1174 vult
683 1150 805 1174 ouem
837 1138 925 1175 sine
955 1137 1064 1175 lana.
1125 1137 1306 1183 Quidam
1338 1138 1435 1175 inde
1467 1138 1569 1175 mihi
1601 1139 1782 1188 scripsit,

212 1192 332 1240 graui
353 1204 448 1228 eum
471 1191 620 1228 morbo
643 1193 788 1241 premi,
810 1196 854 1229 et
875 1193 1062 1242 corporis
1084 1197 1128 1230 et
1150 1193 1366 1242 marsupii,
1384 1196 1427 1230 et
1445 1196 1589 1230 tamen
1608 1193 1672 1230 hic
1690 1198 1782 1231 erat

213 1250 331 1283 totus
353 1247 545 1283 sericeus.

270 1300 431 1338 Romae
463 1300 733 1349 promulgata
763 1305 829 1338 est
858 1302 1037 1339 monitio
1067 1306 1218 1339 contra
1248 1301 1482 1351 Anglorum
1514 1302 1697 1351 Regem:
1740 1303 1781 1340 ni

135 1369 192 1398 105
215 1355 390 1392 reducat
411 1367 587 1392 vxorem
610 1359 711 1392 ante
739 1355 946 1393 Calendas
975 1355 1211 1406 Septembr.
1235 1357 1655 1394 excommunicatum
1684 1370 1781 1394 eum

212 1410 274 1446 iri.
335 1409 594 1447 Coronenses
629 1410 768 1447 adhuc
809 1423 833 1447 a
868 1410 1008 1448 Turca
1047 1415 1149 1448 sunt
1185 1410 1356 1449 obsessi.
1417 1411 1600 1449 Soluisse
1636 1416 1781 1449 tamen

213 1464 369 1501 dicitur
397 1464 589 1502 Andreas
613 1464 666 1502 de
694 1463 805 1510 Oria,
829 1468 878 1503 vt
902 1470 1135 1504 succurrat.
1196 1465 1382 1503 Comites
1412 1478 1435 1502 a
1466 1466 1782 1516 Rennenburgo

213 1523 355 1556 tecum
388 1531 477 1556 esse
512 1519 689 1568 gaudeo.
749 1518 855 1557 Cum
892 1519 1080 1570 Gaspare
1116 1520 1220 1558 mihi
1255 1521 1297 1557 in
1333 1520 1473 1558 Gallia
1508 1533 1663 1570 magna
1698 1521 1782 1558 fuit

212 1573 496 1618 familiaritas,
522 1586 598 1611 nec
627 1574 855 1623 quicquam
885 1574 957 1612 illo
979 1575 1068 1612 vidi
1092 1578 1170 1613 aut
1191 1575 1427 1613 modestius
1448 1579 1524 1612 aut
1551 1576 1780 1624 synceriuS.

133 1640 193 1661 110
214 1627 271 1664 Et
291 1627 367 1664 has
388 1629 584 1673 virtutes,
602 1629 776 1666 tametsi
795 1630 958 1678 generis
980 1629 1205 1680 splendore
1222 1630 1326 1667 satis
1344 1629 1542 1674 illust-res,
1560 1630 1781 1667 literarum

212 1694 379 1731 quoque
402 1682 610 1720 indefesso
631 1683 818 1732 quodam
841 1684 985 1721 studio
1007 1697 1157 1722 ornare
1179 1697 1444 1734 summopere
1467 1685 1780 1722 connitebatur.

212 1736 356 1774 Debeo
373 1741 517 1774 autem
532 1737 612 1775 tibi
629 1737 874 1787 plurimum,
890 1739 1066 1776 Erasme
1080 1739 1387 1784 colendissime,
1406 1739 1478 1776 sed
1495 1742 1641 1776 tamen
1657 1739 1782 1777 huius

212 1792 382 1829 nomine
426 1792 550 1840 cupio
596 1792 675 1829 tibi
715 1792 876 1842 aliquid
916 1797 1085 1843 quoque
1125 1793 1288 1831 debere.
1349 1793 1524 1831 Debebo
1562 1798 1707 1832 autem
1749 1795 1783 1832 si

473 1889 527 1917 99.
554 1879 675 1919 ἄλογος
692 1881 927 1921 scripsimus:
953 1880 1073 1919 ἅλαζος
1096 1882 1200 1919 VZE,
1218 1882 1262 1922 cf.
1282 1882 1350 1922 Ep.
1370 1883 1466 1912 2810.
1486 1891 1516 1921 4.

255 1989 308 2027 84.
334 1988 442 2026 filius]
461 1989 526 2020 See
544 1990 612 2029 Ep.
633 1993 728 2030 2716.
751 1993 850 2029 156n.

255 2042 309 2069 90.
336 2033 465 2071 Riceii]
483 2032 548 2064 See
566 2034 634 2074 Ep.
655 2043 752 2074 2791.
770 2044 850 2074 53n.

254 2085 307 2114 93.
335 2076 442 2114 Vida]
460 2077 525 2107 See
542 2077 611 2118 Ep.
631 2087 726 2118 2791.
745 2088 825 2118 49n.

253 2128 306 2158 97.
335 2120 568 2159 Fracastorii]
597 2121 783 2153 Girolamo
812 2122 959 2153 Fracas-

211 2167 292 2194 toro
335 2163 560 2203 (1483—1553)
607 2165 811 2205 physician,
859 2170 959 2206 poet,

210 2206 458 2247 philosopher,
479 2208 552 2238 and
573 2213 813 2240 astronomer.
861 2210 959 2241 Born

209 2254 250 2281 at
262 2250 417 2286 Verona,
430 2251 474 2281 he
486 2252 634 2282 studied
646 2257 686 2283 at
700 2253 829 2283 Padua
846 2253 963 2284 under

210 2294 466 2334 Pomponazzi‚
492 2295 561 2326 but
585 2295 630 2326 he
659 2301 769 2336 spent
796 2302 894 2328 most
925 2297 963 2327 of

210 2338 265 2368 his
282 2337 343 2368 life
360 2342 400 2368 at
417 2338 572 2369 Verona.
620 2340 688 2370 His
706 2340 820 2379 Opera
833 2341 963 2372 Omnia

209 2391 302 2411 were
327 2381 475 2421 printed
500 2386 540 2412 at
568 2383 631 2413 the
658 2383 815 2415 Juntine
843 2395 958 2424 press,

209 2424 344 2455 Venice
364 2434 458 2463 1555.
506 2426 575 2456 His
596 2426 692 2457 fame
713 2433 807 2458 rests
827 2429 958 2468 prinei—

210 2467 311 2508 pally
332 2478 379 2498 on
405 2469 460 2499 his
485 2479 594 2509 poem
618 2470 796 2510 Syphilis,
820 2472 898 2502 siue
920 2473 959 2503 de

209 2512 327 2542 morbo
359 2511 504 2547 Gallico,
538 2513 693 2548 Verona,
735 2524 828 2554 1530,
862 2515 959 2546 dedi-

209 2555 317 2586 cated
337 2559 376 2586 to
396 2555 537 2586 Bembo
557 2557 630 2587 and
650 2559 893 2598 panegyrized
913 2560 961 2599 by

210 2599 273 2629 the
305 2598 403 2629 elder
434 2599 601 2640 Scaliger.
658 2602 725 2632 His
757 2602 962 2641 Naugerius

210 2642 287 2672 siue
304 2642 343 2672 de
359 2643 496 2681 poetica
512 2644 688 2683 dialogus,
706 2646 902 2685 published
923 2647 958 2677 in

213 2695 294 2724 1555
314 2686 411 2716 after
431 2687 487 2716 his
506 2687 632 2723 death,
654 2689 682 2719 is
699 2699 721 2719 a
737 2689 905 2730 dialogue
923 2691 957 2720 in

210 2729 327 2759 which
350 2729 406 2759 his
422 2729 542 2760 friend
560 2732 601 2761 A.
622 2732 827 2772 Navagiero
847 2734 876 2764 is
895 2734 959 2764 the

210 2772 391 2813 principal
408 2774 573 2813 speaker.
623 2776 680 2806 He
698 2776 787 2806 used
804 2777 867 2807 the
884 2777 960 2807 dia-

210 2816 315 2856 logue
336 2816 430 2846 form
454 2817 489 2847 in
512 2821 585 2848 two
607 2819 713 2849 other
735 2821 855 2850 works
872 2821 959 2851 Fra-

209 2860 385 2890 castorius
402 2861 480 2890 siue
503 2861 542 2891 de
560 2862 696 2897 anima,
714 2864 786 2893 and
806 2864 962 2896 Turrius

210 2903 288 2933 siue
315 2903 355 2934 de
382 2903 623 2935 intellectione.
672 2907 740 2936 His
767 2907 881 2946 Opera
909 2909 960 2938 in-

210 2946 314 2977 clude
352 2946 429 2978 also
468 2947 519 2978 Dc
554 2950 823 2988 contusyionibus
860 2952 962 2982 three

1030 1992 1146 2022 books
1176 1991 1250 2022 and
1282 1992 1335 2022 De
1366 1991 1583 2031 Sympachia
1614 1996 1644 2022 et
1676 1992 1782 2022 Anti-

1026 2036 1157 2075 pathia
1173 2035 1234 2066 lib.
1252 2046 1355 2067 vnus.

1072 2086 1125 2117 99.
1151 2078 1285 2118 ἄλογος]
1310 2079 1452 2120 Logus;
1478 2089 1536 2110 see
1560 2079 1655 2119 Epp.
1684 2080 1780 2110 2810.

1029 2134 1062 2163 4,
1079 2123 1175 2160 2829.
1196 2125 1292 2162 26-7.

1076 2176 1148 2206 107.
1173 2166 1348 2204 Comites]
1395 2166 1562 2197 Brussels
1609 2166 1682 2197 MS.
1731 2167 1780 2197 II.

1033 2211 1143 2250 10401,
1170 2211 1194 2240 f.
1221 2213 1264 2241 60
1288 2220 1477 2250 preserves
1501 2221 1522 2240 a
1550 2210 1659 2241 letter
1687 2211 1781 2241 from

1030 2254 1171 2294 Viglius
1189 2259 1227 2285 to
1243 2254 1365 2285 Count
1381 2254 1524 2294 Gaspar
1537 2254 1782 2294 Rennenberg

1031 2298 1145 2328 dated
1165 2298 1259 2328 from
1280 2297 1407 2328 Padua
1427 2308 1473 2328 011
1497 2298 1560 2328 the
1585 2308 1684 2328 same
1709 2298 1781 2338 day

1031 2352 1071 2372 as
1095 2342 1158 2372 the
1178 2346 1328 2382 present
1347 2342 1469 2377 letter,
1486 2342 1701 2381 containing
1717 2342 1782 2372 the

1029 2385 1214 2425 following
1246 2389 1457 2416 sentences:
1484 2385 1578 2415 ‘Cur
1608 2385 1705 2415 enirn
1738 2390 1781 2416 tu

1027 2429 1147 2459 adhuc
1194 2430 1357 2469 requiras
1404 2428 1552 2459 Italiam
1590 2428 1781 2459 literarum

1027 2473 1157 2512 gratia,
1173 2473 1229 2503 cui
1247 2473 1403 2511 contigit
1422 2473 1456 2502 in
1476 2473 1618 2503 Erasmi
1631 2472 1780 2503 admitti

1029 2517 1254 2559 conuictum,
1277 2517 1340 2556 qui
1363 2516 1432 2546 tibi
1453 2526 1526 2546 non
1547 2515 1676 2546 Italiae
1699 2520 1779 2546 tan-

1029 2564 1123 2595 tum,
1145 2560 1264 2600 qualis
1287 2559 1394 2590 hodie
1416 2563 1484 2595 est,
1509 2570 1638 2590 verum
1661 2559 1781 2599 qualis

1030 2604 1128 2634 intra
1159 2603 1255 2634 mille
1286 2613 1403 2634 annos
1434 2603 1518 2639 fuit,
1552 2603 1669 2634 instar
1702 2613 1780 2633 esse

1029 2647 1170 2687 possit?
1212 2648 1262 2677 Ae
1276 2657 1371 2687 quae
1384 2647 1441 2677 hic
1455 2646 1587 2687 singuli
1600 2647 1663 2677 vix
1677 2657 1779 2687 prae-

1028 2694 1143 2726 stant,
1156 2701 1198 2721 ea
1212 2695 1254 2721 tu
1268 2691 1304 2721 in
1322 2701 1437 2721 vnum
1449 2690 1644 2720 Erasmurn
1657 2691 1781 2721 omnia

1027 2735 1133 2774 quasi
1179 2735 1214 2764 in
1261 2734 1449 2774 quoddam
1494 2735 1621 2774 copiae
1667 2744 1779 2764 cornu

1028 2778 1180 2808 collecta
1197 2777 1333 2808 videas.
1381 2777 1483 2814 Quae
1502 2782 1558 2808 est
1580 2778 1676 2807 enim
1694 2787 1780 2817 pars

1029 2821 1218 2852 literarum
1242 2831 1354 2862 quam
1374 2821 1433 2852 ille
1455 2831 1528 2851 non
1548 2821 1595 2851 ad
1619 2831 1779 2861 vnguem

1028 2865 1162 2895 callet?
1222 2865 1318 2901 Quid
1353 2869 1410 2895 est
1440 2865 1540 2905 quod
1570 2874 1726 2904 vsquam
1758 2875 1780 2895 a

1028 2919 1217 2948 quoquam
1262 2908 1352 2939 disci
1398 2912 1524 2949 potest
1569 2908 1669 2948 quod
1705 2918 1779 2938 non

1030 2952 1305 2993 promptissime
1322 2951 1380 2982 ille
1397 2953 1525 2982 dooere
1544 2952 1659 2992 possit
1673 2953 1686 2982 ¹!
1701 2951 1708 2963 '
