1966 3379
245 112 327 151 422
789 117 1093 157 APPENDIX
1126 120 1284 158 XXIII

259 217 492 257 donatione
514 220 626 258 inter
648 222 769 259 viuos
791 222 952 268 relicta,
975 223 1017 260 in
1042 224 1154 273 ipsos
1182 229 1296 263 certe
1324 225 1498 264 heredes
1527 227 1671 277 inopes
1701 233 1833 278 atque

198 283 239 313 25
260 273 487 311 sudoribus
526 276 690 323 magnis
731 289 1003 315 numerosam
1051 279 1213 327 prolem
1256 285 1552 319 sustentantes
1594 295 1678 320 non
1723 283 1834 322 male

259 327 554 374 collocaretur,
589 343 864 380 quamquam,
900 338 948 370 vt
980 333 1182 381 intelligo,
1215 335 1293 383 ipsi
1324 336 1454 372 etiam
1487 349 1530 373 se
1564 339 1745 386 pecunia
1777 338 1832 375 ab

259 382 439 420 Erasmo
460 384 653 433 profecta
670 385 858 423 fraudari
880 388 1113 436 patientur,
1136 390 1169 425 si
1190 389 1317 427 modo
1340 390 1418 439 ipsi
1441 390 1517 428 hac
1539 393 1757 430 occasione
1777 393 1832 430 ab

260 437 418 475 relictis
440 451 464 475 a
485 438 686 477 Goolenio
707 453 791 478 non
808 441 1105 487 excludantur,
1124 448 1167 479 et
1186 443 1402 481 Erasmica
1420 445 1462 482 in
1480 458 1603 483 vsum
1622 447 1830 485 studioso-

260 504 354 529 rum
383 505 610 542 puerorum
640 500 951 533 conuertantur
980 509 1114 546 neque
1140 498 1194 534 ab
1222 499 1314 535 istis
1337 499 1546 549 theologis
1573 501 1830 540 inuolentur.

199 557 241 587 30
261 546 358 596 Ipse
379 549 490 585 enim
512 550 739 594 coniectas,
763 552 802 587 in
828 564 933 599 quos
956 564 1056 588 vsus
1078 552 1265 602 theologi
1290 554 1375 591 sint
1401 557 1658 601 conuersuri,
1682 569 1832 606 nempe

260 602 301 638 in
325 604 542 652 symposia
564 604 814 654 theologica,
839 606 903 642 liis
924 606 1125 644 videlicet
1151 607 1365 645 sacrificiis
1391 609 1556 647 Erasmi
1579 615 1623 648 et
1643 610 1832 649 Goelenii

259 657 458 695 manibus
479 657 659 697 litaturi.

315 711 407 748 Tua
439 713 570 761 igitur
604 714 851 752 humanitas
884 716 950 764 pie
982 715 1144 761 fecerit,
1179 718 1212 754 si
1248 718 1339 767 pios
1375 718 1545 756 Altenai
1577 726 1758 758 conatus
1790 722 1832 758 in

259 766 525 805 vindicandis
556 769 610 805 ab
642 769 817 819 harpyis
850 769 931 807 illis
962 770 1127 808 Erasmi
1158 773 1429 821 pecunia<m>
1457 774 1682 813 adiuuerit.
1741 775 1834 822 Qua

199 831 239 861 35
259 821 301 858 in
325 834 367 859 re
389 823 422 859 si
444 827 492 860 tu
514 823 699 861 Altcnao
725 824 841 873 apud
870 826 1195 863 vniversitatem
1225 826 1533 866 Louanicnsem
1563 829 1717 867 litteris
1748 831 1833 868 tuis

259 876 406 914 adesse
428 890 513 914 non
534 880 735 927 graueris,
754 879 902 916 multis
925 879 1046 917 bonis
1069 882 1170 918 viris
1187 886 1357 930 gratum
1377 884 1558 921 officium
1582 886 1832 934 prestiteriS,

259 930 492 980 aliquando
533 934 582 980 (si
623 933 753 971 (latur
793 936 972 983 occasio)
1014 935 1233 973 luculento
1279 936 1423 986 aliquo
1472 938 1675 977 beneficio
1721 953 1831 978 com-

259 987 537 1035 pensandum.

315 1040 428 1078 Bene
451 1042 559 1087 vale,
583 1044 647 1080 vir
668 1044 950 1082 ornatissime.
998 1044 1039 1082 Si
1061 1058 1145 1083 non
1168 1047 1321 1095 pigeat,
1341 1047 1614 1086 vehementer
1635 1062 1832 1099 cuperem

198 1105 240 1136 40
260 1094 457 1133 Frobenii
482 1097 688 1135 familiam
715 1103 904 1136 veterem
933 1112 1027 1137 meo
1055 1101 1225 1138 nomine
1253 1101 1430 1139 salutari
1459 1116 1588 1152 quam
1621 1104 1832 1142 officiosis-

259 1150 374 1188 sime.
427 1151 642 1202 Imprimis
664 1158 809 1190 autem
832 1153 969 1192 Beato
992 1155 1202 1193 Rhenano
1223 1168 1290 1193 me
1312 1158 1598 1195 commendari
1622 1171 1832 1208 cuperem,

260 1205 362 1242 item
386 1206 612 1256 Episcopio
634 1212 677 1245 et
700 1208 898 1246 Artolbio
920 1211 1184 1259 caeterisque
1206 1211 1426 1249 sodalibus
1447 1212 1547 1250 olim
1571 1215 1834 1251 suauissimis

259 1259 443 1298 salutem
464 1274 515 1299 ex
543 1274 609 1299 me
634 1262 771 1300 dicere
800 1276 851 1301 ne
880 1264 1034 1313 pigeat.
1096 1264 1217 1310 Quod
1248 1266 1281 1302 si
1312 1268 1539 1316 sent<iaml
1571 1281 1646 1305 vos
1677 1282 1701 1305 a
1732 1269 1834 1306 meis

259 1314 415 1352 litteris
456 1329 541 1354 non
581 1317 824 1363 abhorrere,
865 1319 1047 1356 scribam
1089 1319 1364 1369 frequentius.
1427 1321 1626 1360 Intellexi
1669 1323 1834 1360 Erasmi

198 1381 239 1411 45
259 1370 418 1418 scripta
444 1372 643 1409 vniuersa
670 1373 748 1410 sub
773 1373 969 1411 incudem
995 1380 1197 1412 reuocata
1225 1377 1436 1425 certisque
1464 1378 1591 1414 tomis
1616 1377 1832 1427 distingui.

259 1423 309 1460 Id
331 1425 434 1462 scire
457 1426 762 1476 (lesy<des‘ren1.
825 1428 988 1466 Iterum
1012 1429 1167 1467 valeto.
1230 1430 1407 1480 Raptim
1429 1431 1751 1481 αὑτοσχεδιαστί.

1327 1484 1428 1523 Con.
1453 1486 1778 1525 Heresbachius.

470 1610 510 1650 A
530 1613 595 1651 12.
662 1611 852 1652 LETTER
885 1623 942 1652 OF
974 1611 1219 1653 BONIFACE
1253 1614 1526 1656 AMERBACH
1560 1628 1617 1657 To

773 1671 971 1712 CONRAD
1006 1673 1317 1715 HERESBACH.

308 1749 427 1783 Basle
445 1750 528 1784 MS.
549 1751 589 1785 C.
613 1751 701 1785 VIa.
723 1761 782 1795 71.
809 1763 889 1794 115.
1434 1804 1470 1837 D
1520 1755 1651 1838 ΒειίΙθ.

1394 1814 1413 1837 2
1473 1815 1582 1838 ecem
1614 1816 1655 1839 er
1678 1815 1783 1849 1539.

755 1863 828 1901 [An
846 1865 1056 1905 autograph
1074 1865 1338 1905 roughdraft]

313 1926 518 1965 AMPLISS.
538 1927 883 1978 Eruditissimoq.
900 1930 992 1966 viro
1009 1929 1059 1966 D.
1079 1928 1274 1967 Conrado
1292 1929 1592 1975 Heresbacffio,
1613 1930 1832 1968 Illustriss.

259 1981 466 2031 Principis
488 1982 689 2021 Iuliacen.
713 1983 965 2027 consiliario,
988 1984 1161 2022 domino
1182 1989 1226 2021 et
1246 1985 1383 2022 amico
1405 1985 1667 2023 honorando.

314 2035 352 2074 S.
373 2037 417 2074 P.
464 2037 631 2074 Literae
648 2042 761 2083 tuae,
780 2038 1043 2076 Heresbachi
1059 2039 1231 2083 clariss,
1249 2039 1352 2076 mihi
1369 2039 1601 2077 admodum
1624 2040 1834 2077 iucundae

259 2096 302 2128 et
323 2095 469 2140 gratae
491 2091 679 2129 fuerunt.
741 2093 806 2130 Ex
835 2093 990 2142 quibus
1015 2099 1058 2132 te
1086 2094 1140 2131 ad
1171 2093 1325 2131 altiora
1349 2098 1547 2132 enectum
1572 2098 1702 2144 atque
1727 2094 1834 2132 adeo

221 2162 239 2191 5
259 2145 613 2195 splendi<di>ores
645 2148 803 2185 amicos
836 2153 1060 2197 parantem
1091 2154 1286 2186 veterum
1322 2150 1494 2186 minime
1530 2149 1713 2186 oblitum
1745 2161 1833 2186 esse

259 2202 449 2250 cognoui.
511 2201 605 2239 Etsi
629 2207 775 2239 autem
801 2202 1033 2252 plurimum
1055 2204 1125 2240 isti
1147 2208 1223 2241 tuo
1244 2203 1419 2241 candori
1439 2203 1627 2241 deferam
1648 2204 1771 2253 eique
1792 2204 1834 2240 in

260 2255 458 2293 omnibus
493 2257 773 2306 praemodum
808 2258 1054 2307 morigerari
1088 2259 1281 2307 gestiam,
1318 2258 1361 2295 in
1396 2271 1446 2295 eo
1481 2263 1626 2296 tamen
1663 2271 1748 2308 quo
1782 2258 1834 2296 de

259 2311 434 2359 negocio
461 2311 608 2348 scribis
635 2324 702 2349 me
729 2324 781 2349 ex
810 2313 941 2349 animi
968 2314 1180 2350 sententia
1210 2313 1288 2350 tibi
1320 2313 1566 2351 satisfacere
1596 2326 1682 2351 non
1712 2325 1834 2363 posse

259 2364 557 2403 molestissime
578 2365 744 2412 ferrem,
767 2368 847 2404 nisi
869 2367 973 2404 satis
994 2368 1185 2405 animum
1203 2372 1326 2405 tuum
1344 2380 1511 2405 nossem
1533 2367 1638 2405 nihil
1659 2367 1766 2416 παρὰ
1787 2367 1834 2404 τὸ

201 2436 240 2457 10
260 2418 414 2456 δίκαιον
435 2421 748 2459 instituentem.
808 2421 881 2458 Δεῖ
904 2421 981 2471 γὰρ
1006 2422 1279 2471 συμπράττειν
1306 2426 1391 2462 τοῖς
1418 2422 1563 2471 φίλοις,
1587 2422 1688 2459 ἀλλὰ
1715 2420 1834 2471 μεχρὶ

260 2473 374 2511 θεῶν.

316 2529 498 2566 Proinde
538 2543 634 2567 cum
674 2530 842 2580 publice
877 2531 1077 2581 expediat
1118 2545 1195 2581 pro
1232 2532 1354 2570 Pauli
1389 2533 1604 2570 sententia
1636 2543 1833 2581 suprema

259 2583 479 2621 hominum
504 2585 661 2622 iudicia
688 2598 812 2623 suum
838 2586 994 2623 habere
1019 2587 1196 2632 exitum,
1226 2586 1538 2636 heredibusque
1565 2599 1615 2624 ea
1642 2586 1833 2636 inprimis

260 2638 422 2676 tuenda
443 2640 633 2684 veniant,
656 2645 931 2690 nuncupatus
960 2641 1305 2691 incomparabilis
1330 2642 1410 2678 viri
1432 2641 1481 2679 D.
1507 2641 1673 2678 Erasmi
1699 2641 1831 2685 heres,

202 2709 240 2738 15
261 2694 303 2730 in
324 2693 388 2730 his
409 2706 578 2743 quoque
600 2707 709 2743 quae
731 2695 784 2732 ob
806 2695 987 2733 aliorum
1004 2697 1284 2733 cessationem
1301 2696 1343 2733 in
1360 2708 1426 2733 me
1443 2695 1748 2740 deuoluuntm,
1766 2707 1833 2732 me

261 2748 385 2786 officii
407 2749 593 2798 suscepti
615 2762 845 2787 memorem
871 2762 961 2787 esse
988 2755 1032 2787 et
1060 2750 1114 2787 ab
1142 2751 1231 2788 eius
1261 2750 1475 2800 relligione
1506 2763 1591 2788 non
1622 2750 1833 2787 declinare

262 2807 459 2852 oportere
489 2815 650 2841 censeo.
711 2804 818 2842 Eam
850 2804 904 2842 ob
935 2817 1107 2842 eausam
1140 2805 1193 2842 ab
1226 2805 1503 2842 eruditissimi
1538 2805 1619 2842 viri
1649 2803 1833 2842 Conradi

260 2856 449 2895 Goolenii
469 2862 607 2895 morte
633 2857 780 2896 fiscum
811 2859 932 2896 bonis
959 2859 1126 2897 Erasmi
1153 2859 1343 2897 nondum
1372 2859 1456 2896 illic
1485 2859 1742 2909 dispensatis
1772 2859 1832 2895 in-

260 2912 388 2949 sidias
423 2912 597 2949 tendere
632 2913 821 2958 edoctus
858 2913 1024 2951 nullum
1060 2918 1150 2951 tam
1186 2915 1332 2964 ignoto
1367 2915 1607 2963 presentius
1648 2914 1833 2951 occurrit

200 2989 241 3011 20
261 2967 497 3012 consilium,
525 2979 653 3016 quam
680 2968 713 3004 si
739 2968 983 3006 huiusmodi
1014 2969 1218 3018 pecuniae
1249 2969 1512 3018 dispensatio
1542 2969 1668 3006 certis
1695 2967 1833 3005 modis
