1966 3379
168 397 206 425 25
228 381 409 429 deniqne
432 381 637 418 Mecenas.

229 114 307 151 268

686 112 943 150 LETTERS
975 112 1045 149 OF
1078 111 1343 150 ERASMUS

1678 113 1801 160 [1533

283 217 399 254 Obiit
427 217 480 254 ad
514 228 560 254 12
589 216 674 254 Cal.
706 216 836 254 Iulias
866 216 1015 253 Daniel
1047 216 1234 265 'Fa-vspil,
1263 217 1485 265 episcopus
1512 214 1800 261 Gebeldensis,

230 273 292 308 tui
315 273 644 313 amantissimus,
668 284 750 308 non
774 272 861 308 sine
884 272 1071 308 maximo
1092 270 1399 308 Germanorum
1430 282 1599 307 suorum
1625 283 1798 307 merore.

233 326 333 363 Erat
361 327 470 363 enirn
502 327 566 363 vir
588 339 684 363 cum
712 339 830 374 grece
861 331 954 363 tum
984 325 1115 362 latine
1144 325 1286 373 lingue
1308 325 1493 369 doctiss,
1518 325 1799 374 plurimorum

698 381 826 418 Cuius
847 381 1032 417 animam
1056 380 1225 417 Christo
1247 379 1450 424 deuoueo,
1469 380 1600 428 quite
1619 383 1800 428 tuosque

229 436 266 472 in
292 435 518 473 Nestoreos
539 449 673 473 annos
695 440 831 472 seruet
858 435 1099 472 incolumes.

281 490 489 535 Gandaui,
512 503 535 539 4
559 490 620 527 Id.
646 490 724 527 Iul.
752 500 867 537 1533.

543 545 658 582 Tuus
680 545 758 582 tibi
779 558 829 582 ex
853 545 996 582 animo
1017 544 1306 582 deditissimus
1328 543 1510 581 Iacobus
1532 543 1744 581 Hesselus.

283 616 592 666 Theologoruln
616 617 795 666 principi
818 616 995 653 Erasmo
1019 615 1322 659 Boterodamo,
1346 614 1551 664 Friburgi.

592 822 721 860 2844.

276 909 444 991 ἓῗεὴω
465 909 547 943 MS.
570 909 699 943 Rehd.
722 919 804 953 254.
831 920 910 952 133.

350 959 375 991 ².
401 969 480 992 112.

788 819 923 859 FROM
959 819 1174 859 Jooocrs
1209 818 1436 859 SASBOL‘T.

1473 908 1557 941 The
1579 908 1733 949 Hague.

1464 968 1503 1001 14
1523 957 1623 1001 July
1648 967 1751 999 1533.

571 1027 642 1064 [An
661 1026 814 1066 original
834 1026 953 1061 letter,
973 1026 1179 1066 autograpli
1199 1025 1457 1065 througliout.]

282 1085 319 1123 S.
346 1086 389 1123 P.
452 1085 654 1123 Famulus
696 1091 796 1123 tuus
837 1085 1036 1131 Quirinus
1078 1085 1240 1134 Hagius
1280 1085 1425 1122 literas
1466 1089 1562 1122 tuas
1604 1085 1802 1121 vicesimo

226 1146 381 1190 quarto
421 1141 487 1178 die
528 1141 684 1190 Aprilis
724 1141 918 1189 Friburgi
958 1141 1138 1190 scriptas
1180 1139 1281 1176 mihi
1322 1139 1510 1176 reddidit
1551 1139 1802 1176 duodecimo

227 1197 381 1233 mensis
404 1195 501 1232 Iulii
527 1196 609 1232 iam
638 1195 782 1244 elapsi.

843 1194 1036 1232 Gratiam
1067 1195 1203 1232 habeo
1231 1195 1402 1232 minime
1431 1194 1662 1255 vulgarem,
1687 1194 1799 1242 quod

226 1255 273 1287 tu
297 1251 377 1287 mei
395 1250 522 1287 fueris
540 1263 701 1288 memm
718 1250 845 1299 idque
863 1250 995 1287 literis
1012 1251 1084 1287 eci
1087 1263 1143 1286 im
1161 1249 1393 1299 significare
1410 1262 1494 1286 non
1511 1250 1566 1286 sis
1582 1254 1799 1297 grauatus.

187 1321 205 1350 5
227 1305 261 1342 V
265 1306 399 1342 tinam
421 1306 527 1342 citra
550 1310 673 1342 tuum
696 1304 1011 1342 incommodum
1035 1304 1138 1342 mihi
1166 1304 1342 1342 daretur
1369 1305 1546 1348 occasio
1571 1316 1644 1364 per
1672 1316 1800 1352 quam

226 1360 304 1397 tibi
326 1373 493 1397 rursum
515 1359 744 1409 gratificaii
766 1361 923 1410 possim
946 1364 989 1396 et
1007 1359 1230 1397 ostendere
1258 1371 1517 1409 propensum
1546 1359 1735 1396 animum
1760 1359 1800 1395 in

227 1419 267 1451 te
290 1427 442 1452 meum.

282 1469 513 1506 Hollandia
544 1474 689 1507 nostra
721 1470 868 1507 multis
900 1474 1174 1519 oppugnatur
1205 1469 1338 1505 malis.

1401 1469 1541 1505 Primo
1572 1468 1801 1517 Neptunus

226 1528 362 1561 terras
390 1525 546 1574 passim
579 1529 655 1562 aut
686 1538 759 1562 sue
790 1524 943 1561 ditioni
974 1525 1154 1561 subiecit
1184 1524 1356 1561 omnino
1387 1528 1463 1560 aut
1494 1522 1579 1560 tale
1610 1535 1705 1560 cum
1739 1522 1802 1559 his

168 1594 206 1615 10
225 1578 346 1615 fedus
368 1580 473 1623 iniit,
497 1584 545 1616 vt
568 1579 795 1616 tributarie
818 1581 858 1616 in
876 1584 1131 1628 perpetuum
1150 1578 1209 1615 illi
1224 1579 1335 1616 facte
1354 1578 1593 1615 videantur.
1638 1577 1801 1615 Deinde

226 1633 382 1671 bellum
421 1634 520 1671 solis
557 1633 828 1671 Hollandinis
860 1647 884 1671 a
918 1633 1234 1671 Lubecensibus
1270 1646 1365 1670 cum
1400 1633 1484 1670 suis
1517 1632 1801 1669 confederatis

226 1688 433 1726 indictum
456 1694 534 1733 est,
556 1693 599 1726 et
620 1689 906 1738 nauigationis
928 1688 1151 1726 commodo
1168 1688 1246 1725 hoc
1263 1700 1376 1725 anno
1393 1689 1475 1725 iam
1493 1688 1651 1738 priuati
1674 1691 1775 1724 sunt
1793 1702 1799 1731 ;

225 1742 317 1780 aliis
349 1744 496 1780 vicinis
527 1744 770 1793 prouinciis,
796 1744 1045 1793 imperatori
1075 1744 1208 1780 eciam
1239 1743 1453 1787 subiectis,
1481 1743 1651 1779 interim
1682 1743 1799 1779 naui-

224 1797 438 1847 gantibus,
461 1799 582 1847 quasi
612 1811 697 1836 non
725 1798 906 1835 eundem
936 1798 1124 1836 habeant
1146 1798 1390 1848 principem.
1452 1797 1661 1841 Preterea,
1685 1796 1799 1846 quod

168 1867 205 1896 15
226 1853 415 1890 omnium
444 1854 846 1903 estgrauissimum,
869 1854 994 1890 sectis
1022 1853 1231 1890 scinditur
1259 1852 1435 1902 vulgus:
1468 1864 1550 1901 que
1579 1851 1798 1901 suppullu-

226 1907 362 1944 lantes
379 1920 430 1945 ne
448 1909 488 1945 in
506 1909 760 1945 immensum
777 1912 982 1953 crescant,
999 1907 1109 1945 ferro
1131 1912 1175 1945 et
1193 1908 1277 1957 igni
1296 1911 1513 1956 vtcunque
1531 1906 1797 1943 cohibentur.

225 1960 377 1999 Omnia
417 1975 512 2000 vere
548 1962 763 2000 fluctuant
799 1975 873 2000 nec
910 1967 1091 2012 apparet
1124 1962 1235 2000 vnde
1271 1961 1385 1999 salus
1424 1966 1467 1999 et
1508 1961 1800 2010 tranquillitas

225 2017 429 2054 oriantur.

225 2071 436 2120 dignetur.

490 2016 635 2055 Solum
668 2022 870 2067 superest,
903 2023 952 2055 vt
985 2017 1193 2054 Dominus
1226 2017 1456 2054 clementer
1487 2028 1564 2053 nos
1597 2017 1799 2065 respicere

281 2126 573 2175 Tranquillam
606 2127 685 2164 tibi
716 2140 880 2177 semper
910 2140 1085 2176 praecor
1115 2132 1394 2171 senectutem,
1427 2132 1476 2163 vt
1506 2126 1672 2163 fructus
1703 2125 1798 2162 inde

225 2193 389 2230 semper
409 2183 543 2218 maior
568 2181 749 2219 literatis
770 2187 813 2219 et
842 2182 980 2219 doctis
1008 2182 1224 2219 obueniat.

226 2235 304 2272 bus
326 2235 404 2272 tibi
426 2235 529 2273 bene
550 2235 809 2274 fauentibus.

280 2289 344 2326 Ex
368 2289 502 2339 Haga,
530 2302 577 2341 14
599 2291 666 2328 die
689 2291 786 2328 Iulii
811 2301 927 2339 1533.

1286 2181 1398 2218 Bene
1420 2180 1515 2218 vale
1543 2193 1639 2217 curn
1667 2181 1797 2217 omni-

967 2346 1148 2384 Iodocus
1170 2344 1368 2390 Sasbout‚
1391 2358 1443 2382 ex
1465 2346 1606 2382 animo
1628 2349 1740 2382 tuus.

280 2415 648 2454 Excellentissimo
662 2429 776 2454 sacre
791 2417 941 2467 pagine
956 2417 1181 2467 professori
1192 2416 1409 2454 Desiderio
1422 2416 1600 2454 Erasmo
1618 2415 1796 2456 Rotero-

225 2470 363 2515 darno,
388 2470 581 2546 Friburgi
604 2471 787 2521 Brisgoe.

269 2569 365 2599 2843.
393 2579 443 2599 22.
479 2570 644 2609 Tayspil]
685 2571 750 2601 See
786 2571 855 2610 Ep.
893 2580 970 2601 1221

225 2612 360 2643 introd.
417 2613 494 2643 The
534 2614 642 2644 Peter
681 2614 832 2654 Tayspil
871 2615 975 2645 there

224 2656 437 2687 mentioned
452 2667 525 2687 was
543 2658 598 2687 his
617 2658 779 2688 brother.
807 2659 975 2689 Another

226 2700 376 2731 brother
396 2711 470 2730 was
488 2701 609 2734 John:
638 2702 711 2731 and
735 2702 838 2732 there
858 2712 932 2732 was
955 2712 976 2732 a

225 2745 332 2774 sister
354 2744 469 2784 Mary.
519 2745 595 2774 The
618 2745 739 2775 father
756 2756 830 2775 was
849 2746 976 2776 James

224 2788 374 2828 Tayspil
413 2788 450 2818 of
489 2788 732 2819 Nieuwkerke
771 2789 892 2826 (Cran.
932 2789 974 2819 E.

225 2842 259 2872 p.
280 2833 389 2870 323e).

1088 2571 1185 2601 2844.
1215 2580 1242 2601 1.
1269 2570 1408 2608 literas]
1427 2570 1501 2601 Not
1520 2574 1664 2601 extant.

1087 2616 1118 2645 S.
1146 2615 1359 2654 Neptunus]
1401 2614 1472 2645 For
1509 2615 1574 2644 the
1610 2613 1726 2644 floods
1760 2613 1797 2643 of

1044 2659 1129 2689 Dee.
1151 2667 1231 2697 1532
1250 2669 1308 2688 see
1327 2658 1459 2688 Henne.
1476 2659 1523 2688 vi.
1543 2658 1596 2697 48.

1092 2712 1141 2732 11.
1169 2702 1318 2739 bellum]
1346 2702 1416 2732 For
1443 2702 1506 2732 the
1531 2711 1606 2731 war
1630 2701 1796 2731 between

1046 2746 1195 2777 Lnbeek
1219 2746 1292 2776 and
1319 2745 1480 2776 Holland
1506 2755 1563 2775 see
1588 2745 1720 2775 Henne
1748 2745 1796 2774 vi.

1045 2799 1086 2829 47
1103 2800 1178 2830 seq-
