1966 3379
112 119 234 167 2824]
1593 113 1671 150 249

453 222 658 262 2⁷⁷22824.
723 221 861 261 FROM
884 220 1084 261 THOMAs
1108 219 1319 261 BOLEYN.

160 313 325 347 Breslau
346 312 427 346 MS.
449 311 577 345 Rehd.
600 321 682 355 254.
706 320 785 352 152.
1335 310 1578 345 Greenwich.

157 362 257 396 EE2.
282 371 361 402 109.
1282 369 1325 399 19
1343 359 1450 392 June
1470 366 1621 403 s1533>.

154 429 226 466 [An
251 428 402 468 original
430 428 550 461 letter,
578 427 724 457 written
753 427 803 466 by
830 437 852 457 a
880 429 1083 465 secretary:
1114 425 1134 455 l.
1154 434 1194 465 27
1212 425 1283 456 and
1311 426 1374 456 the
1399 427 1585 466 signature
1609 438 1670 459 are

107 473 227 503 added
248 473 296 511 by
317 472 468 511 Boleyn.
516 471 592 501 The
617 471 807 510 year-date
831 481 899 500 can
925 470 968 500 be
993 469 1162 509 supplied
1188 469 1275 499 with
1301 471 1496 509 certainty,
1516 471 1670 502 because

108 516 247 556 Boleyn
267 516 404 546 thanks
425 515 599 545 Erasmus
620 515 675 544 for
695 515 758 544 the
781 513 1001 553 Explanatio
1023 513 1181 552 Symbolzss
1204 513 1343 549 (March
1371 516 1466 552 1533)
1489 515 1562 544 and
1585 516 1670 546 asks

107 560 182 590 him
199 564 238 590 to
255 560 358 589 write
375 559 438 589 the
456 559 506 589 De
524 558 803 598 Praeparat'ione
821 559 932 597 (1534,
951 557 1039 587 with
1058 567 1079 586 a
1096 557 1241 597 preface
1262 566 1273 586 1
1295 557 1380 586 Dec.
1404 558 1528 596 1533).]

237 629 424 664 THOMAS,
448 628 590 655 COMES
612 627 933 654 WILTISHERIAE
956 627 1010 653 ET
1031 626 1274 658 ORMONIAE,
1300 627 1338 652 D.
1366 627 1538 653 ERASMO

647 681 945 709 ROTERODAMO
967 682 999 707 S.
1023 680 1062 707 D.
1087 681 1123 707 P.

160 743 289 789 QVVM
312 744 353 780 in
375 756 439 780 me
462 746 585 780 tanta
605 743 698 792 piae
718 742 965 779 literaturae
987 740 1179 779 benificia
1200 741 1441 786 contuleris,
1464 743 1528 779 vir
1549 755 1667 780 orna-

105 799 276 843 tissime,
312 802 474 847 quanta
509 797 722 835 debebant
756 796 810 833 ab
846 796 917 833 illo
951 796 1165 845 expectari
1206 809 1331 844 quem
1371 809 1516 834 omnes
1556 799 1669 835 omni

104 853 353 890 eruditionis
387 865 435 890 ac
471 852 751 889 humanitatis
783 863 930 900 genere
966 850 1179 900 preditum
1216 863 1299 887 vno
1335 863 1404 888 ore
1439 855 1667 897 testantur,

104 911 215 944 certe
239 912 282 944 et
306 920 372 944 me
396 907 475 944 tibi
499 906 889 944 coniunctissimum
914 904 1136 942 reddidisti
1159 908 1203 942 et
1227 905 1420 954 publicae
1449 905 1668 944 hominum

103 962 288 1011 opinioni
310 961 361 999 de
382 961 583 1011 singulari
604 965 680 998 tuo
700 960 881 997 candore
897 964 940 997 et
956 963 1155 1009 prompta
1172 972 1269 1008 erga
1286 961 1376 1009 pios
1394 960 1668 998 beneficentia
1688 973 1706 1003 5

103 1020 332 1065 conceptae
359 1028 443 1053 non
471 1015 597 1053 modo
624 1015 763 1052 fecisti
790 1015 906 1060 satis,
933 1014 1004 1051 sed
1033 1014 1149 1051 illam
1176 1014 1414 1063 longissime
1442 1017 1665 1064 superasti.

102 1070 249 1120 Neque
269 1071 380 1108 enim
401 1071 643 1108 existimare
664 1069 790 1107 debes
812 1073 900 1106 tam
919 1069 1122 1118 insignem
1138 1070 1267 1106 animi
1285 1070 1349 1106 tui
1365 1070 1569 1118 pietatem
1591 1075 1668 1108 aut

102 1125 227 1162 celari
255 1137 387 1175 posse,
410 1129 459 1162 vt
484 1137 569 1162 non
594 1137 667 1174 per
694 1124 882 1161 omnium
914 1123 1133 1161 hominum
1165 1136 1238 1161 ora
1269 1128 1458 1173 vagetur,
1481 1129 1557 1162 aut
1582 1137 1666 1162 non

102 1179 372 1217 vehementer
392 1193 417 1217 a
437 1179 630 1229 pluribus
654 1178 899 1223 collaudari,
921 1191 972 1215 ex
995 1191 1079 1227 qua
1104 1181 1194 1216 tam
1220 1191 1374 1228 magna
1396 1179 1562 1217 vtilitas
1582 1192 1666 1217 non

103 1234 238 1272 solum
261 1234 537 1284 presentibus,
560 1233 632 1271 sed
654 1234 832 1283 posteris
853 1245 1021 1282 quoque
1042 1236 1106 1269 est
1128 1233 1378 1270 aduentura.
1690 1248 1728 1269 10

157 1288 278 1334 Quod
313 1289 346 1325 si
382 1301 458 1338 par
492 1293 621 1338 atque
656 1288 816 1337 equalis
850 1287 982 1337 gloria
1020 1287 1225 1337 praeclari
1265 1288 1442 1325 alicuius
1482 1289 1666 1338 incoepti

99 1343 323 1380 authorem
344 1347 387 1380 et
408 1343 526 1380 illum
554 1343 836 1392 consequitur,
859 1343 931 1391 qui
958 1355 1034 1392 pro
1056 1342 1217 1379 viribus
1241 1342 1447 1388 elaborat,
1470 1356 1520 1380 ne
1541 1343 1667 1392 longa

100 1402 230 1446 atque
251 1398 369 1435 edaci
390 1398 592 1447 temporis
613 1398 733 1434 ruina
754 1397 966 1446 dispereat
988 1409 1106 1446 opus,
1129 1397 1320 1447 profecto
1345 1401 1392 1435 tu
1415 1397 1469 1435 ad
1490 1399 1666 1435 maximi

100 1452 269 1490 honoris
304 1452 473 1490 laudem
506 1453 774 1489 meritissimo
809 1451 935 1489 michi
970 1451 1265 1501 prouehendus
1301 1452 1494 1489 videaris.
1555 1452 1666 1498 Quid

99 1507 210 1544 enim
238 1511 314 1544 aut
341 1507 467 1544 michi
493 1507 655 1556 gratius
682 1511 758 1544 aut
786 1506 981 1543 omnibus
1012 1506 1243 1555 optabilius
1269 1508 1491 1556 contigisse
1523 1508 1666 1557 potuit
1688 1521 1725 1551 15

101 1574 229 1610 quam
255 1561 369 1610 quod
395 1562 673 1599 certissimum
701 1563 917 1609 nost<r>ae
943 1560 1090 1598 salutis
1119 1561 1345 1598 simbolum
1373 1561 1594 1599 adferebat
1622 1566 1665 1600 et

99 1615 362 1653 Christianae
383 1616 571 1665 religioni
592 1629 666 1653 ceu
688 1628 886 1653 ancoram
907 1615 1030 1653 addit
1050 1615 1362 1653 firmissimam?

154 1669 375 1708 Caeterum
398 1683 448 1708 ne
470 1671 649 1708 fortasse
676 1671 916 1720 improbum
944 1683 1032 1708 esse
1060 1670 1258 1708 videatur
1284 1671 1387 1708 nihil
1413 1671 1600 1709 conferre
1622 1672 1665 1709 in

99 1738 207 1768 eum,
230 1738 255 1762 a
275 1738 359 1775 quo
382 1729 552 1763 tantum
575 1725 869 1763 beneficiorum
897 1726 1143 1775 acceperim,
1166 1727 1304 1763 remisi
1326 1738 1399 1775 per
1420 1726 1532 1763 hunc
1553 1739 1663 1764 mea-

99 1793 192 1817 rum
215 1780 268 1817 ad
290 1785 332 1817 te
353 1780 571 1817 literarum
594 1780 826 1818 delatorem
849 1789 900 1828 50
922 1792 1097 1817 coronas
1123 1793 1273 1817 aureas
1302 1783 1402 1827 (non
1424 1781 1664 1819 munusculi
1685 1797 1726 1818 20

100 1835 201 1879 vice,
233 1835 307 1872 sed
336 1835 446 1884 grati
477 1836 518 1871 in
549 1839 591 1872 te
622 1835 750 1872 animi
780 1836 861 1872 mei
892 1835 1099 1882 simbolo),
1131 1836 1292 1872 maiora
1322 1835 1501 1884 posthac
1534 1840 1664 1885 atque

99 1889 306 1938 ampliora
327 1890 541 1934 missurus,
565 1890 732 1927 interim
753 1890 882 1927 etiam
904 1893 1035 1938 atque
1055 1890 1184 1927 etiam
1202 1891 1391 1939 rogitans
1409 1894 1457 1927 vt
1474 1890 1662 1928 libellum

99 1943 282 1993 aliquem
319 1944 369 1981 de
405 1945 728 1993 praeparatione
760 1944 814 1981 ad
848 1944 1113 1981 moriendum
1149 1957 1277 1993 quam
1313 1946 1496 1994 primum
1532 1947 1665 1995 possis

98 1998 296 2035 effectum
319 2000 543 2036 curaueris.
595 1999 652 2036 Et
681 2000 715 2036 si
745 1998 847 2048 quid
877 2000 957 2036 erit
988 2000 1029 2036 in
1060 2011 1145 2047 quo
1177 2012 1269 2036 mea
1299 2012 1427 2049 opera
1457 2000 1663 2037 vtendum

99 2054 329 2102 putaueris,
352 2053 487 2090 modis
508 2053 703 2090 omnibus
723 2054 872 2098 enitar,
896 2066 980 2102 quo
1002 2054 1086 2091 tuis
1108 2055 1219 2092 votis
1241 2054 1530 2103 respondeam.
1686 2070 1725 2100 25

154 2107 268 2145 Vale.
328 2107 638 2145 Grenewichiae
663 2113 730 2155 130
752 2108 901 2145 Kalen.
926 2108 1035 2145 Iulii.

155 2161 287 2211 Rogo,
311 2166 360 2199 vt
380 2176 446 2200 me
468 2163 624 2200 habeas
644 2176 695 2200 ex
718 2175 891 2200 numero
913 2164 1145 2200 amicorum
1168 2167 1352 2201 tuorum.

854 2217 1038 2255 Thomas
1059 2218 1315 2267 Wyltsherie.
1336 2222 1379 2256 et
1401 2217 1609 2256 Ormonie.

436 2392 563 2430 2825.
629 2389 695 2429 To
718 2389 878 2429 PETER
900 2389 1032 2429 PAUL
1054 2389 1317 2431 VERGEmo.

148 2472 322 2506 Vatican
343 2473 549 2513 Archives‚
569 2473 699 2507 Nunz.
721 2473 761 2506 di
781 2473 1013 2513 Germania,
1359 2474 1564 2518 Freiburg.

195 2522 273 2555 vol.
296 2525 354 2563 56,
376 2523 402 2555 f.
425 2532 483 2566 54.
1272 2534 1316 2557 ΖΟ
1334 2524 1443 2557 June
1463 2529 1613 2566 &153352

141 2588 232 2626 [The
250 2588 432 2628 following
449 2593 593 2620 extract
612 2589 640 2619 is
659 2589 772 2620 found
789 2590 822 2619 in
838 2600 885 2620 an
899 2590 1050 2630 original
1066 2590 1175 2621 letter
1189 2591 1350 2627 (written
1370 2591 1419 2630 by
1432 2602 1452 2621 a
1467 2591 1664 2630 secretary)

98 2631 190 2662 from
214 2632 253 2662 P.
280 2633 317 2662 P.
338 2633 509 2672 Vergcrio
529 2638 568 2664 to
587 2634 665 2664 Jac.
691 2634 855 2667 Salviati.
878 2634 990 2665 dated
1015 2634 1108 2665 froin
1133 2635 1274 2665 Vienna
1302 2645 1338 2665 10
1357 2635 1447 2675 July
1473 2643 1565 2673 1533.
1592 2635 1663 2664 und

97 2686 177 2706 now
196 2677 390 2715 preserved
411 2678 443 2706 in
463 2678 526 2707 the
543 2678 698 2707 Vaticani
719 2678 904 2707 Archivvs.

141 2720 249 2750 Peter
267 2720 356 2750 Paul
375 2721 545 2759 Vergcrio
564 2722 815 2761 (14s>8?<15(›5)
834 2732 907 2751 was
925 2722 1014 2751 born
1033 2726 1072 2752 at
1090 2722 1322 2761 Capodistria
1339 2722 1411 2751 and
1431 2721 1606 2756 belonged
1626 2726 1664 2751 to

97 2763 160 2793 the
178 2773 276 2793 sanie
295 2764 402 2794 noble
421 2764 546 2804 family
563 2776 604 2795 as
622 2765 729 2795 Potor
748 2765 835 2795 Paul
855 2765 1037 2803 Vei-gorio,
1057 2767 1119 2795 the
1142 2767 1341 2797 hunuinist.
1361 2766 1441 2795 who
1464 2765 1548 2794 <limi
1571 2766 1661 2803 1428.

98 2807 155 2836 Hc
172 2818 245 2837 was
267 2808 446 2838 educati-d
471 2812 511 2838 at
536 2808 663 2839 Padua
688 2809 764 2845 (Dr.
791 2809 828 2839 of
854 2809 956 2839 Laws
986 2811 1080 2847 1518)
1106 2809 1179 2839 and
1207 2809 1366 2849 pursuvd
1393 2809 1454 2838 tho
1481 2809 1547 2838 law
1574 2809 1663 2839 both

97 2850 200 2880 thero
224 2851 297 2881 and
323 2852 357 2881 in
384 2852 527 2882 Verona
552 2853 624 2883 and
650 2853 795 2882 Venice.
847 2853 900 2883 Hc
925 2863 998 2883 was
1025 2853 1180 2883 married
1205 2859 1239 2882 at
1267 2853 1398 2882 Venice
1420 2853 1455 2881 in
1484 2855 1576 2889 15:15.
1597 2853 1663 2882 hut

97 2894 238 2934 shortly
255 2895 362 2931 after,
380 2906 427 2926 on
449 2896 511 2926 the
532 2896 644 2927 death
667 2896 705 2926 of
727 2897 782 2929 his
805 2897 898 2931 wife,
922 2897 965 2926 ho
989 2898 1077 2927 took
1100 2896 1225 2927 orders
1246 2896 1319 2926 und
1341 2897 1375 2925 in
1403 2905 1484 2934 1530
1506 2900 1601 2925 went
1625 2900 1663 2925 to

665 2957 762 2987 2824.
793 2966 841 2996 17.
868 2956 982 2987 addat
1001 2957 1082 2987 MS.
