1966 3379
262 111 340 148 242
690 110 947 149 LETTERS
979 110 1049 148 OF
1079 109 1345 149 ERASMUS
1706 112 1829 159 [1533

263 216 354 253 dias
394 216 663 253 concitarunt
700 215 846 264 quales
886 216 927 252 in
967 215 1149 265 epistola
1189 215 1293 253 mihi
1334 215 1537 264 depingis,
1599 213 1679 252 Sed
1723 215 1826 253 nihil

264 272 417 308 mirum
446 272 479 307 si
512 271 553 307 in
582 270 821 307 istiusmodi
858 270 1068 308 sodalitiis
1103 270 1296 307 nonnulli
1330 270 1437 307 tales
1473 270 1750 307 inueniuntur
1786 271 1826 307 in

182 341 244 371 295
264 326 418 375 quibus
441 330 623 362 mentem
646 326 771 362 citius
792 338 919 374 quam
946 330 1136 362 ventrem
1159 326 1370 374 requiras:
1403 325 1601 362 nimirum
1624 325 1738 373 quod
1761 324 1826 362 hic

265 381 305 417 in
329 380 538 429 plerisque
562 381 718 429 primas
740 380 819 417 sibi
841 380 1027 417 vindicet
1045 393 1176 429 quum
1201 381 1286 416 sint
1308 380 1419 416 illius
1437 379 1531 429 plus
1553 381 1656 416 satis
1678 381 1824 416 securi.

265 435 490 472 Caeterum
513 436 641 472 fucrit
663 436 833 472 omnino
856 435 965 472 male
994 435 1135 471 feriati
1164 435 1344 471 hominis
1372 435 1553 484 ineptias
1585 434 1825 471 huiusmodi

264 491 425 527 omneis
452 491 657 539 persequi,
682 503 787 539 quas
812 491 922 527 inter
947 491 1057 539 ipsos
1086 490 1320 539 designant,
1344 502 1498 538 easque
1529 489 1655 537 vulgo
1685 489 1826 538 palam

264 545 509 587 traduce1·c;
536 557 620 581 non
641 546 752 582 enim
774 545 897 582 video
915 544 1016 593 quid
1040 544 1205 581 fructus
1228 544 1323 581 inde
1341 545 1474 594 possit
1495 544 1672 593 decerpi.
1725 543 1827 581 Mihi

182 616 245 646 300
265 599 390 649 plane
427 601 560 637 satius
594 599 764 637 videtur
799 600 941 637 animo
976 599 1158 649 perferre
1192 612 1357 647 magno,
1392 600 1476 636 imo
1511 607 1608 635 cum·
1640 598 1826 648 quodam

266 654 549 692 Democritico
590 655 674 692 risu
716 658 998 699 contemnere,
1040 667 1167 703 quam
1210 653 1290 691 illis
1331 653 1649 691 considerandis
1688 654 1825 691 ocium

265 711 424 759 pariter
463 714 506 747 et
546 710 731 759 quictem
768 709 876 746 malo
916 709 1100 759 perdere.
1161 708 1415 758 Quanquam
1456 721 1539 745 non
1580 721 1628 745 eo
1669 708 1828 745 inficias

265 764 505 814 plusculum
528 764 747 802 molestiae
769 764 823 801 ad
841 764 1044 801 tuendam
1068 768 1274 813 perpetuo
1296 764 1449 801 mentis
1466 763 1827 812 tranquillitatem

264 820 487 857 accessisse
533 819 740 857 bonarum
789 819 1008 856 literarum
1058 819 1293 856 cultoribus
1337 819 1449 856 hisce
1494 818 1649 855 nostris
1691 817 1827 855 inulto

182 891 244 922 305
265 875 641 912 calamitosissimis
668 874 828 919 diebus,
851 874 965 923 quod
995 886 1067 923 per
1095 877 1187 910 tum
1215 874 1402 918 Lutheri,
1428 877 1521 910 tum
1547 886 1620 922 per
1647 872 1826 910 aliorum

264 929 472 967 factiones
505 930 657 967 animis
693 930 881 966 omnium
917 928 1182 966 exacerbatis
1218 928 1407 978 plerique
1443 941 1588 965 omncs
1628 927 1827 965 facillime

265 985 534 1034 suspicentur
554 985 607 1021 ab
630 984 711 1021 illis
732 988 845 1021 stare
867 996 937 1021 eos
954 983 1109 1032 quibus
1132 983 1383 1020 humaniora
1401 983 1517 1020 cordi
1534 987 1636 1020 sunt
1657 982 1823 1019 studia:

264 1040 463 1076 nimirum
505 1040 687 1089 pessima
725 1038 958 1087 eademque
994 1039 1224 1075 vanissima
1260 1039 1446 1087 persuasi
1483 1038 1827 1087 praesumptione

265 1094 472 1132 factiones
504 1093 745 1131 huiusmodi
779 1106 800 1131 e
833 1094 1041 1130 bonarum
1078 1093 1310 1137 literarum,
1342 1094 1526 1130 maxime
1559 1092 1826 1137 Graecarum,

183 1166 246 1196 310
266 1149 593 1199 repullulatione
627 1154 798 1186 exortas
829 1161 929 1185 esse.
991 1148 1125 1193 Quam
1160 1149 1192 1185 si
1226 1149 1319 1197 quis
1352 1149 1667 1197 persuasionem
1697 1152 1827 1196 queat

265 1204 433 1241 illorum
464 1205 616 1242 animis
643 1208 910 1252 extorquere,
939 1215 1023 1240 non
1052 1202 1224 1252 perinde
1252 1203 1354 1240 mihi
1384 1203 1598 1240 videretur
1627 1201 1827 1239 acerbum

265 1260 375 1296 inter
396 1259 489 1297 illos
510 1271 644 1308 agere,
662 1259 695 1295 si
712 1258 838 1295 modo
858 1257 1073 1295 Christum
1092 1258 1185 1306 quis
1203 1259 1372 1295 vnicum
1396 1270 1495 1295 suae
1517 1258 1631 1295 vitae
1653 1269 1826 1306 scopum

265 1319 490 1364 proponat,
514 1318 644 1363 atque
666 1313 720 1350 ad
742 1313 854 1350 illius
876 1313 1159 1350 imitationem
1181 1312 1337 1361 dirigat
1359 1326 1502 1350 omnes
1525 1316 1716 1349 conatus.

320 1369 463 1418 Atque
499 1369 600 1406 hacc
635 1368 807 1417 quidem
848 1368 1066 1405 hactenus.
1127 1367 1345 1417 Epistolae
1383 1380 1483 1405 vero
1524 1372 1622 1404 tuae
1659 1367 1712 1403 ad
1749 1379 1825 1411 me,

183 1440 246 1472 315
266 1425 426 1474 optime
454 1424 640 1468 Erasme,
666 1424 781 1473 typis
808 1435 1000 1468 excusae,
1024 1426 1072 1459 vt
1098 1422 1351 1459 honorificae
1379 1422 1481 1459 mihi
1506 1424 1679 1459 fuerunt
1709 1425 1826 1467 (non-

266 1478 405 1516 nullos
427 1479 538 1516 enim
561 1483 816 1528 pepererunt
837 1478 1006 1521 amicos,
1030 1478 1103 1526 qui
1125 1479 1294 1526 sequuti
1322 1482 1411 1514 tam
1440 1477 1670 1514 familiares
1697 1481 1827 1525 atque

265 1546 317 1571 ex
343 1535 483 1571 animo
512 1533 723 1583 profectas
752 1533 917 1570 Erasini
945 1545 1082 1577 voces·‚
1109 1533 1282 1582 propius
1313 1533 1587 1570 Ammonium
1618 1532 1826 1568 noscitare

267 1588 526 1636 voluerunt),
559 1589 619 1626 ita
650 1587 840 1625 nonnihil
871 1587 1054 1624 inuidiae
1089 1587 1204 1637 apud
1236 1587 1442 1636 quosdam
1478 1591 1691 1624 nostrates
1726 1585 1828 1623 mihi

266 1648 525 1693 genuerunt;
558 1656 686 1692 quam
704 1647 847 1680 tamen
866 1642 1068 1680 inuidiam
1087 1655 1163 1691 ego
1181 1655 1230 1679 ne
1249 1642 1372 1679 huius
1389 1642 1559 1691 quidem
1578 1641 1699 1678 facio.
1746 1639 1825 1677 Sed

184 1716 248 1746 320
267 1698 373 1736 illud
400 1699 543 1748 potius
570 1698 680 1735 male
711 1711 776 1735 me
808 1697 950 1742 habet,
979 1697 1094 1746 quod
1124 1698 1357 1734 amicorum
1388 1696 1677 1746 expectationi
1709 1695 1826 1732 nulla

266 1766 317 1790 ex
349 1758 470 1803 parte
498 1753 786 1790 satisfecerim.
847 1752 987 1801 Longe
1017 1752 1129 1789 enim
1157 1751 1267 1789 infra
1294 1756 1391 1789 tuas
1418 1755 1614 1801 agentem
1642 1763 1708 1787 me
1736 1763 1825 1799 rep-

267 1813 468 1858 pererunt
496 1808 845 1858 praedicationes,
873 1811 1103 1856 metuoque
1131 1819 1183 1844 ne
1208 1806 1345 1844 dicam
1374 1806 1453 1844 tibi
1482 1806 1681 1850 scribant,
1711 1804 1826 1854 quod

266 1876 351 1900 non
379 1876 428 1900 ea
454 1875 563 1912 quae
589 1863 779 1912 legerant
804 1863 846 1899 in
873 1862 1063 1911 epistolis
1084 1861 1200 1911 apud
1225 1874 1291 1899 me
1319 1874 1461 1899 coram
1490 1861 1617 1910 positi
1644 1859 1826 1897 offende-

267 1922 379 1955 runt.
440 1918 532 1955 Hoc
555 1922 698 1955 tamen
722 1922 939 1966 vtcunque
962 1916 1103 1961 habet,
1127 1921 1239 1953 certe
1262 1916 1364 1953 mihi
1392 1915 1587 1953 stimulos
1612 1914 1826 1959 addidisti,

185 1991 246 2022 325
267 1977 316 2010 Vt
339 1986 434 2010 vere
456 1985 540 2010 non
563 1977 652 2010 tam
675 1972 757 2009 dici
779 1985 906 2021 quam
929 1984 1017 2008 esse
1039 1971 1154 2020 quod
1178 1971 1306 2008 audio
1331 1970 1600 2008 contendam.
1646 1969 1827 2007 Conanti

267 2027 371 2065 bene
404 2026 597 2065 Christus
628 2028 798 2077 aspiret.
860 2026 1009 2064 Habeo
1050 2039 1148 2063 sane
1189 2026 1266 2063 tibi
1299 2027 1493 2075 gratiam,
1528 2024 1642 2074 quod
1674 2037 1749 2074 per
1784 2028 1827 2061 te

267 2082 403 2120 modis
425 2083 620 2119 omnibus
642 2082 789 2119 melior
810 2081 990 2119 euadam
1014 2094 1188 2130 semper.
1237 2081 1408 2118 Vtinam
1426 2081 1526 2118 mihi
1550 2081 1605 2117 sit
1622 2083 1826 2129 potestas,

267 2142 316 2174 vt
343 2137 573 2186 aliquando
602 2137 755 2174 referre
787 2137 924 2174 liceat.
985 2135 1097 2186 Opto
1127 2149 1219 2173 eam
1250 2137 1353 2173 mihi
1384 2135 1633 2173 felicitatem
1665 2135 1706 2171 in
1738 2135 1828 2171 vita

267 2193 522 2241 contingere,
546 2196 594 2229 vt
616 2197 657 2229 te
686 2204 827 2229 coram
854 2191 1046 2240 qualibet
1074 2191 1292 2228 occasione
1321 2191 1584 2228 conueniam.
1645 2188 1766 2234 Quod
1795 2189 1827 2225 si

185 2267 249 2296 330
266 2247 369 2284 milii
397 2246 590 2284 Christus
617 2251 793 2286 annuat,
823 2246 926 2283 nihil
955 2258 1112 2290 recuso,
1140 2246 1243 2294 quin
1271 2244 1509 2293 ἀντίρροπον
1533 2245 1736 2294 recepisse
1762 2256 1827 2280 me

268 2303 402 2339 vicem
418 2303 605 2339 omnium
621 2314 898 2351 quaecunque
913 2301 1078 2338 Erasmi
1093 2301 1261 2337 nomine
1278 2299 1385 2336 δεινὰ
1399 2312 1586 2348 vnquam
1606 2311 1827 2348 perpessus

267 2369 359 2394 sum
388 2357 614 2394 existimet.
675 2357 782 2393 Erat
804 2357 958 2392 iniecta
986 2355 1106 2392 nobis
1127 2368 1232 2404 spes5
1256 2367 1329 2404 per
1357 2355 1494 2392 nescio
1516 2366 1634 2403 quos,
1659 2358 1706 2390 vt
1732 2365 1825 2402 pro-

267 2412 362 2461 pius
393 2411 473 2448 huc
504 2411 735 2456 accederes,
767 2410 838 2448 sed
871 2423 964 2447 eam
996 2410 1194 2455 Quirinus
1225 2415 1325 2446 tuus
1358 2409 1547 2459 dispulit.
1608 2408 1696 2457 Ego
1728 2420 1828 2444 vero

267 2467 395 2504 etiam
417 2466 521 2503 nihil
543 2478 694 2515 cupere
716 2465 818 2503 mihi
840 2466 1056 2514 permitto,
1074 2466 1152 2501 nisi
1175 2464 1289 2513 quod
1312 2463 1389 2502 tibi
1411 2476 1540 2513 quam
1563 2463 1825 2500 tutissimum

186 2542 248 2573 335
268 2524 343 2566 est,
367 2521 439 2570 qui
462 2520 529 2557 vel
554 2533 671 2558 meae
699 2521 830 2570 ipsius
859 2520 973 2557 vitae
1001 2519 1222 2569 dispendio
1250 2531 1474 2568 prorogare
1503 2523 1622 2555 tuam
1651 2521 1827 2566 paratus

268 2587 373 2620 sum,
397 2576 431 2612 si
451 2575 536 2612 fors
558 2576 618 2612 ita
639 2575 761 2612 ferat.
824 2574 996 2611 Vtinam
1025 2579 1212 2624 praestes
1240 2574 1281 2611 id
1305 2573 1419 2623 quod
1448 2574 1489 2610 in
1517 2572 1699 2622 epistola
1727 2576 1827 2608 ante

268 2629 472 2667 Basilium
490 2630 575 2666 fixa
591 2629 812 2679 polliceris,
832 2634 880 2666 vt
897 2628 1044 2666 eadem
1067 2628 1148 2666 fide
1169 2633 1213 2666 et
1234 2641 1335 2665 cura
1355 2627 1533 2665 subinde
1550 2627 1670 2664 nobis
1687 2639 1827 2663 sacros

267 2697 288 2721 e
310 2685 468 2734 graecis
490 2684 683 2721 doctores
705 2686 890 2721 emittas.
951 2684 1048 2732 Legi
1071 2682 1320 2732 Symbolum
1343 2682 1438 2719 fidei
1460 2695 1533 2732 per
1554 2687 1595 2719 tc
1623 2681 1826 2725 aeditum‚

268 2739 341 2788 sed
362 2739 511 2783 obiter,
535 2739 653 2776 breui
675 2740 945 2788 repetiturus.
1007 2738 1109 2775 Mire
1131 2742 1274 2775 tamen
1303 2737 1476 2787 placuit.
1536 2736 1728 2773 Christus
1751 2740 1827 2772 tua

186 2816 250 2847 340
269 2795 411 2832 omnia
438 2806 567 2843 quam
592 2795 752 2843 optime
780 2793 973 2830 sortunet
1000 2793 1054 2830 ad
1082 2793 1212 2842 ipsius
1239 2792 1415 2842 gloriam
1437 2796 1480 2829 et
1501 2791 1712 2828 Ecclesiae
1733 2802 1825 2839 pro-

269 2854 454 2893 uectum,
477 2849 620 2886 animo
641 2861 734 2886 meo
756 2848 1026 2885 dilectissime
1052 2847 1238 2892 Erasme,
1261 2859 1445 2895 suaeque
1471 2846 1758 2896 promissionis
1787 2849 1829 2882 te

312 2979 384 3010 315.
404 2969 625 3010 typis]Epp.
641 2969 823 3008 2062(H.),
838 2969 1012 3009 2483(J.).
1127 2971 1200 3008 336.
1227 2968 1397 3008 epistola]
1416 2967 1485 3008 Ep.
1505 2970 1600 2998 2011.
1623 2967 1738 2997 132-8.
