1966 3379
95 101 216 150 2831]
578 100 736 139 FROM
768 99 999 138 THOMAS
1031 100 1192 138 MORE
1586 101 1661 138 261

95 205 293 254 Princeps
324 205 510 254 optimus
541 217 711 254 operam
739 205 828 242 eius
855 203 1117 253 improbaret
1145 216 1281 252 neque
1309 203 1522 241 nobilibus
1553 209 1666 241 esset

94 260 253 296 inuisus
275 272 348 296 nec
366 259 621 296 iniucundus
639 259 809 308 populo,
827 258 992 295 furibus
1008 263 1167 303 autem,
1186 258 1406 295 homicidis
1424 258 1664 295 haereticis-

94 327 175 362 que
196 313 413 359 molestus,
435 318 558 363 pater
582 314 670 350 eius
695 313 868 350 tandem
895 313 1075 350 Ioannes
1102 312 1258 357 Morus,
1280 325 1408 361 eques
1435 317 1477 349 et
1503 314 1544 349 in
1569 326 1665 350 eum

94 368 279 405 iudicum
298 368 487 405 ordinem
505 382 528 405 a
544 368 736 417 Principe
750 371 977 417 cooptatus
995 367 1067 416 qui
1084 367 1221 416 regius
1239 379 1457 404 consessus
1474 372 1664 412 vocatur,
1684 385 1725 414 95

94 422 220 460 homo
242 422 388 468 ciuilis,
412 423 566 466 suauis,
590 423 800 467 innocens,
819 422 946 466 mitis,
970 422 1219 466 misericors,
1243 434 1406 470 aequus
1428 426 1467 458 et
1492 422 1664 470 integer,

94 478 214 514 annis
249 477 419 526 quidem
455 478 607 526 grauis,
641 476 713 514 sed
746 488 919 526 corpore
955 475 1181 525 plusquam
1215 488 1292 525 pro
1328 480 1472 513 aetate
1508 476 1664 521 viuido,

92 536 321 580 postquam
343 544 392 568 eo
413 531 666 581 productam
689 531 767 568 sibi
790 532 924 568 vitam
947 530 1057 568 vidit
1078 534 1127 568 vt
1148 530 1281 568 filium
1304 530 1468 567 videret
1490 530 1666 579 Angliae

92 584 412 631 Cancellarium,
431 587 534 623 satis
556 586 597 623 in
618 590 732 623 terra
748 586 830 622 iam
849 598 890 622 se
907 589 1123 622 moratum
1140 589 1272 630 ratus,
1291 584 1425 622 libens
1442 586 1665 634 emigrauit

94 641 135 676 in
169 640 346 677 coelum.
407 640 463 677 At
505 640 615 677 filius
650 639 854 677 defuncto
890 644 1024 689 patre,
1059 640 1125 677 cui
1162 652 1290 688 quam
1332 639 1404 676 diu
1446 644 1665 689 supererat
1689 657 1749 678 100

92 699 378 744 comparatus,
409 699 450 732 et
483 695 646 732 iuuenis
682 695 824 732 vocari
858 699 1152 739 consueuerat,
1184 699 1228 731 et
1259 695 1348 744 ipse
1380 707 1550 743 quoque
1587 694 1664 730 sibi

93 749 332 794 videbatur,
355 750 556 786 amissum
580 750 661 786 iam
685 754 850 798 patrem
873 749 1102 798 requirens
1121 753 1164 786 et
1185 749 1350 786 aeditos
1373 761 1423 786 ex
1447 761 1490 785 se
1514 748 1665 786 liberos

91 808 276 852 quatuor
298 816 344 841 ac
362 809 538 854 nepotes
555 804 749 841 vndecim
772 804 1008 852 respiciens,
1027 803 1143 853 apud
1165 804 1353 840 animum
1377 816 1500 840 suum
1523 804 1661 852 coepit

91 871 392 907 persenescere.
444 858 577 895 Auxit
599 858 710 895 hunc
731 858 949 895 adfectum
971 859 1101 895 animi
1123 858 1349 895 subsecuta
1373 859 1520 895 statim
1544 857 1661 894 velut

91 912 334 962 adpetentis
356 914 457 950 senii
479 914 644 962 signum
671 913 855 962 pectoris
883 912 1088 950 valetudo
1117 912 1313 950 deterior.
1374 912 1528 961 Itaque
1554 925 1662 949 mor-
1688 930 1746 959 105

91 967 242 1004 talium
265 967 415 1005 harum
442 980 581 1005 rerum
602 972 732 1011 satur,
756 980 884 1016 quam
908 980 995 1004 rem
1018 980 1041 1004 a
1064 980 1195 1017 puero
1222 980 1329 1017 pene
1355 980 1520 1016 semper
1544 972 1663 1016 opta-

90 1026 224 1066 uerat,
244 1026 293 1059 vt
310 1022 483 1060 vltimos
499 1022 663 1071 aliquot
680 1023 795 1059 vitae
816 1035 916 1059 suae
937 1034 1071 1059 annos
1093 1022 1308 1059 obtineret
1329 1022 1494 1065 liberos,
1513 1021 1666 1070 quibus

91 1076 216 1114 huius
238 1078 353 1114 vitae
379 1078 558 1126 negotiis
580 1076 788 1126 paulatim
812 1089 854 1114 se
876 1076 1116 1114 subducens
1138 1076 1310 1114 futurae
1332 1082 1473 1126 posset
1497 1077 1663 1113 immor-

90 1131 304 1169 talitatem
335 1132 543 1177 meditari,
565 1144 657 1168 eam
679 1144 766 1168 rem
795 1131 968 1168 tandem
992 1132 1042 1177 (si
1070 1132 1231 1181 coeptis
1259 1136 1421 1168 annuat
1451 1131 1581 1177 Deus)
1605 1132 1663 1168 in-

90 1185 398 1235 dulgentissimi
417 1186 622 1236 Principis
639 1185 960 1235 incomparabili
975 1185 1177 1223 beneficio
1194 1187 1417 1235 resignatis
1435 1186 1665 1223 honoribus
1688 1205 1699 1225 1
1711 1205 1748 1226 10

90 1241 339 1290 impetrauit
356 1255 362 1278 :
390 1245 519 1290 atque
537 1241 614 1278 hoc
632 1240 902 1290 sepulchrum
921 1241 1012 1286 sibi,
1031 1241 1146 1290 quod
1163 1242 1313 1278 mortis
1330 1254 1427 1278 eum
1444 1253 1663 1290 nunquam

89 1296 292 1332 cessantis
313 1295 515 1345 adrepere
537 1295 726 1344 quotidie
749 1295 1144 1340 commonefaceret,
1168 1296 1390 1333 translatis
1413 1296 1492 1333 huc
1516 1296 1665 1345 prioris

90 1351 232 1387 vxoris
263 1350 439 1395 ossibus,
469 1350 753 1387 extruendum
783 1351 962 1387 curauit.
1024 1349 1145 1396 Quod
1178 1363 1228 1388 ne
1261 1356 1474 1400 superstes
1505 1350 1665 1387 frustra

89 1404 166 1441 sibi
196 1404 355 1449 fecerit,
385 1418 491 1442 neue
519 1405 785 1454 ingruentem
814 1405 1006 1454 trepidus
1034 1410 1216 1442 mortem
1246 1405 1431 1450 horreat,
1459 1405 1530 1443 sed
1559 1405 1664 1442 desi-

88 1458 203 1496 derio
217 1458 374 1496 Christi
391 1459 525 1496 libens
542 1464 733 1509 oppetat,
749 1464 1017 1508 mortemque
1033 1465 1081 1497 vt
1099 1460 1177 1497 sibi
1195 1473 1278 1497 non
1295 1461 1466 1498 omnino
1484 1465 1664 1497 mortem
1689 1479 1748 1508 115

87 1513 160 1551 sed
201 1515 371 1551 ianuam
413 1515 527 1552 vitae
567 1514 764 1552 felicioris
803 1515 1007 1559 inueniat,
1041 1515 1238 1564 precibus
1273 1528 1369 1552 eum
1406 1516 1498 1565 piis,
1533 1515 1666 1552 lector

87 1569 260 1618 optime,
284 1570 515 1618 spirantem
538 1581 684 1619 precor
706 1569 1044 1619 defunctumque
1066 1582 1332 1619 prosequere.

583 1678 855 1704 EPITAPHIVM
877 1678 990 1704 INIBI
1014 1678 1167 1705 FIXVM.

251 1737 389 1776 Chara
412 1737 600 1775 Thomae
623 1739 732 1775 iacet
754 1738 820 1775 hic
843 1738 1006 1776 Ioanna
1029 1738 1236 1776 vxorcula
1259 1739 1379 1785 Mori,

307 1792 386 1838 Qui
408 1792 624 1830 tumulum
646 1793 804 1830 Aliciae
829 1793 939 1831 hunc
962 1793 1142 1836 destino,
1161 1795 1318 1843 quique
1340 1794 1455 1832 mihi.
1689 1820 1748 1841 120

253 1847 345 1885 Vna
368 1848 470 1884 mihi
492 1847 609 1885 dedit
632 1847 723 1893 hoc,
747 1849 974 1886 coniuncta
997 1848 1237 1886 virentibus
1259 1850 1392 1894 annis,

306 1902 372 1939 Me
394 1907 518 1939 vocet
541 1907 589 1939 vt
611 1915 715 1952 puer
734 1907 778 1940 et
799 1904 912 1940 trina
934 1903 1077 1952 puella
1098 1908 1278 1953 patrem.

248 1957 396 1994 Altera
418 1958 622 2006 priuignis
645 1960 769 2006 (quae
790 1957 922 2007 gloria
944 1970 1039 1995 rara
1059 1971 1267 1996 nouercae
1289 1962 1369 2006 est)

305 2011 410 2049 Tam
434 2012 501 2061 pia
523 2024 650 2060 quam
672 2013 812 2062 gnatis
834 2013 905 2049 vix
928 2012 1010 2050 fuit
1034 2012 1119 2049 vlla
1142 2014 1238 2050 suis

249 2066 397 2103 Altera
419 2067 475 2103 sic
498 2079 661 2104 mecum
685 2068 806 2112 vixit,
830 2068 886 2104 sic
909 2067 1045 2105 altera
1067 2069 1189 2113 viuit,
1687 2095 1746 2124 125

303 2120 479 2158 Charior
501 2122 709 2170 incertum
730 2126 797 2159 est
818 2121 920 2159 haec
942 2123 1010 2167 sit,
1033 2135 1087 2159 an
1110 2122 1212 2160 haec
1234 2123 1377 2160 fuerit.

250 2175 284 2213 O
306 2175 430 2213 simul
453 2188 477 2213 0
499 2176 633 2213 iuncti
654 2181 899 2225 poteramus
921 2178 1064 2214 viuere
1087 2190 1162 2214 nos
1185 2182 1270 2215 tres

303 2229 439 2276 Quam
463 2230 581 2276 bene,
605 2232 636 2267 si
659 2231 797 2268 fatum
820 2231 1049 2281 religioque
1071 2233 1236 2269 sinant!

249 2285 304 2322 At
329 2286 457 2322 societ
481 2285 686 2330 tumulus,
709 2287 839 2324 societ
862 2299 937 2323 nos
959 2287 1132 2324 obsecro
1153 2287 1331 2331 coelum,

305 2338 370 2377 Sic
393 2352 519 2384 mors,
543 2352 625 2377 non
649 2341 791 2390 potuit
812 2341 926 2390 quod
949 2341 1049 2379 dare
1070 2343 1174 2387 vita,
1198 2342 1332 2380 dabit.
1686 2368 1746 2398 130

700 2395 918 2446 Epitaphii
940 2396 1045 2434 finis.

423 2584 615 2636 2832,333
679 2582 746 2621 To
779 2583 1010 2623 AMBROSE
1044 2583 1312 2624 PELARGUS.

134 2671 334 2715 Pelargus,
359 2671 533 2704 Bellaria
555 2672 599 2705 fo,
624 2672 677 2704 11⁸
697 2678 752 2705 v0.
1278 2675 1527 2717 (Freiburg.)

1189 2730 1241 2756 c.
1262 2724 1371 2757 June·
1392 2725 1458 2756 (111.
1485 2730 1610 2765 1533

127 2787 172 2824 [1]
161 2798 239 2827 pp.
264 2789 346 2826 2812
352 2797 416 2827 -40
439 2788 573 2827 ‹leui-l)
597 2788 728 2829 belong
754 2794 836 2827 toge
841 2789 943 2825 them
970 2790 1043 2820 and
1070 2791 1133 2820 tho
1156 2790 1264 2820 order
1285 2792 1318 2820 111
1346 2791 1463 2820 11111111
1486 2791 1573 2830 thoy
1599 2801 1659 2820 are

86 2831 264 2878 arranged
284 2832 317 2861 111
338 2832 400 2862 the
419 2832 577 2862 Ιίεἰῖαηα
597 2833 625 2861 is
644 2843 689 2862 110
706 2833 819 2863 doubt
843 2815 1130 2874 (1111011010811Ἡ11
1158 2845 1216 2864 su*
1234 2835 1262 2864 E
1269 2845 1303 2874 p.
1324 2840 1408 2864 2100(
1428 2835 1561 2864 i11t1·.od
1604 2834 1659 2864 All

83 2875 167 2904 nine
186 2874 216 2904 lc
209 2880 275 2905 ‘xm
281 2886 313 2905 is
331 2876 879 2907 5001111000(1011(11111111(1111111
905 2878 967 2907 the
985 2878 1184 2917 departure
1202 2879 1239 2908 of
1258 2878 1431 2917 1¹‹lurgus
1450 2879 1542 2908 sioni
1566 2878 1657 2907 brei-

85 2918 187 2957 burg,
205 2918 278 2948 and
295 2919 425 2953 admit.
444 2919 677 2959 110(01·(1111;ξ1)
682 2944 689 2952 .
708 2930 729 2949 a
753 2921 960 2960 proximam
983 2921 1082 2952 date.
1131 2922 1174 2951 Iu
1195 2922 1263 2962 Ep.
1285 2924 1368 2960 2833
1387 2922 1449 2952 11111
1467 2922 1659 2961 year-date

91 2970 172 3001 1533
198 2963 226 2992 is
250 2963 448 2993 confirmed
475 2963 522 3002 by
550 2963 647 2994 what
675 2963 847 3004 Pelargus
872 2975 956 3004 says
981 2965 1018 2995 os
1044 2965 1099 2995 his
1125 2965 1309 2995 residenco
1336 2967 1369 2995 111
1400 2966 1574 3004 Freiburg
1604 2966 1658 2995 sor
