1966 3379
110 162 230 212 2644]

549 158 619 197 TO
649 158 882 196 CONRAD
913 157 1232 196 GOCLENIUS

1621 159 1667 195 17

164 265 202 303 S.
236 265 280 302 P.
321 263 465 313 Agunt
491 263 557 300 hic
585 262 669 300 duo
694 261 755 298 illi
781 262 984 299 Hollandi
1010 262 1081 310 qui
1103 265 1144 298 te
1165 261 1375 306 adierunt,
1399 261 1470 298 sed
1491 265 1671 310 vterque

111 332 260 357 zonam
281 318 480 368 perdidit.

539 317 678 354 Minor
700 317 802 353 mire
823 316 1041 353 ambiebat
1061 328 1148 353 esse
1169 315 1367 353 famulus.

111 387 203 411 rum
243 373 352 410 alter
390 373 592 409 inuiserat
641 383 761 408 suam
805 370 1121 419 Burgundiam:
1162 370 1236 407 sed
1270 370 1408 407 rediit.

1427 315 1537 352 Nam
1560 328 1669 353 meo-

1481 370 1672 419 Expecto

111 428 295 465 reditum
327 426 485 463 Bebelii
520 438 572 463 ex
602 425 767 474 Anglia,
799 426 871 474 qui
904 425 982 461 nisi
1018 424 1158 462 adfert
1192 428 1319 469 certa,
1351 424 1573 461 consilium
1608 428 1673 461 est-

112 495 243 519 vnum
271 494 292 518 e
318 481 421 518 meis
448 481 492 517 in
519 479 715 529 Angliam
743 478 985 516 amandare.

110 536 389 586 expectabam
415 535 610 579 maxime,
633 538 681 571 vt
703 537 865 571 certum
893 533 1073 582 vigilans
1098 533 1288 570 audirem
1314 537 1356 570 te
1381 545 1470 570 esse
1495 532 1672 570 Canoni-

111 603 219 628 cum.
280 590 419 627 Tanta
457 590 568 626 enim
607 588 829 625 vulturum
869 588 997 625 turba
1035 587 1139 625 facit
1174 591 1223 624 vt
1258 600 1340 625 non
1377 600 1523 624 vacem
1560 587 1675 624 omni

111 644 409 682 sollicitudine.

166 699 272 737 Cum
289 697 500 735 Aleandro
521 710 594 747 per
615 697 780 734 litteras
796 696 1114 746 expostularam
1131 696 1182 734 de
1199 696 1341 734 libello
1358 696 1455 733 Iulii
1471 695 1674 734 Caesaris.

114 754 167 798 Is,
190 765 274 802 quo
300 766 342 790 se
370 752 520 790 liberet
547 751 810 789 stolidissimi
837 751 1034 789 facinoris
1062 751 1234 796 inuidia,
1263 755 1440 788 excusat
1471 763 1512 788 se
1543 750 1677 788 literis
1700 763 1738 784 10

112 811 308 845 accurate
330 807 509 856 scriptis,
531 806 604 844 sed
626 806 763 843 vtitur
784 805 1058 843 lemmatibus
1079 805 1216 843 multo
1241 805 1533 855 frigidissimis.

113 862 274 911 emplar
295 861 348 898 ad
369 865 411 898 te
433 862 572 898 mitto.

1593 805 1675 841 Ex-

625 860 681 897 Vt
697 860 832 905 video,
855 860 933 897 tibi
954 860 1262 910 propemodum
1280 860 1490 909 persuasit
1507 873 1512 896 z
1540 863 1585 896 at
1602 872 1678 908 ego

113 917 184 966 qui
207 916 440 954 domestico
457 916 670 959 conuictu,
688 927 735 952 ac
753 914 896 952 lectuli
912 927 1080 964 quoque
1097 914 1388 959 contubernio,
1407 918 1547 951 totum
1563 914 1679 950 intus

113 972 219 1008 etin
239 974 336 1008 cute
363 971 476 1015 noui,
502 974 592 1007 tam
623 970 709 1006 scio
738 982 828 1006 esse
856 982 985 1006 ouum
1013 969 1126 1006 illius
1154 982 1282 1018 quam
1311 970 1397 1006 scio
1428 982 1492 1006 me
1524 964 1678 1005 viuere.

115 1024 194 1063 Sed
216 1025 312 1062 huic
334 1025 515 1074 tempori
536 1023 818 1061 seruiendum.

879 1024 961 1061 Pro
982 1024 1122 1061 verbis
1143 1024 1364 1061 dabuntur
1385 1023 1528 1061 verba.

169 1079 342 1117 Accitus
363 1083 427 1116 est
444 1079 486 1116 in
506 1078 649 1116 aulam
671 1078 872 1116 Alfonsus
900 1078 1123 1116 Veruesius
1150 1078 1394 1123 monachus,
1417 1079 1489 1127 qui
1511 1078 1680 1127 scripsit

115 1134 169 1172 ad
202 1146 267 1171 me
301 1137 462 1183 septem
495 1133 755 1178 collationes,
782 1137 831 1170 vt
858 1133 994 1170 multa
1024 1133 1170 1183 paucis
1196 1133 1348 1178 dicam,
1381 1132 1505 1170 valde
1536 1145 1680 1170 mona·

115 1188 267 1226 chales.

327 1189 410 1225 Eas
431 1188 554 1225 aiunt
575 1188 658 1225 iam
683 1187 835 1224 excudi
861 1187 1067 1225 Lutetiae.

1128 1187 1225 1237 Ipse
1253 1188 1421 1237 scripsit
1449 1187 1503 1225 ad
1532 1200 1598 1224 mc
1629 1199 1681 1224 cx

115 1243 214 1281 aula
248 1243 393 1287 amice,
426 1242 498 1279 sed
535 1242 665 1291 (quod
700 1246 764 1279 est
796 1242 1102 1279 monachorum
1138 1243 1372 1292 proprium)
1406 1255 1491 1279 non
1523 1241 1681 1290 absque

117 1298 252 1335 minis.

312 1297 547 1346 Episcopus
570 1296 848 1346 Augustensis
870 1297 1064 1346 promisit
1086 1309 1128 1333 se
1146 1309 1218 1346 per
1241 1298 1458 1346 proprium
1479 1296 1681 1333 nuncium

117 1353 387 1401 scripturum,
417 1351 519 1400 quid
546 1355 700 1400 agatur
725 1351 766 1388 in
789 1350 972 1400 Synodo.

1033 1351 1129 1389 Non
1155 1351 1318 1397 dubito,
1348 1352 1451 1401 quin
1473 1350 1684 1388 Aleander

116 1407 288 1444 futurus
309 1407 364 1443 sit
386 1407 450 1443 sui
471 1405 617 1443 similis
639 1418 713 1456 per
734 1418 901 1443 omnem
923 1407 1197 1443 occasionem.

171 1461 352 1498 Ioannes
373 1460 618 1510 Campensis
639 1461 727 1510 agit
744 1461 969 1497 motoriam
988 1460 1192 1498 fabulam.
1243 1460 1367 1498 Nunc
1385 1459 1683 1509 Norenbergae

116 1515 290 1552 excudit
325 1528 429 1565 opus
465 1516 605 1552 nescio
635 1515 761 1564 quod.

821 1514 999 1552 Ioannes
1031 1515 1178 1552 Danus
1213 1515 1391 1553 offendit
1426 1515 1684 1565 Episcopum

117 1569 381 1608 Culmensem
404 1569 457 1607 ob
479 1570 683 1606 iactatam
709 1569 933 1619 epistolam
962 1582 1113 1608 meam.
1173 1570 1236 1607 De
1260 1569 1455 1619 collegio,
1480 1582 1564 1607 non
1594 1570 1683 1606 sine

117 1637 244 1662 causa
269 1622 474 1661 sollicitus
498 1628 563 1661 est
588 1624 638 1661 D.
665 1624 877 1673 Aegidius.

704 1679 924 1727 Principiis
942 1679 1202 1717 obstandum
1220 1683 1324 1717 erat.
1371 1679 1452 1716 Hic
1469 1682 1686 1728 quotquot

118 1691 259 1724 vxore,
278 1678 558 1716 dormitatum
575 1683 652 1716 est.

937 1622 1017 1661 Sed
1043 1625 1085 1662 in
1113 1624 1382 1662 admittendo
1408 1625 1560 1662 Rescio
1588 1637 1685 1662 cum

117 1732 273 1770 callent
303 1733 437 1770 bonas
467 1733 623 1778 literas,
655 1737 805 1770 amant
833 1733 1127 1783 Euangelium.
1187 1734 1357 1783 Alioqui
1386 1746 1471 1771 non
1497 1734 1685 1771 deessem

117 1787 252 1825 officio
274 1800 378 1825 meo.

643 1872 696 1900 26.
723 1870 765 1900 D.
785 1870 1018 1910 scripsimus:
1045 1870 1084 1901 P.
1103 1870 1157 1901 Ol.

165 2006 192 2026 1.
219 1996 408 2034 Hollandi]
450 1996 527 2027 One
566 1996 604 2026 of
647 1996 748 2026 them
796 2007 870 2026 was

120 2040 300 2080 probably
325 2039 498 2076 Quirinus
528 2039 681 2080 Hagius,
711 2050 769 2071 sec
799 2041 868 2080 Ep.

120 2093 203 2124 2704
220 2083 354 2114 introd.

163 2137 193 2166 3.
219 2127 326 2165 alter]
355 2127 562 2167 Cognatus;
597 2137 655 2157 see
684 2127 752 2167 Ep.
783 2128 863 2166 2381

120 2170 253 2201 introd.

164 2216 238 2253 6-7.
264 2214 502 2252 Canonicum]
554 2214 679 2245 Canon
727 2215 764 2245 of
813 2214 865 2245 St..

120 2258 266 2298 Mary's,
299 2259 488 2298 Antwerp.
537 2258 602 2288 See
634 2258 730 2298 Epp.
767 2261 869 2298 1994a

121 2301 207 2338 (vol.
231 2302 308 2338 viii)
331 2303 411 2341 6711,
433 2311 529 2341 2573.
551 2304 670 2341 57-65‚
690 2303 786 2341 2587.
806 2312 869 2341 37-

119 2355 173 2385 43,
192 2346 288 2393 2851.
307 2354 403 2385 52-7.

164 2399 196 2427 9.
223 2389 378 2426 litteras]
398 2389 462 2419 See
480 2389 550 2429 Ep.
570 2390 654 2428 2638
674 2389 807 2420 introd.

170 2442 218 2471 17.
245 2432 471 2470 collationes]
524 2433 595 2463 For
644 2433 748 2464 thcsc
798 2433 872 2463 and

123 2476 309 2506 Erasmus’
349 2476 513 2506 attitudo
552 2477 713 2507 towards
756 2477 869 2512 them,

122 2529 180 2550 see
206 2520 274 2560 Ep.
304 2521 385 2559 1684
411 2520 545 2550 introd.
594 2520 670 2550 The
699 2520 808 2550 letter
835 2521 873 2551 of

122 2563 250 2593 Virves
268 2565 275 2576 ⁴
288 2573 332 2593 ex
350 2563 434 2593 aula
448 2563 455 2575 '
474 2564 503 2594 is
520 2564 589 2603 Ep.
609 2565 705 2603 2641.

167 2615 220 2637 2ο.
246 2607 504 2647 Augustensis]
549 2607 788 2647 Christopher
835 2608 873 2638 of

122 2649 286 2680 Stadion.

167 2703 219 2732 ²3-
245 2694 472 2734 Campensis]
494 2694 558 2724 See
578 2694 647 2734 Ep.
676 2703 768 2733 1257.
794 2696 869 2725 16η.

123 2736 232 2773 Herc,
265 2748 306 2767 as
336 2738 540 2774 elsewhere,
579 2738 755 2768 Erasmus
790 2749 873 2769 uses

123 2780 272 2811 motoria
282 2781 411 2820 sabula
424 2782 461 2812 of
475 2781 538 2811 tho
553 2781 614 2811 life
628 2782 665 2812 of
679 2782 742 2812 the
754 2786 871 2817 court,

124 2824 266 2854 forever
297 2835 343 2855 on
380 2825 443 2855 the
478 2835 597 2855 move.
659 2825 873 2865 Campensis

123 2877 197 2897 was
215 2868 250 2898 in
267 2868 489 2898 attendance
507 2878 553 2898 on
568 2869 778 2906 Dantiscus,
791 2870 873 2900 who

124 2914 221 2941 went
239 2912 327 2941 with
345 2912 409 2942 the
431 2922 598 2951 emperor
619 2916 658 2942 to
676 2912 872 2943 Ratisbon.

126 2954 196 2984 For
216 2955 272 2985 his
293 2959 585 2987 movements-rn
613 2965 694 2995 1533
721 2966 779 2987 sco
803 2957 871 2996 Ep.

125 2998 220 3036 2876.
239 3008 259 3035 9
277 3009 311 3028 n.

168 3070 288 3101 45²·10

983 2007 1035 2036 24.
1062 1997 1169 2037 opus]
1203 1997 1272 2027 His
1304 1996 1529 2037 paraphrase
1560 1996 1597 2027 of
1624 1996 1688 2027 the

940 2041 1092 2077 Psalms‚
1116 2041 1356 2081 Nuremberg,
1380 2041 1558 2077 Petreius,
1586 2049 1686 2080 1532;

940 2085 985 2114 cf.
1004 2085 1074 2124 Ep.
1094 2094 1190 2124 2570.
1209 2086 1332 2124 83—4n.

1024 2129 1165 2166 Danus]
1194 2128 1292 2168 Epp.
1322 2130 1418 2167 2646.
1447 2137 1563 2167 12—13,
1592 2130 1687 2166 2693.

939 2174 1077 2211 146—52,
1111 2172 1211 2202 show
1244 2172 1328 2202 that
1367 2172 1543 2202 Erasmus
1575 2177 1688 2202 wrote

936 2215 1094 2246 Ioannes
1117 2216 1153 2246 in
1173 2216 1332 2246 mistake
1353 2216 1408 2246 for
1428 2215 1596 2251 Iacobus,
1615 2215 1687 2246 and

937 2259 1021 2290 that
1035 2259 1098 2289 the
1106 2269 1238 2299 person
1253 2259 1429 2290 intended
1441 2259 1600 2289 isJames
1608 2259 1687 2290 Jas-

938 2313 1016 2343 par.
1058 2303 1115 2333 He
1132 2304 1260 2334 makes
1275 2303 1339 2333 the
1358 2313 1457 2334 same
1475 2303 1634 2333 mistake
1652 2303 1688 2333 in

937 2347 1006 2387 Ep.
1024 2349 1120 2386 2736.
1144 2356 1193 2377 12.
1228 2347 1293 2378 See
1311 2347 1381 2387 Ep.
1402 2356 1497 2385 2570,
1517 2347 1553 2377 in
1571 2347 1688 2377 which

939 2391 1074 2430 Jaspar
1094 2394 1238 2430 reports
1258 2391 1514 2421 conversation
1532 2390 1570 2420 of
1590 2391 1686 2420 Dan-

940 2435 1064 2464 tiscus.
1114 2434 1178 2465 We
1209 2435 1255 2465 do
1287 2438 1353 2464 not
1386 2434 1493 2464 know
1525 2434 1690 2464 whether

940 2478 1116 2508 Erasmus
1141 2478 1277 2518 replied
1303 2482 1342 2508 to
1367 2478 1437 2518 Ep.
1461 2479 1619 2516 257o—is
1645 2478 1689 2507 he

940 2521 1014 2557 did,
1033 2522 1097 2552 the
1115 2522 1224 2552 letter
1240 2522 1307 2552 has
1324 2525 1389 2551 not
1407 2521 1591 2551 survived.

985 2574 1037 2603 25.
1063 2565 1273 2605 epistolam]
1297 2566 1366 2605 Ep.
1388 2567 1472 2604 2643
1495 2565 1572 2601 (the
1590 2564 1687 2594 dedi-

940 2609 1061 2639 cation
1081 2613 1119 2639 to
1137 2609 1200 2639 the
1219 2609 1269 2639 De
1291 2609 1449 2648 Spiritu)
1473 2609 1500 2638 is
1521 2609 1584 2638 the
1604 2608 1689 2647 only

941 2656 1072 2682 extant
1086 2652 1196 2682 letter
1209 2657 1248 2682 to
1262 2653 1358 2682 Dant
1368 2653 1472 2682 iscus.
1521 2652 1608 2681 This
1622 2662 1686 2681 can

941 2696 1072 2735 hardly
1104 2696 1148 2726 bc·
1180 2696 1244 2726 tho
1276 2696 1386 2726 letter
1416 2696 1532 2725 which
1563 2696 1690 2725 Dauus

941 2740 1066 2769 noised
1098 2740 1247 2770 abroad.
1296 2740 1339 2769 In
1371 2739 1406 2769 J.
1442 2740 1510 2778 Ep.
1545 2748 1628 2777 2347
1662 2739 1690 2767 is

940 2783 1137 2813 addresscd
1169 2788 1208 2813 to
1239 2783 1449 2816 Dantiseus.
1481 2783 1544 2812 but
1577 2783 1609 2811 in
1642 2782 1687 2811 K.

941 2827 1015 2856 this
1033 2837 1106 2856 was
1123 2827 1305 2857 corrected
1325 2826 1396 2855 und
1417 2827 1479 2855 1110
1497 2826 1689 2855 addi-osseo

940 2880 1097 2910 appears
1114 2880 1154 2900 as
1172 2871 1288 2900 Lucas
1306 2870 1468 2899 Bonfius.

986 2915 1038 2943 26.
1066 2914 1252 2951 Aegidius]
1274 2913 1371 2943 Giles
1391 2912 1607 2945 Rusleideiu
1635 2912 1690 2941 sor

942 2957 998 2987 his
1014 2958 1178 2996 anxiety.
1198 2967 1255 2987 see
1274 2957 1369 2996 Epp.
1390 2965 1484 2994 2573.
1505 2958 1599 2993 '25⁸⁵'-

1032 3001 1175 3038 Rcseio]
1194 3000 1258 3031 See
1278 3001 1344 3039 Ep.
1364 3007 1427 3038 54⁰
1446 2999 1578 3029 introd.

1046 478 1096 515 In
1121 478 1252 516 literis
1275 479 1352 516 hoc
1374 478 1536 523 aberat,
1559 478 1673 527 quod
1695 489 1711 518 5

1702 1035 1739 1064 15

1706 1581 1744 1611 25
