1966 3379
149 107 271 155 2920]
562 103 633 142 To
664 102 949 141 BONIFACE
980 102 1298 140 AMERBACH
1635 102 1713 139 375

205 208 379 258 Signum
409 207 614 257 epistolae
646 212 745 244 tuae
778 211 871 244 erat
903 208 1087 244 mixtum
1123 218 1175 242 ex
1212 219 1307 244 cera
1343 207 1470 244 rubra
1501 210 1542 243 et
1574 205 1712 243 viridi.

151 263 243 300 Hoc
264 276 319 300 an
341 263 462 300 abste
483 262 645 299 factum
668 262 734 306 sit,
759 262 862 298 scire
884 263 1020 311 cupio.

205 333 372 372 Clariss.
397 333 447 370 D.
470 332 690 370 Bonifacio
712 331 1006 369 Amerbachio.
1068 332 1271 370 Basileae.
1739 348 1778 369 10

506 484 634 521 2921.
699 480 838 520 FROM
872 480 1106 521 BERNARD
1140 492 1197 521 oF
1230 479 1362 521 CLEs.

200 572 325 605 Trent
343 570 426 604 MS.
1434 570 1600 613 Prague.

1363 628 1408 652 20
1427 619 1541 663 April
1564 629 1668 663 1534.

193 698 265 736 [An
282 698 491 738 autograph
508 697 754 736 rough-draft.
803 697 879 727 The
896 697 1087 736 year-date
1110 698 1140 728 is
1162 697 1361 728 confirmed
1384 697 1433 736 by
1451 697 1514 727 the
1536 696 1719 727 reference.

147 747 187 774 to
205 742 376 773 Luther's
399 741 473 772 Von
490 742 549 772 der
573 741 816 772 Winkelmcsse
834 741 908 771 und
925 741 1176 781 Psaffenwez‘he
1190 742 1317 780 (1533),
1332 740 1450 771 which
1464 750 1538 770 was
1552 739 1719 771 followed

148 787 185 817 in
207 795 289 826 1534
306 786 355 826 by
372 786 435 816 the
452 785 563 816 letter
580 790 619 816 to
636 784 810 816 Amsdorf
828 785 906 821 (the
924 785 1064 816 libzllus
1081 785 1117 815 of
1136 785 1206 815 line
1227 785 1287 822 1).]

662 866 837 892 ERASMO
858 866 1065 893 ROTHERO
1072 866 1192 892 DAMO
1199 886 1205 892 .

208 927 508 965 PRAESENTEM
530 926 722 963 libellum
745 939 769 963 a
791 926 914 963 vobis
936 926 1046 963 forte
1068 930 1197 963 antea
1219 927 1371 971 visum,
1394 926 1466 974 qui
1487 925 1542 963 ad
1567 939 1719 964 manus

152 981 511 1020 Reuerendissimi
532 981 704 1018 Domini
725 982 871 1018 nuncii
888 981 1110 1030 apostolici
1133 981 1246 1030 apud
1270 982 1539 1018 maiestatem
1562 981 1719 1030 regiam

151 1036 376 1074 residentis
397 1036 536 1073 nescio
558 1048 642 1084 quo
663 1035 791 1073 modo
820 1041 1087 1085 peruenerat,
1111 1035 1165 1072 ad
1188 1048 1263 1073 vos
1284 1036 1540 1084 dirrigimus,
1564 1048 1649 1072 non
1671 1048 1719 1073 ea

152 1091 299 1140 vtique
320 1092 483 1128 ratione
506 1091 610 1128 moti
632 1089 747 1139 quod
775 1103 826 1128 ex
852 1103 900 1127 eo
926 1090 1088 1139 aliquid
1118 1090 1269 1128 honori
1300 1096 1445 1127 vestro
1476 1089 1718 1127 detractum

150 1146 201 1183 iri
225 1146 529 1190 existimemus,
552 1157 684 1194 quum
710 1145 758 1184 jn
786 1144 1062 1194 elephantum
1091 1144 1273 1182 culicum
1302 1146 1412 1182 ictus
1437 1144 1597 1181 frustra
1623 1157 1717 1194 ope-
1740 1153 1758 1183 5

151 1204 310 1245 rentur,
339 1212 488 1237 verum
516 1199 631 1248 quod
659 1199 782 1236 nobis
807 1199 1029 1249 indignum
1058 1200 1197 1237 visum
1225 1200 1292 1245 sit,
1322 1204 1412 1237 tam
1442 1204 1642 1249 proterne
1672 1212 1721 1236 ac

152 1255 387 1305 procaciter
408 1254 629 1292 vobiscum
651 1255 730 1303 agi.

207 1309 362 1346 Editus
384 1312 449 1346 est
471 1310 600 1346 etiam
623 1309 798 1357 quidam
821 1308 930 1346 alius
952 1308 1120 1346 libellus
1144 1309 1320 1346 Lutheri
1337 1308 1388 1346 de
1406 1309 1534 1346 missa
1552 1308 1719 1346 clancu-

152 1364 269 1409 laria,
306 1364 379 1412 qui
415 1364 631 1401 maiestati
667 1364 803 1413 regiae
839 1363 1071 1401 admodum
1108 1363 1348 1413 displicuit<
1393 1363 1465 1400 sed
1506 1364 1721 1400 recusauit

152 1418 299 1456 eadem
337 1419 535 1455 maiestas
570 1417 684 1455 illius
719 1419 1068 1456 retractationem
1104 1418 1226 1456 vobis
1259 1419 1341 1455 iam
1379 1419 1495 1455 senio
1528 1418 1722 1455 confecto
1743 1433 1782 1454 10

151 1473 430 1510 demandare:
464 1473 577 1521 quod
606 1473 729 1510 vobis
758 1473 1013 1522 significasse
1036 1473 1261 1517 voluimus,
1285 1478 1333 1510 vt
1355 1486 1440 1510 non
1470 1473 1722 1522 ignoraretis

151 1529 245 1577 quis
278 1528 334 1565 sit
367 1528 602 1564 maiestatis
637 1527 879 1577 praedictae
912 1529 955 1565 in
988 1540 1063 1565 vos
1097 1528 1286 1565 animus:
1336 1528 1402 1565 cui
1435 1528 1469 1565 si
1503 1529 1545 1564 in
1578 1527 1722 1576 aliquo

151 1582 383 1632 gratificari
419 1583 665 1632 poterimus,
700 1595 775 1620 nec
813 1582 1004 1620 studium
1039 1595 1114 1620 nec
1151 1595 1277 1632 opera
1314 1587 1462 1620 nostra
1494 1582 1616 1620 vobis
1652 1582 1720 1619 de-

151 1637 300 1674 futura
321 1641 410 1674 est:
443 1649 604 1686 vosque
625 1637 699 1675 diu
720 1637 861 1675 valere
883 1638 1090 1687 cupimus.

207 1691 379 1742 Pragae.
441 1702 490 1729 20
512 1691 681 1741 Aprilis.
708 1702 825 1742 1534.
1745 1706 1783 1736 15

507 1824 774 1881 ²⁹¹⁵2922294s
837 1825 905 1866 To
938 1825 1182 1866 NICHOLAS
1217 1825 1365 1866 OLAH.

200 1910 425 1955 Esterhazy
444 1909 526 1944 MS.
547 1922 585 1955 p.
609 1913 691 1954 361.
1417 1911 1623 1955 Freiburg.

201 1960 283 1994 OE.
304 1970 388 2004 491.
1368 1971 1411 1994 22
1431 1961 1545 2005 April
1569 1971 1673 2005 1534.

356 2048 555 2075 ERASMVS
576 2048 901 2076 ROTERODAMVS
922 2049 965 2075 N.
989 2049 1102 2076 OLAO
1125 2048 1396 2076 SECRETARIO
1419 2049 1458 2075 R.
1483 2049 1515 2075 S.

207 2108 330 2154 QVAE
352 2108 498 2145 scribis
525 2108 576 2146 de
604 2108 729 2146 rebus
757 2108 934 2158 Angliae
961 2109 1083 2146 facile
1112 2109 1238 2146 credo
1265 2122 1316 2146 ex
1342 2114 1464 2158 parte
1491 2121 1581 2147 esse
1610 2122 1722 2154 vera,

151 2164 293 2201 omnia
329 2175 413 2200 non
445 2163 581 2200 credo.
641 2163 707 2201 Ad
738 2163 847 2201 hanc
877 2163 1141 2213 tragoediam
1173 2177 1258 2201 non
1290 2163 1441 2201 fuisset
1470 2168 1661 2208 ventum,
1691 2165 1724 2201 si

153 2217 389 2255 cardinales
421 2230 445 2254 a
477 2217 677 2267 pontifice
712 2217 895 2267 delegati
929 2223 1030 2256 ante
1063 2231 1196 2256 annos
1232 2223 1394 2268 septem
1432 2218 1594 2267 liquido
1628 2231 1722 2268 pro-

154 2273 441 2310 nunciassent.
483 2271 677 2322 Optarim
699 2273 812 2310 inter
833 2286 909 2310 nos
930 2278 973 2310 et
994 2273 1155 2322 Anglos
1177 2274 1416 2310 conuenire.
1462 2273 1528 2310 Ad
1551 2272 1721 2310 Calend:

152 2327 310 2377 Aprilis
332 2327 422 2376 cepi
448 2339 532 2364 non
560 2327 665 2364 bene
693 2328 876 2377 quidem,
900 2328 973 2365 sed
1001 2327 1226 2377 aliquanto
1254 2329 1394 2365 minus
1419 2327 1528 2365 male
1555 2327 1722 2372 habere,
1744 2345 1762 2375 5

152 2386 196 2419 et
226 2382 268 2419 in
299 2381 456 2418 bonam
487 2394 603 2431 spem
634 2387 798 2420 erectus
829 2395 936 2420 sum.
994 2383 1053 2420 At
1083 2387 1180 2432 post
1211 2383 1299 2420 dies
1328 2388 1425 2420 octo
1449 2383 1724 2432 grauissimus

153 2436 366 2473 cruciatus
395 2436 554 2473 inuasit
581 2437 798 2474 sinistrum
828 2438 980 2487 capitis
1008 2442 1049 2474 et
1081 2437 1176 2475 colli
1204 2437 1319 2474 latus
1347 2450 1442 2474 cum
1475 2437 1651 2474 humero
1681 2441 1725 2474 et

153 2490 338 2535 brachio,
381 2491 453 2539 qui
494 2491 551 2527 sic
591 2490 675 2528 illic
715 2491 863 2529 haeret
903 2496 951 2528 vt
995 2492 1194 2530 videatur
1243 2504 1463 2540 nunquam
1514 2491 1722 2529 abiturus.

152 2544 347 2594 Quinque
369 2544 585 2591 mensibus
606 2558 690 2582 non
711 2546 950 2584 extuleram
974 2547 1123 2596 pedem
1145 2547 1283 2584 domo.
1336 2546 1435 2596 Ipso
1452 2546 1518 2583 die
1538 2546 1724 2583 Paschae

152 2599 387 2636 sacrificaui
410 2600 450 2636 in
473 2599 680 2637 cubiculo.
732 2600 798 2638 Me
815 2614 839 2638 a
858 2601 996 2638 reditu
1015 2601 1320 2639 monachorum
1339 2601 1616 2650 intemperiae
1638 2613 1723 2638 non
1747 2618 1785 2639 10

152 2653 428 2699 deterrerent,
460 2654 538 2691 nisi
570 2654 673 2691 mihi
704 2659 935 2692 metuerem
966 2669 989 2693 a
1021 2656 1220 2705 paralysi.
1281 2655 1403 2701 Quod
1439 2656 1472 2692 si
1503 2656 1584 2692 iter
1613 2660 1725 2693 esset

262 2713 360 2746 tuor
399 2712 476 2746 aut
517 2709 703 2759 quinque
743 2709 918 2755 dicrum,
960 2710 1026 2747 vel
1067 2711 1216 2748 lectica
1257 2723 1449 2747 curarem
1483 2723 1549 2747 me
1582 2710 1722 2747 isthuc

651 2791 745 2821 2922.
773 2793 803 2821 8.
831 2792 911 2822 OE:
938 2803 1121 2833 nusquam
1140 2792 1220 2823 MS.

198 2867 294 2898 2921.
314 2877 342 2897 2.
366 2868 488 2898 nuncii
501 2867 902 2908 apostolici]Vergcrio.
972 2880 994 2899 a
1021 2869 1130 2900 letter
1154 2873 1193 2899 to
1219 2869 1257 2899 L.
1284 2869 1502 2899 Ammonius
1524 2869 1561 2899 of
1584 2871 1603 2899 0
1625 2869 1723 2900 June

198 2911 294 2941 2922.
321 2920 418 2950 4—31.
446 2911 524 2942 Ad.
547 2935 552 2941 .
576 2912 790 2949 ,occ-usioni]
811 2912 904 2942 Olah
978 2922 1070 2952 1534,
1091 2913 1166 2943 OE.
1188 2923 1249 2953 pp.
1270 2915 1388 2951 506-7.

154 2958 287 2995 quotes
302 2955 376 2986 this
390 2955 579 2995 (omitting
595 2955 630 2985 ll.
645 2964 741 2995 23—4,
756 2965 809 2995 27-
820 2957 854 2993 9)
868 2957 903 2986 in
