1966 3379
247 112 325 149 348
676 112 932 150 LETTERS
964 112 1034 150 or
1065 111 1331 150 ERASMUs
1693 113 1815 162 [1534

247 217 359 254 enim
382 221 431 254 vt
452 216 649 265 obtingat
672 217 749 254 hac
771 217 967 254 deterior.
1029 216 1263 253 Tcntatum
1291 215 1405 253 istud
1435 215 1575 252 semel.
1636 215 1815 252 Excussi

248 272 368 316 hanc,
404 272 535 308 asciui
575 272 774 320 puellum,
812 272 884 308 sed
925 270 1637 308 sceleratissimam—-subucrtisset
1677 274 1815 307 totam

187 344 228 374 30
247 326 420 363 domum
440 338 591 370 11103111,
610 327 650 362 111
675 331 841 363 mature
864 326 1036 363 fuissem
1055 327 1389 374 exper<r>ectus
1437 324 1590 373 Itaque
1609 337 1703 361 cum
1724 337 1815 361 mea

248 379 392 418 vetula
415 380 518 417 redii
541 381 581 416 in
603 381 797 429 gratiam.

303 435 379 471 Est
411 435 475 471 hic
507 434 595 472 alta
627 435 980 482 <1111>1111111(111103.
1043 435 1121 471 Per
1143 446 1288 471 omnes
1318 434 1408 470 vias
1435 433 1559 470 huius
1582 433 1725 482 oppidi
1748 433 1815 469 dc-

247 490 379 526 currit
400 494 566 527 torrens
588 495 680 527 arte
702 489 869 527 ductus.
918 489 959 525 Is
980 490 1139 538 excipit
1161 489 1320 525 saniem
1346 488 1553 525 laniorum
1573 501 1620 525 ac
1638 487 1816 531 macelli,

248 543 407 581 oletum
439 545 628 581 omnium
657 544 908 588 culinarum,
935 543 1076 580 sordes
1105 543 1366 591 singularum
1394 543 1577 587 aedium,
1606 543 1815 579 vomitum

187 615 227 646 35
247 611 295 636 ac
326 599 503 636 mictum
536 599 738 643 omnium,
772 598 880 635 feces
910 599 1039 635 0113111
1073 597 1240 634 1110111111
1273 598 1345 645 qui
1377 597 1491 634 domi
1524 597 1702 634 latrinas
1733 609 1818 633 non

248 653 420 690 habent.
482 653 545 690 Ex
578 653 655 690 hac
685 666 795 702 aqua,
825 653 1029 689 lauantur
1060 652 1204 696 lintea,
1235 657 1475 701 purgantur
1506 653 1671 688 vinaria
1702 664 1816 695 vasa,

247 711 378 757 atquc
417 708 547 745 ctiam
588 708 805 745 culinaria.
878 707 993 744 Haec
1035 706 1207 744 tolerari
1250 710 1449 755 poterant
1485 707 1516 743 si
1554 710 1666 743 esset
1704 705 1818 754 quod

247 762 456 800 ederetur.
519 762 629 799 Toto
650 775 762 799 anno
785 775 933 798 vescor
956 761 1082 811 pullis
1108 761 1364 809 gallinaceis.
1427 760 1541 798 Nihil
1565 760 1630 797 hie
1654 760 1817 797 lautiti-

248 829 381 862 arum,
411 820 488 854 aut
519 818 551 853 si
583 817 685 865 quid
715 820 793 861 est,
826 816 879 853 ad
912 816 1074 853 nobiles
1105 816 1308 852 defertur.
1370 815 1509 861 Quare
1541 817 1624 852 iam
1656 814 1819 851 dudum

187 888 229 918 40
248 871 528 909 Brabantiam
551 872 703 920 cogito,
726 872 759 907 si
781 871 958 907 numina
980 870 1072 907 lcua
1096 871 1250 907 sinant.

304 925 384 964 Sed
415 926 562 963 desino
592 930 634 963 te
672 926 734 962 his
769 926 890 974 nugis
923 925 1172 975 optundere.
1233 924 1344 962 Cura
1377 929 1425 962 vt
1456 924 1600 962 valeas
1631 928 1674 961 01
1706 923 1819 973 quod

248 981 475 1018 instituisti
497 982 694 1030 gnauiter
716 980 927 1017 absoluas.

303 1035 464 1072 Datum
488 1035 681 1084 Friburgi
705 1045 754 1082 23
776 1034 842 1071 die
865 1034 1054 1071 Ianuarii
1078 1034 1202 1071 Anno
1223 1047 1248 1071 a
1270 1033 1418 1071 Natali
1444 1042 1559 1082 1534.

1156 1088 1360 1126 Erasmus
1385 1088 1484 1126 Rot.
1509 1101 1639 1126 manu
1660 1100 1765 1126 mea.

646 1279 837 1332 28982915
901 1276 969 1317 ΤΟ
1003 1276 1246 1317 NICHoLAs
1280 1275 1429 1316 OLAH.

298 1366 523 1411 Esterhazy
542 1366 623 1401 MS.
646 1377 728 1410 355.
1475 1365 1680 1410 Freiburg.

298 1416 382 1450 OE.
402 1417 485 1461 448.
1392 1425 1436 1458 23
1455 1414 1645 1458 January
1668 1424 1772 1458 1534.

334 1510 532 1536 ERASMVS
553 1510 647 1536 RO'r.
673 1511 714 1536 N.
739 1510 852 1536 OLAO
874 1508 1183 1535 THESAVRARIO
1207 1508 1364 1535 ALBEN.
1390 1508 1662 1535 SECRETARIO
1686 1508 1739 1534 ET

429 1564 709 1591 CONSILIARIO
731 1564 1055 1591 SERENISSIMAE
1077 1563 1275 1590 REGINAE
1298 1563 1468 1589 MARIAE
1492 1563 1584 1589 ETC.
1609 1563 1640 1589 S.

306 1624 467 1662 TOTIES
498 1637 564 1662 1110
593 1626 750 1674 repetit
777 1625 993 1662 cruciatus
1018 1623 1087 1661 ille
1113 1623 1414 1669 membrorum,
1438 1627 1487 1660 vt
1512 1624 1696 1661 nesciam
1719 1623 1821 1673 quid

252 1679 508 1729 sperandum
550 1680 604 1717 sit
644 1679 695 1716 de
737 1679 815 1716 hoc
856 1679 1084 1728 plusquam
1120 1679 1257 1716 vitreo
1290 1678 1555 1728 corpusculo.
1615 1678 1651 1715 A
1688 1678 1823 1715 natali

252 1733 408 1772 Christi
437 1735 684 1783 grauissime
712 1733 929 1779 laboraui;
962 1746 1010 1771 ac
1043 1734 1192 1770 misere
1224 1733 1327 1770 mihi
1358 1737 1514 1778 metue,
1538 1732 1663 1770 simul
1691 1736 1823 1781 atque

252 1801 296 1826 se
318 1788 540 1826 resoluerit
562 1788 639 1826 1100
661 1788 768 1838 gelu.
818 1788 971 1837 Itaque
993 1787 1164 1825 condidi
1187 1792 1509 1832 testamentum,
1531 1791 1575 1824 et
1597 1787 1824 1825 excuditur

215 1860 233 1890 5
252 1843 359 1880 liber
386 1856 504 1880 meus
532 1843 582 1880 de
611 1843 910 1892 preparatione
938 1842 993 1880 ad
1024 1846 1218 1880 mortem.
1278 1841 1458 1880 Caetera
1489 1846 1590 1879 sunt
1620 1843 1662 1879 in
1694 1855 1823 1879 manu

253 1897 437 1941 Domini,
459 1894 531 1946 qui
553 1898 586 1934 si
607 1898 773 1935 dederit
795 1897 861 1935 vel
884 1897 1138 1935 mediocrem
1160 1897 1467 1942 valetudinem,
1491 1897 1625 1934 statui
1648 1909 1723 1933 vos
1745 1896 1823 1934 sub

253 1952 378 1990 finem
401 1952 557 2002 Aprilis
580 1953 773 1990 reuisere.

308 2006 570 2056 Antuerpiae
600 2020 781 2044 excusus
811 2010 877 2044 est
908 2006 1075 2044 libellus
1106 2019 1273 2044 scurrae
1305 2006 1526 2044 cuiusdam
1558 2005 1731 2050 indocti,
1764 2006 1822 2042 in-

255 2061 369 2106 sulsi,
391 2061 583 2098 effrontis
603 2074 652 2098 ac
674 2061 878 2106 vecordis,
901 2062 973 2110 qui
998 2062 1106 2098 mira
1131 2061 1325 2098 conuicia
1352 2061 1514 2098 euomit
1535 2061 1577 2098 in
1599 2073 1677 2098 me.
1737 2060 1823 2098 Nec

196 2133 236 2154 10
254 2115 338 2153 alio
365 2115 540 2152 consilio
569 2116 740 2153 videtur
770 2116 951 2153 edidisse
982 2116 1203 2153 conciones
1232 2128 1342 2161 31133,
1368 2116 1449 2152 11131
1480 2119 1528 2152 vt
1558 2115 1631 2152 1113
1662 2127 1825 2152 veneno

254 2170 625 2207 misceret—nulla
652 2174 717 2208 est
744 2171 786 2207 in
815 2175 909 2208 toto
940 2170 1049 2208 libro
1077 2170 1263 2208 scintilla
1291 2171 1384 2220 piae
1412 2171 1580 2207 mentis
1641 2168 1763 2215 Quod
1791 2170 1825 2206 si

254 2224 380 2262 isthic
415 2224 575 2262 talibus
611 2226 815 2262 monstris
847 2225 946 2262 licet
978 2225 1182 2274 quicquid
1215 2224 1331 2270 libet,
1365 2225 1505 2262 nescio
1537 2237 1591 2261 an
1623 2224 1825 2274 expediat

255 2279 359 2316 mihi
393 2280 501 2316 istuc
538 2280 777 2329 remigrare,
814 2280 929 2328 quod
964 2284 1110 2317 tamen
1146 2279 1294 2316 multis
1329 2279 1380 2317 de
1417 2280 1575 2316 caussis
1610 2279 1823 2328 percupio.

256 2333 365 2371 Rem
401 2333 566 2383 plenius
601 2346 826 2383 cognosces
857 2347 879 2371 e
912 2334 1087 2379 schedis,
1121 2347 1228 2383 quas
1264 2333 1360 2371 huic
1393 2334 1569 2371 adiunxi
1605 2333 1823 2383 epistolae.

199 2405 236 2435 15
256 2388 352 2433 Eas,
379 2389 412 2425 si
439 2388 622 2431 videtur,
649 2389 982 2426 communicabis
1012 2389 1170 2433 amicis,
1201 2392 1244 2426 et
1275 2401 1349 2438 per
1379 2401 1484 2438 quos
1516 2388 1689 2438 putabis
1718 2387 1825 2425 tales

256 2442 427 2480 rabulas
460 2455 581 2492 posse
611 2444 832 2492 compesci.
893 2443 1067 2481 Vtinam
1101 2442 1255 2480 Caesar
1287 2456 1373 2481 non
1409 2443 1619 2480 tribueret
1652 2446 1825 2480 tantum

255 2498 327 2535 isti
348 2497 568 2534 hominum
590 2499 742 2547 generi,
765 2498 799 2535 si
821 2501 967 2535 tamen
988 2498 1179 2536 homines
1201 2502 1303 2535 sunt
1324 2497 1593 2547 appellandi!
1654 2497 1719 2534 Ex
1742 2509 1826 2546 quo

299 2590 396 2620 2897.
422 2599 475 2627 29.
500 2594 624 2621 totum
642 2590 723 2621 MS.
815 2601 868 2631 34.
893 2591 1033 2622 oletum
1050 2591 1285 2631 scripsimus:
1311 2592 1351 2622 in
1368 2590 1451 2621 MS.
1469 2591 1540 2621 duo
1554 2591 1694 2630 primae
1708 2590 1828 2620 literae

255 2634 308 2665 ita
323 2634 500 2674 formatae
517 2639 601 2665 sunt
617 2639 650 2664 vt
667 2635 733 2674 leyi
750 2640 933 2674 nequeant.
1044 2645 1097 2675 37.
1123 2635 1285 2666 tollorari
1303 2634 1385 2665 MS.
1495 2644 1548 2674 40.
1574 2635 1727 2664 minima
1742 2632 1826 2664 MS.

256 2687 309 2718 43.
336 2678 499 2708 Ianuarii
515 2679 748 2717 scripsimus:
775 2679 873 2709 Iunii
889 2678 972 2709 MS.
1064 2679 1161 2709 2898.
1187 2681 1219 2709 ὁ.
1245 2679 1393 2709 Domini
1410 2678 1491 2709 OE:
1517 2678 1666 2709 domino
1683 2676 1766 2708 MS.

301 2775 397 2805 2898.
427 2785 455 2805 1.
481 2776 605 2806 Το1103
643 2800 648 2805 .
688 2801 694 2806 .
733 2801 739 2806 .
776 2786 806 2816 7.
832 2776 1004 2814 reuisere]
1074 2785 1132 2816 7n.

257 2819 350 2850 Olah
361 2822 493 2859 quotes
504 2820 578 2849 this
589 2821 797 2861 paragraph
812 2821 1006 2851 inalctter
1122 2830 1172 2860 14.
1198 2820 1356 2858 schedis]
1400 2820 1591 2860 Specimen
1636 2829 1748 2860 pages
1789 2819 1827 2849 of

255 2867 297 2893 to
328 2863 487 2893 Levinus
520 2863 737 2894 Ammonius
768 2865 805 2894 of
833 2874 852 2904 7
882 2865 1005 2895 March
1075 2864 1279 2895 Herborn's
1303 2864 1412 2901 book,
1430 2864 1476 2894 cf.
1496 2864 1593 2904 Epp.
1617 2864 1713 2901 2899.
1735 2872 1826 2897 10n.,

260 2915 362 2946 1534;
388 2916 447 2936 see
465 2906 540 2936 OE.
560 2917 595 2946 p.
615 2916 689 2946 472.
1074 2910 1172 2946 2906.
1190 2917 1309 2947 59—70.

300 2961 331 2990 4.
357 2951 640 2988 testamentum]
686 2950 751 2981 See
794 2951 863 2992 Ep.
908 2960 1004 2992 2754.
1122 2960 1171 2991 17.
1195 2952 1257 2982 isti
1272 2976 1277 2982 .
1293 2976 1299 2982 .
1315 2951 1471 2992 generi]
1485 2951 1562 2982 The
1576 2950 1826 2981 Franciscans.
