1966 3379
104 114 224 162 2892]
339 111 410 150 TO
442 111 632 150 PETER
663 111 781 149 AND
812 109 1222 148 CHRISTOPHER
1254 110 1443 148 MEXIA
1584 111 1662 148 335

100 230 228 255 mera.
279 216 383 254 Aliis
405 217 487 253 isto
509 215 647 253 colore
667 216 1001 265 patrocinentur,
1024 226 1099 263 ego
1121 215 1177 251 sic
1200 214 1369 251 defendi
1391 215 1502 253 nolo.
1548 215 1662 253 Illud
1681 231 1723 261 50

101 273 278 321 ingenue
307 271 445 308 fassus
475 283 567 308 sum
595 274 639 307 et
663 270 813 314 fateor,
845 270 877 306 si
906 269 1177 318 praescissem
1207 268 1285 305 hoc
1314 269 1499 306 seculum
1528 271 1660 307 exori-

100 330 257 370 turum,
281 325 419 362 multa
440 329 516 362 aut
536 337 621 362 non
641 325 899 373 scripsissem
921 336 1029 372 quae
1054 323 1211 372 scripsi,
1233 326 1310 359 aut
1330 323 1455 360 aliter
1476 324 1660 372 scripsis-

98 393 198 425 sem,
221 379 431 428 quaedam
452 379 583 416 etiam
604 391 687 415 non
708 378 898 415 fecissem
921 389 1029 426 quae
1046 376 1137 413 feci.
1189 377 1428 421 Prudentis,
1446 378 1660 426 inquiunt,

98 438 163 472 est
202 434 393 471 diuinare
432 433 601 470 futura:
642 435 791 477 fateor,
833 431 905 468 sed
946 443 1031 468 non
1070 432 1223 468 omnia.
1283 430 1476 480 Agnosco
1517 436 1661 469 tamen

96 488 239 537 aliqua
259 500 310 524 ex
333 492 454 537 parte
472 487 788 536 simplicitatem
805 490 849 523 et
865 486 1188 534 incogitantiam
1207 497 1356 523 meam.
1408 485 1498 522 Ista
1515 490 1660 523 tamen
1680 502 1720 531 55

97 555 205 591 quae
244 541 346 579 mihi
381 542 510 579 toties
550 541 827 591 obganniunt,
864 551 1077 588 nusquam
1112 539 1382 588 reperiuntur
1416 540 1458 576 in
1493 541 1661 588 scriptis

96 597 211 641 meis,
245 600 416 633 tantum
451 595 564 633 absit
597 595 833 632 malitiosus
864 594 1081 642 interpres.
1131 593 1188 630 Et
1218 594 1259 630 in
1291 593 1660 631 Declarationibus

96 651 211 695 meis,
241 663 346 699 quas
377 651 447 687 isti
476 649 713 699 palinodias
742 661 830 686 esse
861 652 1019 697 putant
1049 647 1163 684 ciuili
1190 647 1332 692 titulo,
1361 648 1465 685 nihil
1493 661 1660 697 expono

95 717 214 742 secus
254 717 382 753 quam
418 704 653 741 sentiebam
693 715 824 751 quum
860 701 932 739 illa
972 701 1208 745 scriberem,
1245 706 1322 739 aut
1357 715 1485 750 quam
1522 703 1660 740 verbis

93 759 303 808 expressi:
335 771 480 795 rursus
500 758 663 807 excipio
684 757 884 794 lectorem
910 756 1116 804 iniquum,
1142 757 1209 792 cui
1233 755 1336 793 nihil
1358 758 1462 793 satis
1484 758 1657 794 circum·
1678 767 1720 794 60

95 817 236 862 specte
258 813 382 849 scribi
403 816 556 862 potest.
607 812 697 860 Ego
718 811 919 848 studiosis
940 823 988 847 ac
1010 810 1132 847 bonis
1149 810 1249 847 viris
1271 810 1509 848 scribebam
1526 824 1657 848 anno-

93 866 354 904 tatiunculas
388 871 465 904 aut
497 866 835 910 commentarios,
866 877 952 902 non
982 864 1224 901 arbitrabar
1255 877 1320 901 me
1351 865 1531 903 scribere
1560 878 1657 903 cau-

93 921 231 958 tiones
250 925 327 958 aut
348 920 610 970 syngraphas
629 919 827 957 forenses.

147 975 304 1013 Verum
326 976 396 1012 isti
417 976 501 1012 iam
529 976 771 1017 mitescunt,
800 978 849 1010 Vt
876 973 1069 1010 scribitis.
1120 972 1217 1010 Non
1245 974 1387 1023 magni
1414 973 1556 1019 refert,
1578 975 1657 1011 viri

91 1028 322 1075 clarissimi,
359 1042 488 1078 quam
522 1030 749 1066 mitescant
779 1028 820 1064 in
852 1040 929 1071 me,
962 1028 1094 1076 magis
1130 1027 1315 1065 admiror
1345 1028 1534 1066 nondum
1567 1042 1657 1066 esse
1676 1037 1717 1073 65

91 1083 336 1121 delassatos.
388 1083 469 1121 Sed
499 1084 665 1120 vtinam
695 1095 793 1119 vere
828 1083 1055 1119 mitescant
1090 1081 1145 1118 ad
1180 1082 1403 1131 imaginem
1439 1082 1550 1120 illius
1584 1085 1657 1132 qui

89 1137 222 1175 dixit:
256 1138 413 1175 Discite
434 1151 459 1175 a
481 1151 558 1183 me,
581 1138 681 1186 quia
702 1137 817 1174 mitis
838 1149 929 1173 sum
952 1140 995 1173 et
1016 1136 1187 1173 humilis
1208 1137 1346 1182 corde,
1368 1140 1412 1174 et
1433 1138 1657 1175 inuenietis

90 1193 277 1240 requiem
309 1192 532 1229 animabus
563 1192 727 1229 vestris.
770 1191 894 1228 Tales
924 1191 1090 1239 aliquot
1123 1191 1307 1228 arbitror
1339 1195 1382 1228 et
1414 1192 1524 1229 inter
1551 1192 1656 1230 istos

89 1258 189 1291 esse,
212 1247 285 1284 sed
305 1247 444 1284 nescio
465 1259 549 1295 qua
573 1258 666 1283 mea
693 1245 942 1282 infelicitate
970 1246 1037 1284 sit.
1066 1249 1116 1281 vt
1147 1246 1189 1282 in
1217 1258 1322 1294 quos
1350 1246 1536 1295 impingo
1564 1250 1655 1284 tam

87 1299 245 1338 feroces
266 1305 440 1350 tamque
469 1300 758 1350 implacabiles
785 1300 1040 1349 comperiam
1063 1304 1112 1336 vt
1140 1300 1278 1337 tutius
1303 1301 1358 1337 sit
1385 1313 1480 1337 cum
1504 1303 1655 1349 quouis
1675 1315 1716 1345 70

87 1353 310 1392 Cardinale
346 1355 580 1392 conflictari
614 1367 742 1403 quam
775 1367 870 1391 cum
911 1354 1005 1398 illis,
1042 1355 1251 1403 citiusque
1290 1354 1537 1404 placaturus
1577 1356 1654 1393 sim

87 1410 281 1457 quemuis
303 1409 468 1458 Regum
490 1413 567 1447 aut
588 1408 843 1446 Pontificum
865 1408 1073 1446 offensum
1095 1421 1223 1457 quam
1246 1421 1377 1446 vnum
1400 1422 1451 1446 ex
1473 1410 1565 1447 istis
1582 1411 1655 1459 qui

86 1475 129 1500 se
159 1464 324 1501 iactant
355 1463 515 1501 mundo
545 1467 748 1508 mortuos,
776 1475 909 1512 quum
938 1464 1009 1499 Vix
1040 1463 1081 1499 in
1112 1462 1194 1500 alio
1224 1463 1472 1501 mortalium
1503 1477 1654 1513 genere

86 1518 219 1566 magis
254 1518 376 1555 viuat
410 1522 638 1567 regnetque
670 1517 866 1555 mundus.
919 1517 1081 1555 Paucos
1111 1521 1312 1567 exceptos
1345 1518 1454 1564 volo,
1487 1519 1652 1556 vtinam

83 1584 248 1621 possem
270 1572 620 1622 quamplurimos.
1672 1587 1712 1618 75

140 1626 392 1675 Nuperrime
420 1639 555 1664 nouus
583 1627 755 1676 quidam
783 1630 959 1664 exortus
992 1631 1070 1671 est,
1103 1627 1176 1676 qui
1203 1639 1281 1676 pro
1314 1627 1428 1664 ciuili
1460 1627 1650 1665 admoni-

85 1681 211 1725 tione,
235 1682 313 1730 ipsi
336 1694 420 1718 non
442 1681 536 1719 vtili
558 1685 743 1726 tantum,
766 1681 1048 1718 verumetiam
1073 1682 1320 1726 necessaria,
1348 1682 1405 1718 sic
1431 1683 1652 1732 respondit

85 1736 206 1783 quasi
228 1735 442 1784 lapidibus
463 1749 488 1773 a
508 1748 575 1773 me
596 1736 747 1773 fuisset
768 1736 1001 1785 impetitus
1051 1736 1260 1785 Equidem
1282 1736 1526 1774 arbitrabar
1548 1737 1651 1775 mihi

85 1801 173 1826 rem
195 1789 285 1826 fore
307 1802 403 1827 cum
425 1791 593 1839 ingenio
611 1790 759 1828 sedato
780 1803 827 1827 ac
851 1789 1155 1840 philosophico,
1175 1790 1247 1827 sed
1265 1790 1412 1828 videor
1429 1791 1650 1841 impegisse

85 1844 126 1880 in
147 1844 338 1881 citeriam
361 1845 619 1894 quampiam,
643 1845 749 1882 adeo
770 1844 874 1882 nihil
898 1857 981 1881 non
1006 1845 1119 1893 rapit
1144 1844 1197 1881 ad
1223 1845 1506 1882 maledicendi
1531 1859 1647 1884 occa·
1669 1853 1710 1882 So

84 1898 256 1935 sionem.
308 1898 365 1935 Vt
385 1900 495 1936 enim
513 1900 711 1936 omittam
729 1904 893 1936 veteres
910 1899 1004 1936 illas
1020 1911 1068 1936 ac
1085 1899 1279 1936 solennes
1295 1899 1476 1943 fabulas,
1495 1900 1650 1949 quibus

82 1952 153 1989 isti
175 1952 314 1990 solent
336 1966 412 1990 sua
433 1953 603 1991 condire
625 1954 833 1998 conuiuia,
857 1953 1002 1990 obiicit
1024 1953 1127 1990 mihi
1149 1954 1263 2002 quod
1289 1955 1330 1991 in
1356 1954 1523 1999 litteris,
1551 1956 1647 2001 imo,

84 2010 132 2042 vt
168 2006 236 2043 ille
272 2006 474 2056 loquitur,
511 2008 553 2044 in
589 2008 703 2045 omni
742 2007 990 2045 mortalium
1030 2020 1181 2057 genere
1207 2008 1396 2057 primus,
1438 2009 1522 2046 imo
1563 2022 1648 2047 non

82 2061 244 2110 primus
262 2061 334 2098 sed
351 2061 465 2099 solus
481 2074 568 2099 esse
585 2062 724 2099 velim.
776 2061 899 2107 Quod
916 2075 1048 2111 quum
1067 2063 1122 2099 sit
1140 2062 1363 2112 impudens
1380 2064 1647 2102 mendacium

81 2118 125 2151 et
146 2119 271 2152 atrox
293 2117 542 2161 conuitium,
565 2120 708 2154 tamen
730 2117 890 2166 absque
913 2118 998 2154 risu
1021 2116 1157 2166 legere
1180 2130 1266 2154 non
1288 2118 1422 2166 potui.
1474 2117 1563 2168 Ego
1581 2132 1646 2156 me
1667 2125 1706 2162 85

81 2169 220 2218 ipsum
242 2169 357 2207 haud
379 2170 462 2208 alio
487 2170 579 2208 loco
606 2184 718 2220 pono
741 2184 869 2220 quam
898 2184 983 2220 quo
1011 2171 1230 2220 quondam
1258 2172 1477 2210 oraculum
1503 2174 1647 2222 posuit

83 2223 360 2272 Megarenses,
411 2224 471 2262 Ac
494 2237 545 2262 ne
566 2225 669 2274 quid
690 2225 827 2263 dicam
849 2225 901 2262 de
923 2225 1162 2263 studiorum
1185 2227 1444 2276 proceribus,
1463 2239 1645 2276 quorum

80 2277 186 2315 nulli
227 2290 294 2315 me
330 2291 517 2327 vnquam
557 2281 749 2328 aequaui,
787 2280 911 2317 video
952 2284 996 2317 et
1035 2280 1200 2329 gaudeo
1236 2281 1392 2330 vbique
1433 2285 1644 2319 terrarum

80 2332 335 2369 efflorescere
375 2334 561 2378 iuuenes,
597 2335 668 2382 qui
703 2347 769 2371 me
804 2335 847 2371 in
883 2335 997 2371 omni
1032 2334 1273 2372 litterarum
1309 2348 1461 2385 genere
1496 2336 1645 2374 multis

80 2390 360 2435 praecurrant
380 2389 637 2437 parasangis.
688 2388 892 2438 Impingit
918 2393 962 2426 et
989 2388 1178 2434 liuorem,
1208 2389 1280 2427 sed
1308 2390 1473 2427 nullum
1504 2391 1642 2428 adfert
1663 2406 1706 2433 90

79 2445 391 2489 argumentum,
432 2446 603 2479 tantum
644 2442 779 2491 infigit
819 2443 1026 2480 aculeum.
1078 2443 1233 2481 Fateor
1268 2457 1407 2481 meam
1443 2449 1643 2482 naturam

80 2494 226 2532 multis
257 2496 374 2532 viciis
405 2495 532 2533 fuisse
560 2497 800 2534 obnoxiam.
852 2497 1006 2535 Verum
1035 2498 1068 2535 si
1097 2498 1200 2535 satis
1229 2498 1419 2547 intelligo
1455 2499 1557 2548 quid
1589 2500 1644 2536 sit

79 2548 199 2594 liuor,
221 2549 387 2587 nullum
410 2550 534 2588 huius
555 2551 732 2588 affectus
753 2551 963 2589 assultum
985 2565 1175 2601 vnquam
1202 2554 1243 2590 in
1266 2566 1331 2590 me
1357 2553 1479 2597 sensi,
1505 2555 1643 2601 gratia

122 2690 174 2719 57.
200 2681 533 2719 Declarationibus]
558 2681 634 2712 The
659 2682 823 2712 Declara-
892 2683 1034 2713 sidered
1055 2684 1200 2714 himself
1218 2689 1256 2714 to
1274 2685 1367 2714 have
1388 2685 1478 2715 been
1501 2685 1642 2723 injurcd

76 2725 189 2755 tiones
211 2725 257 2754 ad
281 2735 449 2756 censuras
471 2725 628 2756 Lutetiae
651 2725 823 2764 vulqatas,
893 2727 942 2766 by
959 2727 1151 2757 Steuchus'
1170 2728 1289 2758 letter.

79 2768 234 2803 Froben,
256 2777 348 2806 1532.
937 2772 989 2800 80.
1015 2771 1195 2807 citeriam]
1256 2772 1320 2801 See
1375 2771 1487 2810 Adaq.
1548 2773 1640 2811 1644.

121 2813 173 2850 67.
200 2812 351 2849 Discite]
370 2811 477 2842 Matt.
499 2821 548 2842 11.
568 2821 619 2848 29.
895 2823 999 2853 3744:
1028 2815 1159 2844 Festus
1177 2815 1381 2853 (Lindsay),
1402 2825 1435 2854 p.
1456 2824 1508 2853 52.

121 2857 172 2893 76.
199 2855 687 2895 nouusquidam]Steu‹·hus
702 2856 824 2896 Eugu-
935 2858 987 2896 87.
1014 2858 1257 2897 Megarenses]
1293 2860 1357 2888 beo
1389 2858 1502 2897 Aday.
1541 2868 1640 2897 1079:

77 2898 196 2928 binus.
245 2898 321 2928 The
349 2898 458 2929 letter
488 2900 518 2928 is
549 2899 754 2940 important
785 2910 825 2929 as
892 2901 938 2930 of.
958 2901 1026 2941 Ep.
1049 2902 1142 2931 2880.
1163 2911 1284 2931 20—111.

77 2941 261 2981 revealing
292 2942 372 2972 how
402 2943 510 2972 much
538 2942 713 2974 Erasmus
741 2953 823 2973 con·
936 2954 989 2981 90.
1018 2945 1243 2985 parasangis]
1263 2945 1327 2975 Sco
1346 2945 1458 2984 Adaq.
1483 2946 1574 2975 1:82.
