1966 3379
250 141 301 177 30
677 139 936 177 LETTERS
967 139 1037 177 OF
1067 138 1334 177 ERASMUS
1699 141 1821 188 [1532

250 244 456 294 percipiat
474 243 676 293 quicquid
698 243 855 293 alioqui
878 245 918 281 in
943 243 1154 293 profundo
1176 244 1331 281 mentis
1350 243 1563 281 humanae
1579 243 1820 281 demersum

189 308 230 337 60
249 303 325 336 est.
387 299 443 336 Et*
464 299 518 335 ab
542 298 618 335 hac
640 311 840 348 corporea
862 300 991 336 etiam
1014 299 1274 348 inspectione
1296 298 1514 335 theatrum
1537 298 1786 348 appellauit.

304 352 408 390 Cum
432 365 634 403 rogarem,
658 366 757 390 num
781 353 942 402 aliquid
964 354 1202 403 scripsisset
1227 353 1280 390 ad
1310 354 1519 402 opinionis
1548 365 1648 390 suae
1676 353 1818 390 defen-

249 409 422 453 sionem,
455 420 550 445 cum
587 408 711 445 multi
749 408 871 445 hodie
906 409 1005 453 sint,
1036 409 1109 457 qui
1140 408 1330 445 studium
1366 407 1493 445 hocce
1525 408 1577 445 de
1610 407 1820 445 imitando

249 462 446 500 Cicerone
473 462 776 512 improbarent,
800 463 1019 512 respondit
1048 464 1089 500 in
1117 475 1211 500 eam
1241 463 1522 500 sententiam:
1557 462 1695 499 multa
1723 475 1747 499 a
1776 475 1819 500 se

249 518 419 567 scripta,
450 517 567 554 nulla
595 530 695 554 vero
723 517 862 554 adhuc
890 517 1005 555 edita
1036 518 1116 554 nisi
1146 517 1329 567 paucula
1360 516 1571 566 quaedam
1602 518 1644 554 in
1676 517 1820 567 lingua

188 581 228 617 05
250 571 414 616 Italica,
447 573 488 608 in
521 572 647 621 Regis
677 573 874 621 gratiam.
936 572 985 609 In
1016 573 1159 609 animo
1190 584 1291 609 vcro
1326 572 1480 609 habere
1511 571 1562 609 de
1596 571 1745 609 eadem
1776 584 1819 609 re

249 639 369 664 suam
392 627 608 676 publicare
630 627 902 671 sententiam,
926 627 998 664 vbi
1019 628 1203 676 quietem
1227 627 1534 676 impetrauerit,
1558 639 1681 676 opere
1704 626 1817 664 vide-

249 681 347 719 licet
375 681 577 731 perfecto,
601 682 668 718 cui
696 686 815 719 totus
845 682 1067 727 incumbit,
1097 687 1141 719 et
1170 687 1217 718 vt
1250 683 1337 731 ipse
1366 681 1598 731 praedicat,
1630 682 1672 718 in
1702 681 1817 730 quod

247 735 361 773 mille
383 740 425 773 ct
443 737 698 784 quingentos
721 737 804 773 iam
827 736 1006 774 ducatos
1030 737 1252 786 impendit,
1270 749 1365 773 cum
1390 736 1482 773 Rex
1506 741 1676 774 tantum
1696 737 1816 785 quin-

246 795 397 839 gentos
418 791 557 828 adhuc
579 791 774 828 donarit:
802 805 826 829 a
844 803 929 840 quo
950 796 1095 829 tamen
1118 791 1382 841 amplissima
1405 803 1581 828 munera
1601 795 1816 841 expectat,

187 860 227 889 70
247 845 319 882 vbi
341 846 478 895 operis
499 845 688 883 fructum
711 847 902 883 senserit.

300 899 406 937 Cum
422 900 584 938 Bembo
600 913 763 950 nequeo
777 913 870 938 eam
888 914 1017 950 quam
1031 902 1156 951 cupio
1173 901 1513 938 familiaritatem
1531 900 1632 938 mihi
1648 913 1812 950 parare.

246 954 332 992 Nec
363 955 475 992 enim
507 956 612 992 satis
642 955 781 992 adhuc
818 955 1014 993 Italicam
1048 956 1235 1006 linguam
1272 955 1416 1000 calleo,
1449 968 1524 993 nec
1559 955 1696 993 audeo
1727 968 1817 993 esse

246 1009 477 1053 molestior,
500 1023 596 1047 cum
620 1010 689 1047 ille
716 1010 873 1048 Latina
902 1023 986 1048 non
1010 1012 1114 1048 satis
1136 1011 1336 1048 lubenter
1358 1015 1521 1048 Vtatur.
1579 1010 1620 1047 Si
1643 1010 1817 1059 quando

245 1064 400 1109 saluto,
435 1065 713 1114 interpretem
749 1078 865 1114 paro,
899 1065 965 1103 vel
999 1070 1047 1103 vt
1082 1065 1235 1103 vmbra
1268 1065 1453 1114 aliquem
1489 1069 1712 1103 consector
1744 1065 1816 1114 qui

186 1133 224 1163 75
246 1118 393 1156 Italice
415 1132 510 1156 cum
532 1132 581 1157 eo
604 1119 718 1168 loqui
741 1121 888 1169 possit.
948 1119 1051 1158 Cum
1075 1120 1260 1170 Egnatio
1284 1133 1369 1158 non
1392 1121 1497 1157 satis
1525 1121 1561 1158 ei
1588 1120 1812 1157 conuenit:

245 1186 416 1211 causam
439 1174 603 1212 dissidii
625 1176 794 1224 ignoro:
826 1175 1012 1212 Bembus
1034 1180 1179 1213 autem
1201 1188 1243 1213 se
1260 1175 1486 1223 diligenter
1502 1178 1670 1224 purgat.
1723 1174 1815 1212 Hoc

244 1232 388 1265 autem
426 1242 561 1278 nuper
591 1229 823 1267 admodum
866 1230 1068 1268 intellexi.
1129 1230 1240 1268 Nam
1281 1242 1377 1267 cum
1411 1230 1605 1267 Alciatus
1644 1229 1697 1267 ad
1738 1242 1815 1267 nos

244 1284 494 1333 scripsisset,
532 1288 695 1333 pestem
736 1284 1001 1334 Biturigibus
1042 1285 1345 1330 recrudescere,
1379 1297 1426 1322 ac
1467 1298 1509 1322 se
1549 1284 1655 1322 alias
1696 1284 1815 1322 sedes

244 1350 458 1386 quaerere,
492 1351 729 1388 cupereque
770 1340 963 1389 inprimis
1000 1341 1143 1378 venire
1179 1340 1421 1384 Patauium,
1456 1352 1532 1389 ego
1571 1351 1668 1376 cum
1708 1339 1814 1377 alios

183 1397 224 1427 80
244 1392 473 1430 nonnullos
512 1397 606 1430 tum
641 1398 686 1431 et
726 1393 936 1432 Bembum
976 1394 1264 1444 interpellaui,
1301 1399 1349 1432 vt
1389 1394 1502 1432 illius
1540 1394 1814 1432 voluntatem

243 1447 482 1493 adiuuaret,
514 1448 801 1498 scriberetque
832 1449 1032 1487 Venetias
1063 1449 1117 1487 ad
1147 1462 1219 1488 eos
1248 1449 1404 1499 quibus
1433 1449 1688 1487 Academiae
1719 1461 1813 1498 pro-

243 1502 408 1539 curatio
429 1503 655 1541 commissa
675 1508 764 1549 est23
796 1507 890 1541 tum
912 1505 1042 1541 etiam
1064 1508 1112 1542 vt
1134 1504 1367 1554 Egnatium
1392 1504 1707 1549 exhortaretur,
1729 1516 1814 1552 quo

244 1556 321 1594 hoc
352 1558 571 1607 negotium
600 1559 856 1596 nominatim
884 1558 943 1596 illi
975 1558 1028 1596 ab
1060 1560 1151 1609 ipso
1180 1559 1349 1597 Alciato
1380 1558 1632 1596 mandatum
1665 1557 1813 1596 sedulo

242 1611 393 1650 obiret.
454 1612 505 1649 In
527 1614 704 1650 caeteris
725 1613 898 1663 quidem
921 1626 1092 1663 operam
1115 1613 1184 1651 ille
1206 1626 1375 1652 omnem
1397 1613 1569 1658 obtulit,
1593 1613 1647 1651 ad
1673 1613 1811 1662 Egna-

181 1672 222 1710 85
243 1667 350 1703 tium
372 1679 472 1704 vero
493 1667 675 1705 scribere
697 1681 739 1705 se
766 1681 852 1706 non
879 1681 1003 1718 posse
1030 1670 1267 1714 excusauit,
1289 1672 1477 1706 testatus
1506 1668 1619 1705 illius
1646 1680 1745 1717 erga
1770 1680 1813 1705 se

242 1720 410 1765 odium;
433 1722 696 1771 monuitque,
715 1727 763 1760 vt
781 1724 815 1760 si
828 1722 984 1761 Alciati
1001 1736 1153 1761 causae
1170 1723 1324 1761 vellem
1346 1723 1606 1768 consultum,
1625 1727 1811 1760 tacerem

240 1776 355 1825 apud
376 1776 621 1826 Egnatium

288 1829 535 1884 Sucquetus
565 1844 673 1880 quae
704 1832 759 1869 ad
790 1836 844 1877 te
879 1833 1048 1870 eadem
1060 1845 1229 1882 quoque
1260 1833 1428 1883 saepius
1459 1833 1543 1870 iam
1575 1832 1628 1869 ad
1661 1845 1727 1870 me
1759 1845 1810 1869 ex

242 1876 431 1923 Taurino
466 1887 648 1936 scripsit
684 1887 755 1924 vbi
788 1887 994 1925 hactenus
1030 1889 1172 1926 omnia
1205 1888 1243 1925 ei
1278 1889 1340 1925 ita
1373 1888 1562 1929 arrisere
1597 1892 1646 1924 vt
1681 1886 1811 1924 nullis

179 1954 221 1981 90
239 1940 430 1988 epistolis
474 1940 555 1978 huc
599 1942 768 1979 euocari
812 1955 837 1979 a
882 1942 1004 1980 nobis
1049 1943 1251 1993 potuerit.
1322 1942 1509 1980 Lazarus
1554 1942 1811 1980 Bonamicus

241 1994 479 2033 Bononiam
502 1995 637 2033 redire
659 1996 907 2042 meditatur,
926 1997 1052 2035 credo
1072 1998 1172 2047 quia
1192 1997 1430 2035 Cardinalis
1451 1996 1666 2048 Campegii
1687 1996 1810 2041 filius,

240 2061 366 2097 quem
387 2050 476 2099 ipse
498 2050 563 2088 hic
582 2051 785 2100 priuatim
807 2052 1011 2097 instituit,
1029 2052 1266 2102 Episcopus
1282 2052 1562 2090 Bononiensis
1584 2051 1725 2089 factus
1742 2051 1809 2088 sit.

240 2102 422 2148 Quidam
444 2117 613 2154 quoque
634 2105 747 2143 illius
770 2107 951 2144 studiosi
971 2107 1245 2145 vehementer
1266 2106 1583 2145 contenderunt
1604 2105 1810 2144 aduersus

241 2158 475 2196 Romulum
496 2159 728 2198 Amazeum
751 2161 1040 2200 conditionem
1059 2162 1098 2199 ei
1118 2174 1281 2212 parare,
1303 2165 1347 2200 et
1369 2162 1571 2211 quoniam
1598 2160 1810 2199 Romulus

177 2226 218 2255 95
239 2213 384 2250 cedere
412 2218 592 2259 recusat,
624 2217 707 2252 iam
737 2215 1030 2254 subornantur
1057 2216 1361 2261 adolescentes,
1390 2217 1463 2266 qui
1494 2228 1666 2253 causam
1695 2215 1809 2265 apud

240 2267 509 2306 Praefectum
531 2268 843 2308 Bononiensem
865 2270 1117 2309 declament.
1177 2271 1331 2321 Itaque
1352 2270 1637 2320 Longolianas
1663 2282 1808 2307 rursus

238 2323 426 2360 actiones
448 2328 738 2373 expectamus.
800 2325 914 2363 Bene
935 2325 1030 2363 vale
1052 2327 1227 2376 optime,
1250 2326 1435 2364 maxime
1457 2325 1650 2364 Domine.

294 2377 475 2415 Patauii.
500 2378 522 2415 8
545 2378 658 2416 Iunii
679 2378 746 2417 A0.
770 2389 886 2427 1532.

559 2468 612 2506 67.
639 2467 803 2507 perfecto
819 2467 859 2505 βε
887 2469 1052 2509 profecto
1070 2482 1102 2508 γ.
1194 2469 1248 2507 98.
1275 2469 1338 2499 A0.
1357 2479 1427 2500 om.
1445 2481 1478 2507 γ.

280 2603 332 2633 88.
360 2602 581 2643 Sucquetus]
595 2603 649 2634 Cf.
663 2604 761 2645 Epp.
777 2606 873 2635 2682.
889 2607 986 2642 60—2,

237 2655 332 2685 2700.
355 2649 494 2684 159—61.

1056 2606 1176 2636 where
1194 2606 1239 2636 he
1257 2606 1405 2636 became
1428 2606 1618 2646 Secretary
1634 2607 1672 2636 of
1689 2606 1805 2637 State.

1058 2650 1115 2679 He
1132 2660 1206 2680 was
1223 2649 1417 2680 entrusted
1431 2649 1520 2680 with
1534 2649 1598 2680 the
1609 2650 1804 2681 education

279 2699 333 2726 91.
359 2690 469 2728 filius]
488 2690 697 2721 Alexander
713 2691 910 2732 Campegio
928 2692 987 2723 be-

235 2743 336 2763 came
362 2733 431 2773 Bp.
457 2734 494 2764 of
518 2734 682 2774 Bologna
706 2735 741 2765 in
770 2738 908 2775 1526—7‚
934 2746 985 2766 re-

235 2777 379 2816 signing
414 2777 449 2807 in
490 2786 592 2817 1553;
634 2779 679 2809 he
715 2789 790 2809 was
826 2779 933 2810 made
965 2790 987 2810 a

235 2820 397 2850 cardinal
415 2821 451 2850 in
469 2830 546 2859 1551
567 2822 640 2852 and
658 2822 742 2852 died
759 2823 797 2853 in
817 2832 910 2863 1554.

278 2874 332 2903 94.
359 2864 572 2902 Romulum]
586 2865 604 2893 †
618 2874 710 2904 1552,
724 2876 788 2896 son
799 2867 836 2897 of
847 2867 986 2907 George

237 2908 428 2942 Amazeus,
461 2918 534 2938 was
566 2909 658 2939 born
690 2913 729 2939 at
758 2910 879 2940 Udine
910 2910 985 2941 and

235 2950 369 2990 taught
393 2951 511 2981 Greek
535 2952 609 2982 and
638 2952 747 2983 Latin
774 2957 815 2983 at
844 2953 983 2990 Padua,

234 2995 342 3034 going
398 2995 664 3036 subsequently
714 3001 752 3027 to
808 2997 982 3038 Bologna,

1056 2693 1094 2723 of
1114 2693 1321 2723 Alexander
1334 2693 1492 2723 Farnese
1506 2693 1555 2733 by
1568 2693 1658 2724 Paul
1678 2702 1721 2723 111
1736 2694 1806 2730 (for

1056 2737 1175 2767 whom
1200 2737 1245 2767 he
1269 2741 1384 2767 wrote
1411 2747 1432 2767 a
1461 2737 1604 2767 funeral
1632 2737 1803 2774 orat-ion).

1054 2780 1182 2811 Under
1211 2780 1334 2811 Julius
1366 2789 1411 2810 111
1439 2781 1484 2811 he
1513 2781 1661 2811 became
1690 2781 1805 2821 Papal

1054 2828 1250 2864 secretary.
1301 2824 1457 2854 Niceron
1490 2825 1594 2860 (torn.
1629 2825 1684 2864 32)
1716 2835 1803 2855 enu-

1053 2872 1212 2898 merates
1229 2868 1285 2898 his
1301 2868 1440 2903 works;
1466 2872 1506 2898 to
1522 2868 1640 2898 which
1658 2879 1744 2908 may
1761 2868 1805 2898 be

1053 2911 1173 2941 added
1205 2911 1464 2950 Panegyricum
1497 2911 1639 2951 Georqio
1670 2911 1802 2943 Sauro-

1053 2965 1185 2985 marmo
1200 2979 1205 2985 .
1221 2979 1227 2985 .
1243 2955 1407 2992 .dictum,
1420 2955 1596 2996 Bologna,
1612 2964 1705 2995 1513.
1739 2955 1803 2987 See*

1054 2998 1158 3028 VZE.
1178 3009 1213 3039 p.
1232 3008 1312 3038 93n.
