1966 3379
121 113 241 160 2777]
294 108 450 147 FRoM
480 108 519 146 J.
553 108 596 146 L.
630 105 794 144 VIVEs
826 104 897 143 To
927 103 1178 142 GILBERT
1209 102 1507 141 coeNATUs
1602 103 1676 138 175

119 216 245 255 unity;
270 215 333 244 the
350 213 436 244 final
453 212 636 253 greetings
653 215 692 242 to
710 211 896 243 Erasmus,
917 209 1053 243 Zasius,
1068 208 1141 238 and
1155 207 1357 238 Glareanus
1373 207 1478 246 point
1492 206 1677 245 naturally

118 263 158 289 to
182 259 245 289 the
269 258 443 296 Freiburg
465 256 591 295 period
616 262 775 294 1529-35.
824 253 915 290 (The
939 252 1130 292 year-date
1156 260 1237 290 1533
1260 260 1334 280 was
1356 251 1524 290 assigned
1550 254 1588 280 to
1614 250 1677 280 the

118 303 227 332 letter
244 302 292 341 by
311 301 346 331 P.
366 301 399 331 S.
418 300 550 335 Allen.)

162 345 218 375 No
234 345 339 375 other
356 344 483 374 letters
501 343 664 372 between
683 341 792 371 Vives
809 340 881 370 and
899 340 1086 379 Cognatus
1103 348 1163 368 are
1181 338 1340 374 extant]

161 414 353 441 IOANNES
375 412 619 439 LVDOVICVS
642 411 770 437 VIVES
792 410 954 437 OPTIMO
977 408 1118 441 ATQVE
1142 405 1452 433 ERVDITISSIMO
1474 406 1631 432 IVVENI

208 467 424 495 GILBERTO
447 466 646 493 COGNATO
670 464 916 497 NOZERENO,
942 464 980 489 D.
1006 463 1167 488 ERASMI
1189 461 1463 495 AMANVENSI,
1486 461 1518 487 S.
1544 461 1582 486 D.

172 528 237 565 Ex
262 528 370 564 binis
391 527 476 564 tuis
498 526 642 571 literis,
671 524 858 573 Cognate
887 523 1139 564 charissime,
1169 534 1349 570 quarum
1382 521 1541 569 priores
1563 521 1678 558 misit

118 583 301 620 Leuinus
344 581 618 629 Panagathus
666 579 915 627 Antuerpia,
965 578 1218 626 posteriores
1266 575 1417 612 attulit
1466 574 1676 620 Quirinus,

119 637 280 686 Hagius
302 636 416 679 ciuis
440 634 673 683 intelligere
694 646 777 670 non
799 633 921 682 potui
943 632 1056 680 quod
1079 631 1203 668 valde
1225 630 1458 679 cupiebam,
1481 634 1677 666 essentne

118 691 196 728 tibi
214 690 402 727 redditae
417 702 522 738 quas
538 688 718 725 Londini
736 687 789 725 ad
804 687 1028 724 Erasmum
1044 691 1085 723 et
1104 690 1145 722 te
1163 685 1374 722 dederam.
1417 683 1528 721 Satis
1546 684 1676 732 suspi-

118 745 245 782 cabar
279 757 361 781 non
396 756 497 788 esse,
530 743 644 792 quod
679 742 783 779 nihil
819 741 1079 778 meminisses
1110 740 1151 776 in
1184 740 1280 776 tuis
1333 738 1393 775 De
1426 738 1543 775 libris
1573 751 1678 786 quos

118 799 302 836 reddidit
324 797 534 843 Quirinus,
557 797 693 834 habeo
714 800 756 833 et
777 809 856 845 ago
877 795 956 832 tibi
976 795 1135 844 gratias
1157 794 1396 830 immensas.
1440 793 1519 829 Per
1541 793 1677 829 ocium

117 854 265 903 legam.
317 853 378 890 De
409 852 542 889 literis
572 852 657 888 tuis
687 850 839 888 faciam
868 849 982 899 quod
1013 861 1079 886 me
1101 860 1246 897 rogas:
1278 847 1382 884 alias
1405 847 1487 883 iam
1511 847 1603 883 misi
1625 846 1678 884 ad

116 907 314 945 Carolum
338 907 603 944 Montioium.

172 962 229 999 Mi
250 961 450 1010 Cognate,
468 972 771 1010 saepenumero
792 971 885 996 sum
901 962 941 995 te
959 961 1156 1007 precatus
1174 960 1222 994 vt·
1238 956 1293 993 ad
1315 969 1390 993 nos
1408 955 1473 992 vel
1497 955 1603 992 hanc
1625 955 1679 992 ob

116 1028 309 1054 caussam
330 1015 531 1052 scriberes
554 1014 818 1063 frequentius
839 1013 890 1050 de
912 1013 1078 1049 Erasmi
1105 1012 1391 1060 praeceptoris
1412 1011 1546 1047 nostri
1568 1010 1677 1046 vale-

117 1071 277 1115 tudine,
310 1082 533 1118 rerumque
562 1081 733 1117 suarum
764 1071 895 1111 statu,
924 1067 996 1115 qui
1029 1066 1131 1103 mihi
1164 1078 1247 1102 non
1284 1066 1423 1102 minus
1459 1077 1583 1101 curae
1616 1069 1680 1102 est

116 1137 243 1173 quam
261 1137 379 1162 meus
397 1125 539 1173 ipsius⁷
559 1136 610 1160 ne
628 1123 694 1160 vel
710 1122 972 1159 crederemus
987 1121 1139 1165 famae,
1157 1120 1223 1157 vel
1239 1132 1287 1156 ea
1301 1131 1678 1163 commoueremur,

117 1179 208 1217 Hoc
236 1180 277 1216 in
309 1179 550 1228 praesentia
580 1177 875 1214 vehementius
898 1189 923 1213 a
949 1181 990 1213 te
1022 1180 1121 1225 peto
1148 1178 1192 1212 et
1217 1187 1302 1211 oro.
1354 1174 1463 1211 Nam
1496 1173 1598 1210 mihi
1628 1186 1679 1210 ex

116 1234 353 1282 Antuerpia
375 1233 579 1282 scriptum
601 1236 665 1269 est
679 1231 730 1269 de
745 1231 882 1268 salute
900 1243 976 1268 sua
989 1230 1031 1267 id
1046 1229 1161 1278 quod
1177 1229 1244 1266 vel
1260 1229 1444 1277 cogitare
1458 1228 1677 1265 abhorreo.

116 1288 304 1325 Tametsi
330 1287 431 1324 haec
457 1291 500 1324 et
531 1286 683 1324 similia
709 1298 785 1323 nos
810 1285 862 1323 de
890 1285 962 1322 illo
987 1284 1145 1328 audire,
1172 1296 1331 1321 nouum
1358 1295 1443 1319 non
1471 1287 1558 1319 est:
1586 1282 1680 1319 ideo

115 1343 254 1379 minus
279 1354 510 1385 mouemur,
536 1340 650 1390 quod
673 1340 792 1377 velut
817 1339 1104 1377 occalluimus.
1146 1337 1227 1375 Sed
1248 1350 1332 1387 quo
1354 1337 1541 1374 crebrius
1562 1337 1678 1374 audi-

114 1410 219 1441 mus,
243 1397 319 1433 hoc
338 1409 412 1433 nos
429 1395 560 1445 magis
575 1399 737 1432 terrent
756 1395 930 1431 humani
953 1406 1074 1431 casus
1090 1397 1133 1430 et
1150 1392 1386 1430 communis
1402 1391 1680 1429 mortalitatis

115 1451 341 1500 reputatio.
393 1450 618 1488 Goelenius
648 1462 714 1486 me
743 1450 961 1491 recreauit,
993 1448 1066 1497 qui
1096 1447 1318 1485 nunciauit
1348 1446 1477 1483 fuisse
1508 1445 1679 1495 quidem

114 1518 306 1555 sparsum
339 1506 381 1542 in
415 1505 651 1542 Brabantia
680 1503 907 1541 aduersum
939 1515 1150 1539 rumorem
1181 1502 1231 1538 de
1263 1502 1453 1545 Erasmo‚
1484 1505 1528 1538 et
1558 1500 1680 1537 malis

115 1560 242 1597 modo
263 1559 507 1603 iucundum,
531 1563 746 1596 caeterum
767 1571 809 1595 se
832 1557 986 1595 habere
1009 1561 1274 1606 compertum
1292 1556 1431 1593 omnia
1455 1568 1545 1593 esse
1566 1555 1679 1604 apud

116 1628 191 1652 vos
217 1618 348 1651 recte:
382 1616 603 1663 <propte-m
625 1613 739 1662 quod
766 1612 962 1662 equidem
988 1611 1157 1649 Christo
1182 1611 1319 1648 habeo
1347 1615 1390 1648 et
1417 1623 1496 1660 ago
1521 1610 1680 1660 gratias

115 1682 243 1718 quam
266 1681 487 1706 mammas.

171 1724 237 1760 Me
260 1723 324 1760 hic
345 1723 509 1760 coelum
533 1722 647 1760 istud
673 1726 912 1767 ventosum,
939 1721 1130 1765 densum,
1159 1720 1382 1758 humidum
1405 1719 1681 1757 inclementer

116 1779 281 1827 accipit,
294 1782 337 1815 et
352 1778 490 1814 victus
505 1777 614 1814 ratio
629 1776 813 1814 multum
827 1776 996 1814 diuersa
1010 1789 1034 1813 a
1046 1774 1351 1813 consuetudine
1366 1787 1470 1811 mea.
1503 1773 1681 1811 Caetera

115 1833 272 1870 cedunt
294 1832 584 1882 prosperrime,
608 1831 697 1869 Deo
711 1832 860 1881 gratia.
902 1831 1012 1868 Nam
1027 1830 1211 1879 diligunt
1228 1830 1437 1879 principes
1452 1842 1499 1866 ac
1516 1828 1678 1873 fauent,

116 1887 243 1936 idque
266 1900 308 1924 re
337 1886 582 1924 ostendunt.
630 1885 710 1924 Sed
737 1885 839 1923 mihi
867 1888 1030 1922 certum
1055 1889 1120 1922 est
1148 1884 1201 1922 ad
1224 1897 1411 1921 mensem
1441 1883 1612 1920 Iunium
1639 1884 1680 1920 in

119 1941 359 1979 Flandriam
386 1941 533 1978 redire.
579 1940 636 1978 Vt
661 1940 754 1977 aliis
782 1940 861 1977 tibi
886 1939 1018 1977 literis
1042 1940 1145 1976 meis
1173 1938 1402 1988 significaui
1435 1938 1485 1975 de
1512 1942 1553 1974 tc
1579 1937 1680 1986 quid

116 2000 272 2046 optem,
306 2008 390 2033 non
425 1996 591 2044 ignoras
625 1995 882 2032 sententiam
913 1998 956 2031 et
988 1998 1137 2031 votum
1173 1993 1303 2030 animi
1337 1993 1437 2035 mei;
1479 1992 1680 2041 quicquid

117 2056 260 2088 tamen
286 2051 498 2093 statueris
532 2050 666 2086 Deum
696 2049 821 2086 velim
851 2049 930 2086 tibi
964 2048 1196 2085 fortunare.
1247 2046 1545 2084 Gratissimum
1579 2046 1680 2083 mihi

117 2105 262 2142 feceris
285 2105 317 2141 si
339 2117 432 2141 meo
454 2105 621 2141 nomine
643 2104 799 2141 dixeris
829 2103 1011 2140 salutem
1035 2103 1084 2139 D.
1109 2103 1299 2146 Erasmo,
1326 2102 1540 2138 communi
1562 2113 1678 2150 prae-

117 2160 277 2208 ceptori
306 2163 463 2203 nostro,
486 2162 529 2196 et
550 2159 671 2196 Zasio
691 2162 735 2195 et
756 2157 977 2195 Glareano.
1021 2157 1122 2195 Vale
1148 2158 1276 2194 etiam
1303 2160 1433 2205 atque
1455 2156 1596 2193 etiam.

173 2225 228 2251 v1.
254 2213 355 2250 Idus
377 2213 501 2250 Mart.
525 2212 725 2250 Oxoniae.

419 2419 548 2456 2778.
613 2416 679 2456 To
703 2428 796 2456 THE
820 2415 1009 2456 SENATE
1034 2427 1090 2455 or
1114 2415 1384 2466 BESANQON.

172 2506 378 2548 Besaneon
398 2505 480 2539 MS.
503 2506 587 2539 1313.
614 2516 668 2547 15,
690 2506 715 2538 f.
737 2508 819 2550 446.
1370 2504 1573 2545 Freiburg.

167 2555 215 2587 N.
238 2566 274 2598 p.
300 2564 413 2587 1110:
443 2555 569 2587 Lond.
591 2555 713 2588 xxvii.
736 2566 799 2599 43:
831 2555 913 2588 Lss.
939 2565 1042 2599 1244.
1302 2564 1341 2586 12
1363 2553 1500 2586 March
1527 2562 1630 2594 1533-

162 2621 253 2658 [Tho
272 2622 498 2660 manuscript
517 2622 545 2651 is
561 2632 583 2651 a
602 2626 885 2661 contemporary
905 2632 998 2662 copy
1020 2622 1054 2651 in
1077 2622 1139 2651 tlie
1164 2620 1423 2650 De'libe'rations
1446 2618 1682 2657 municipales

118 2664 154 2693 of
173 2664 384 2703 Besanqon;
411 2665 472 2694 tho
493 2670 749 2703 arrangement
772 2666 809 2695 of
834 2666 950 2695 whivh
976 2666 1095 2695 shows
1120 2665 1204 2695 that
1227 2665 1290 2694 tlie
1312 2664 1502 2704 ycar-‹lnte
1526 2664 1553 2692 is
1576 2668 1613 2692 to
1638 2662 1681 2691 bo

486 2725 581 2755 2777.
612 2734 659 2754 12.
688 2735 731 2755 ne
749 2726 828 2755 add.
852 2726 922 2755 LR.
1060 2734 1110 2763 32.
1138 2725 1258 2755 Martii
1276 2723 1308 2762 β.

163 2812 257 2841 2777.
288 2821 335 2840 10.
363 2812 624 2851 praeceptoris]
659 2811 700 2841 In
733 2821 769 2842 12
798 2816 864 2842 out
977 2821 1027 2850 25.
1056 2812 1252 2851 principes]
1314 2810 1495 2848 Probably
1557 2808 1679 2844 inen

120 2855 156 2884 of
182 2855 236 2884 his
262 2856 298 2884 18
321 2859 453 2885 extant
476 2855 603 2885 letters
628 2860 666 2886 to
691 2856 866 2885 Erasinus
936 2856 1037 2895 Mary
1063 2855 1135 2885 and
1161 2856 1224 2885 tlie
1250 2855 1446 2893 Enipei-or:
1483 2852 1573 2882 Oluli
1601 2862 1682 2880 uses

121 2898 229 2927 Vives
261 2898 450 2928 addi-esses
482 2899 556 2928 him
588 2909 628 2929 as
661 2900 729 2928 ‘nii
764 2909 864 2939 prae·
936 2898 1160 2939 ‘principes'
1179 2898 1352 2937 similarly
1373 2898 1405 2926 in
1428 2896 1493 2936 Ep.
1516 2896 1608 2925 2838.
1634 2904 1680 2924 io.

121 2945 246 2981 ceptor
260 2941 280 2971 “.

1703 1025 1740 1046 10

1703 1296 1740 1326 15

1700 2114 1742 2144 30
