1966 3379
125 109 246 159 2898]
623 109 694 148 TO
725 108 1009 147 NICHOLAS
1040 108 1193 146 OLAH
1614 106 1693 143 349

125 213 318 250 discessit
345 213 440 250 hinc
470 213 655 251 Leuinus
680 213 785 251 nihil
807 226 831 250 a
853 213 973 251 vobis
995 212 1175 250 allatum
1198 216 1274 256 est,
1298 211 1478 249 fortasse
1502 214 1693 248 mercatu

126 267 498 305 Franckfordiensi
526 270 700 306 venient
726 268 944 317 epistolae.
1005 267 1185 304 Interim
1214 266 1447 303 clarissimo
1478 266 1587 302 Duci
1617 264 1692 301 Ar-

126 323 232 359 scoti
263 334 329 359 me
360 323 690 360 commendabis.
751 322 875 360 Dano
911 321 1093 359 salutem
1130 321 1372 370 plurimam,
1406 321 1472 358 cui
1502 319 1693 357 nondum
1715 333 1756 354 20

126 377 330 425 rescripsi,
353 377 453 425 quia
473 390 558 414 non
580 378 763 414 vacauit.

182 429 296 468 Vale.
357 431 553 481 Friburgi
576 442 626 479 23
648 431 714 469 die
736 431 885 468 Ianua:
909 430 1033 468 Anno
1058 439 1172 479 1534.

489 633 679 686 28992912
742 630 809 670 ΤΟ
838 629 969 671 JOHN
999 628 1333 670 CARONDELET.

177 720 401 765 Esterhazy
420 720 503 754 MS.
525 723 608 763 356.
1333 718 1539 762 Freiburg.

176 769 258 803 OE.
280 780 363 814 449.
1225 773 1290 810 <23
1310 767 1520 811 January>
1544 777 1648 811 1534.

172 853 264 890 [The
292 853 484 893 year-date
513 854 542 884 is
569 853 768 884 confirmed
798 854 847 893 by
875 853 938 883 the
966 856 1159 885 contents:
1193 852 1257 883 the
1290 851 1527 882 mouth—date
1555 861 1623 881 can
1654 851 1700 882 be

126 896 298 936 supplied
316 897 409 928 from
426 897 677 928 Carondelet.'s
692 897 862 935 answer.]

196 983 396 1010 ERASMVS
417 983 741 1011 ROTERODAMVS
763 984 921 1010 IOANNI
944 982 1291 1010 ARCHIEPISCOPO
1314 981 1634 1008 PANORMITANO

441 1039 745 1066 CANCELLARIO
768 1038 977 1065 CAESARIS
998 1038 1045 1064 IN
1068 1038 1334 1064 BRABANTIA.
1359 1037 1390 1063 S.

187 1099 492 1135 REPETENDAE
515 1099 679 1148 patriae
697 1098 952 1135 desiderium
974 1098 1108 1135 indies
1130 1102 1173 1135 et
1195 1099 1238 1134 in
1263 1097 1388 1134 horas
1411 1096 1514 1133 mihi
1535 1097 1699 1133 crescit.

131 1152 212 1190 Sed
238 1154 372 1190 totius
394 1154 554 1203 negocii
575 1153 703 1190 cardo
726 1154 770 1190 in
792 1166 921 1190 manu
943 1156 1009 1190 est
1030 1152 1120 1198 Dei,
1143 1153 1262 1190 cuius
1285 1151 1503 1189 voluntati
1524 1163 1602 1200 par
1623 1155 1700 1196 est,

132 1212 180 1245 vt
211 1212 358 1245 nostra
389 1221 475 1245 sese
508 1208 737 1245 submittat
774 1207 989 1245 voluntas.
1050 1207 1240 1244 Nimium
1271 1206 1418 1243 crebro
1450 1219 1515 1242 me
1547 1206 1702 1254 repetit

133 1263 198 1299 hic
230 1263 455 1307 cruciatus
487 1263 553 1300 cui
585 1263 687 1312 quid
717 1263 899 1300 nominis
935 1262 1125 1299 dandum
1160 1263 1227 1306 sit,
1258 1260 1449 1298 nondum
1479 1261 1627 1305 statui,
1658 1264 1702 1297 et

133 1317 370 1366 corpusculi
392 1318 500 1354 vires
522 1317 773 1354 decrescunt
794 1316 997 1366 quotidie.
1058 1316 1094 1353 A
1121 1316 1257 1353 natali
1285 1315 1442 1353 Christi
1467 1315 1540 1352 diu
1565 1315 1700 1364 graui·
1723 1328 1740 1358 5

134 1376 281 1420 terque
304 1371 507 1416 laborarii,
530 1384 639 1409 nunc
662 1371 917 1409 solutionem
940 1371 1104 1420 hyemis
1122 1370 1247 1408 valde
1264 1375 1421 1415 metuo,
1441 1374 1487 1407 at
1507 1382 1591 1406 non
1614 1370 1702 1406 sine

135 1426 246 1463 bona
267 1426 453 1475 quadam
476 1439 560 1475 spe.

189 1480 461 1518 Serenissima
502 1481 676 1530 Regina,
713 1485 789 1519 tua
829 1480 1037 1519 celsitudo
1077 1481 1318 1529 caeterique
1353 1492 1405 1516 ex
1441 1479 1540 1516 aula
1580 1478 1704 1515 amici

134 1535 390 1584 pollicentur
418 1548 460 1573 se
488 1535 735 1574 defensuros
764 1549 986 1586 personam
1015 1548 1166 1573 meam.
1226 1534 1285 1571 At
1309 1533 1424 1584 apud
1453 1533 1703 1570 Michaelem

135 1589 368 1627 Hillenium
409 1590 636 1628 excuditur
674 1590 947 1640 Antuerpiae,
984 1591 1069 1627 imo
1104 1591 1188 1627 iam
1225 1590 1375 1639 opinor
1409 1600 1589 1625 excusus
1625 1592 1702 1632 est,
1727 1602 1766 1622 10

134 1644 239 1682 liber
260 1644 481 1681 cuiusdam
503 1645 772 1683 Franciscani
793 1645 958 1683 Nicolai
980 1645 1178 1682 Herborn
1199 1643 1405 1693 generalis
1427 1642 1705 1680 commissarii

135 1699 410 1745 Cismontani,
443 1699 636 1743 hominis,
668 1700 710 1737 id
741 1700 856 1749 quod
889 1701 977 1750 ipse
1008 1699 1199 1736 declarat
1230 1698 1347 1743 liber,
1380 1697 1541 1734 indocti
1571 1701 1615 1734 et
1644 1698 1703 1734 in-

135 1755 428 1803 temperantis,
451 1755 523 1803 qui
545 1754 648 1791 nihil
671 1755 802 1792 habet
827 1759 998 1804 praeter
1018 1755 1209 1803 ineptam
1232 1753 1552 1802 loquacitatem,
1576 1764 1704 1800 quam

137 1813 282 1845 tamen
312 1809 446 1858 ipsam
480 1808 669 1847 hausisse
702 1809 875 1847 videtur
909 1822 960 1846 ex
996 1810 1100 1846 meis
1134 1807 1515 1845 lucubrationibus.
1577 1806 1627 1843 In
1657 1818 1706 1843 eo

136 1863 246 1900 libro
276 1863 370 1912 plus
398 1876 526 1912 quam
555 1863 786 1901 scurriliter
813 1863 1079 1901 debachatur
1105 1864 1146 1900 in
1174 1875 1329 1900 nomen
1357 1874 1512 1906 mcum,
1538 1861 1707 1898 fortiter
1730 1874 1766 1904 15

136 1918 355 1955 mentiens.
418 1918 576 1967 Pagina
597 1919 687 1966 285.
710 1918 816 1956 facie
840 1929 874 1956 2.
894 1918 1041 1956 scribit
1062 1931 1128 1955 me
1150 1919 1191 1954 111
1212 1916 1442 1966 Colloquiis
1464 1929 1548 1954 non
1570 1915 1706 1953 solum

138 1973 278 2022 impia,
298 1985 444 2009 verum
461 1974 592 2010 etiam
609 1973 837 2011 manifesta
857 1973 1077 2010 mendacia
1099 1972 1303 2009 aduersus
1326 1971 1495 2009 ordines
1513 1970 1706 2013 scribere,

138 2039 244 2076 quos
265 2028 344 2064 iste
366 2027 547 2064 familias
575 2028 778 2077 appellat,
801 2041 933 2077 quum
959 2029 1001 2064 in
1027 2027 1224 2065 omnibus
1253 2026 1369 2063 libris
1391 2026 1495 2063 meis
1521 2025 1625 2062 nihil
1653 2025 1709 2062 sit

138 2081 253 2131 quod
281 2081 411 2118 vllam
437 2086 607 2131 gentem
632 2087 709 2120 aut
736 2083 927 2121 ordinem
955 2083 1149 2131 impetat.
1210 2081 1297 2118 Nec
1324 2081 1436 2118 vllus
1461 2080 1707 2118 mortalium

140 2136 347 2174 hactenus
384 2136 460 2173 hoc
496 2136 646 2174 docere
686 2138 841 2187 potuit.
913 2137 1012 2186 Pag:
1052 2147 1128 2185 322
1164 2136 1244 2173 fac:
1285 2146 1305 2172 2
1347 2139 1602 2173 annumerat
1643 2147 1708 2171 me
1730 2147 1770 2167 20

140 2191 361 2228 haereticis
384 2191 455 2239 qui
478 2195 640 2228 vexant
660 2192 878 2230 ecclesiam
896 2192 986 2237 Dei,
1006 2204 1157 2240 meque
1179 2189 1358 2228 subinde
1380 2189 1558 2227 militem
1582 2189 1709 2226 Pilati

140 2250 277 2282 vocat.
337 2245 471 2282 Addit
496 2245 610 2294 quod
638 2246 825 2296 aliquam
851 2246 1064 2283 Ecclesiae
1095 2250 1261 2295 partem
1284 2245 1339 2282 ad
1361 2258 1403 2282 se
1426 2245 1559 2281 traxit
1583 2243 1707 2281 Lute-

141 2313 223 2344 rus,
247 2299 496 2337 nonnullam
525 2299 877 2351 Oecolampadius
898 2305 942 2338 et
964 2300 1201 2349 Zwinglixoe,
1224 2299 1297 2337 scd
1327 2300 1558 2337 maximam
1587 2299 1708 2335 Eras-

140 2368 246 2392 mus.
311 2354 463 2392 Scurra
504 2355 700 2393 indoctus
739 2360 782 2393 et
822 2356 1048 2405 impudens
1088 2355 1190 2392 haec
1231 2354 1494 2391 temulentus
1535 2353 1709 2396 euomit,

140 2422 271 2458 quum
301 2409 445 2446 nullus
472 2409 611 2446 adhuc
640 2410 772 2447 vllum
802 2411 940 2448 locum
969 2414 1302 2447 commonstrare
1334 2409 1523 2458 potuerit
1554 2408 1595 2444 in
1626 2419 1711 2456 quo
1732 2418 1770 2448 25

140 2464 320 2501 sentiam
339 2477 434 2500 cum
453 2463 676 2501 Lutcranis
691 2469 734 2502 et
751 2465 1020 2514 Zuinglianis.
1068 2465 1157 2513 Ego
1179 2468 1348 2513 praeter
1365 2463 1710 2512 superstitionem

141 2522 185 2556 et
214 2518 374 2556 abusus
405 2518 624 2556 hominum
655 2519 759 2556 nihil
791 2520 951 2557 notaui.
1012 2519 1186 2556 Vtinam
1217 2519 1457 2555 vniucrsam
1490 2516 1710 2553 ecclesiam

142 2585 307 2622 possem
334 2586 382 2609 eo
407 2573 653 2622 pertrahere
676 2587 760 2622 quo
782 2578 961 2611 conatus
983 2587 1101 2617 sumg
1135 2578 1179 2610 vt
1204 2574 1369 2609 abiecta
1397 2572 1710 2620 superstitione,

143 2628 367 2677 hypocrisi,
397 2627 623 2665 mundanis
651 2628 876 2666 affectibus
907 2632 950 2666 et
980 2628 1144 2665 friuolis
1175 2626 1495 2677 questiunculis,
1525 2625 1712 2674 synceris

291 2710 386 2740 2899.
414 2719 443 2740 2.
471 2710 552 2740 OE:
579 2711 655 2741 Deo
672 2710 754 2741 MS.
773 2711 815 2751 cs.
838 2711 904 2750 Ep.
925 2712 1020 2748 2898.
1039 2713 1070 2741 6.
1255 2718 1303 2748 17.
1331 2714 1362 2739 et
1386 2710 1457 2739 iam
1476 2708 1556 2738 MS.

188 2825 284 2855 2899.
313 2835 362 2855 10.
388 2826 895 2865 iamopinorexcusus]From
965 2836 1047 2855 men
1068 2826 1114 2865 by
1133 2835 1304 2854 3011100110
1323 2824 1356 2853 in
1377 2823 1531 2853 llillvn‘s
1550 2823 1713 2861 printing

145 2869 165 2898 l.
189 2872 230 2908 46
253 2869 325 2899 and
352 2869 421 2908 Ep.
454 2872 537 2903 2000
567 2870 594 2899 it
623 2880 780 2909 appears
809 2870 893 2900 that
962 2870 1086 2905 house,
1122 2868 1300 2908 probably
1332 2867 1537 2906 (ἐι-1191111115,
1568 2866 1648 2895 who
1678 2867 1712 2895 111

145 2913 320 2944 Erasmus
338 2913 409 2943 had
428 2914 551 2943 before
570 2913 644 2943 him
664 2914 765 2944 three
783 2923 894 2953 pages
963 2914 1062 2953 Sept.
1101 2921 1181 2951 1535
1214 2917 1293 2942 scut
1330 2911 1404 2941 him
1437 2911 1500 2940 the
1532 2909 1713 2950 completo

144 2956 181 2986 of
205 2958 267 2988 the
285 2958 394 2993 book,
416 2962 498 2987 sent
519 2962 557 2987 to
578 2957 652 2987 him
675 2968 714 2987 as
737 2968 757 2987 a
780 2958 892 2997 speci·
963 2957 1071 2987 book.
