1966 3379
143 121 264 171 2936]
626 118 786 157 FROM
815 118 967 157 JOHN
997 117 1230 156 CHOLER
1636 117 1714 155 389

142 226 375 276 prospicio:
405 238 477 263 rex
499 237 625 274 egens
643 224 839 261 omnibus
855 223 1025 261 auxiliis
1042 223 1279 260 destitutus
1297 222 1399 271 quid
1421 222 1559 259 facere
1580 224 1715 272 possit

142 293 227 318 non
261 280 396 317 video.
458 280 601 316 Donec
641 279 774 316 frater
810 291 861 316 ex
895 278 1113 327 Hispaniis
1149 277 1209 314 illi
1245 278 1515 326 sup<p>ecias
1552 277 1713 322 tulerit,

140 339 285 372 actum
326 336 419 372 erit.
491 334 559 371 Illi
608 334 779 371 interim
826 345 949 370 suum
997 336 1125 381 agent
1165 345 1261 369 cum
1301 331 1434 369 Gallis
1481 333 1713 381 negocium.

141 389 351 427 Bauariae
385 389 513 427 duces
548 388 684 438 pridie
716 391 909 425 trecenta
945 387 1063 424 milia
1095 399 1320 424 aureorum
1353 391 1622 423 scutatorum
1655 400 1713 423 re-

140 448 347 494 ceperunt
368 457 393 482 a
414 443 546 481 Gallis
569 456 643 492 per
664 442 890 479 Heluecios
912 441 993 479 huc
1015 441 1172 479 delata.
1234 441 1326 487 Quo
1347 442 1518 478 nomine
1545 445 1714 478 tautam
1735 453 1776 489 35

140 500 363 548 pecuniam
405 502 626 547 acceptam
664 498 750 534 sint
790 496 979 541 relaturi,
1012 497 1217 534 coniicere
1252 509 1339 533 non
1376 508 1561 545 possum.
1623 495 1714 533 Hoc

140 558 252 591 certe
274 566 523 603 persuasum
541 557 607 590 est
623 552 750 601 quod,
768 552 848 588 nisi
865 556 1032 588 mature
1050 551 1204 589 Caesar
1220 551 1345 588 fratri
1363 563 1439 587 suo
1454 550 1715 588 consuluerit

138 613 183 645 et
210 608 371 646 auxilia
395 620 635 656 neruosque
664 606 763 644 belli
788 606 1047 650 submiserit,
1077 607 1274 656 proximo
1302 618 1445 643 mense
1478 618 1554 642 nos
1585 605 1714 642 alium

139 676 279 712 regem
309 663 544 700 habituros.
604 661 751 699 Palam
773 662 885 698 enim
908 662 1074 698 iactant
1095 661 1347 698 electionem
1370 661 1477 710 regis
1500 660 1714 697 Romano-

139 730 234 755 rum
257 722 446 767 emptam
468 717 609 761 fuisse,
627 720 671 753 et
693 716 746 753 ob
768 716 810 753 id
832 720 971 753 ratam
990 728 1080 752 esse
1097 729 1184 753 non
1206 728 1342 765 posse.
1388 714 1466 760 Qui
1486 714 1714 760 tumultus,
1735 734 1778 761 90

139 785 248 821 quae
270 773 474 816 vastatio,
497 784 606 820 quae
627 772 811 808 vastitas
832 775 874 808 et
898 771 1020 808 ruina
1043 771 1177 808 totius
1203 769 1456 808 Germaniae
1479 770 1531 806 sit
1554 770 1714 815 futura,

140 827 285 864 horret
307 828 475 864 animus
497 827 627 863 etiam
650 826 848 875 cogitare.
911 824 1103 863 Sciebam
1129 825 1324 862 futurum
1347 830 1395 862 vt
1417 837 1494 862 nos
1515 823 1716 862 Germani

138 882 354 919 intestinis
379 881 660 919 seditionibus
681 885 725 918 et
746 881 908 917 mutuis
934 881 1063 917 armis
1090 880 1266 917 tandem
1298 880 1477 930 perituri
1502 892 1712 924 essemus,

138 949 289 974 vereor
309 949 360 974 ne
382 936 484 974 haec
507 935 577 973 illa
601 937 655 973 sit
677 935 782 972 hora
804 948 932 984 quam
955 948 1121 985 semper
1142 936 1356 984 pertimui.

193 991 561 1041 Gumpenbergius
582 990 840 1040 significauit
861 990 976 1035 mihi,
995 1003 1038 1027 se
1059 990 1139 1027 tibi
1161 990 1281 1027 illum
1300 990 1642 1027 Anticiceronem
1665 1002 1716 1026 ex
1736 1007 1777 1036 95

139 1046 252 1084 Vrbe
277 1046 330 1084 ad
360 1051 402 1083 te
428 1046 600 1083 misisse.
661 1044 867 1094 Cuperem
896 1044 1030 1091 illum,
1060 1046 1093 1081 si
1121 1045 1210 1082 fieri
1242 1046 1389 1094 possit,
1419 1045 1574 1082 videre.
1636 1044 1716 1082 Sed

137 1101 251 1138 hunc
273 1100 443 1138 mallem
465 1113 593 1149 quam
615 1099 793 1137 Lutheri
810 1099 1034 1149 epistolas:
1066 1112 1174 1149 quas
1191 1099 1309 1137 nulla
1332 1100 1496 1137 ratione
1518 1099 1717 1137 ferendas

138 1156 218 1193 tibi
250 1168 339 1193 esse
372 1168 532 1193 censeo.
597 1154 750 1192 Omnia
783 1154 1024 1192 tolleranda
1058 1154 1318 1200 viderentur,
1353 1155 1527 1192 heretici
1560 1167 1716 1192 nomen

138 1210 217 1248 tibi
238 1210 461 1248 ferendum
483 1222 568 1247 non
590 1214 709 1260 puto.

192 1265 282 1302 Nos
304 1265 370 1302 hic
392 1264 531 1302 adhuc
553 1265 761 1302 heremus
823 1264 1049 1302 Pecierunt
1071 1265 1304 1315 euangelici
1327 1268 1496 1302 nostros
1519 1265 1597 1302 sibi
1620 1277 1714 1302 con·
1740 1282 1800 1302 100

138 1321 375 1358 tionatores
407 1320 601 1364 conferri,
625 1319 838 1369 Episcopo
861 1319 1096 1369 Augusten.
1124 1321 1255 1358 etiam
1279 1320 1429 1358 iudice.
1482 1320 1637 1369 Agitur
1665 1319 1715 1357 de

138 1388 328 1420 numero,
357 1375 424 1412 die
453 1379 496 1412 et
524 1374 628 1412 1000.
689 1374 800 1420 Quid
830 1373 1027 1412 futurum
1056 1375 1111 1412 sit
1140 1376 1292 1417 nescio,
1320 1376 1400 1412 nisi
1429 1375 1543 1424 quod
1575 1376 1714 1412 incon-

137 1430 301 1467 sultum
318 1430 490 1467 videtur
511 1429 589 1467 hoc
607 1434 800 1479 tempore
817 1430 859 1466 in
876 1433 999 1467 tanta
1018 1443 1158 1467 rerum
1178 1431 1368 1467 omnium
1390 1429 1717 1479 perturbatione

137 1484 189 1522 de
211 1484 293 1522 fide
315 1484 423 1522 velle
445 1484 676 1534 disputare.
724 1484 834 1522 Nam
857 1484 961 1533 quid
984 1484 1082 1522 boni
1104 1485 1236 1534 frugis
1254 1485 1513 1535 sperandum
1532 1484 1630 1522 inde
1648 1485 1715 1529 sit,

137 1552 189 1576 ex
217 1539 311 1576 aliis
342 1539 500 1577 habitis
529 1539 896 1589 disputationibus
926 1539 1050 1576 facile
1082 1540 1216 1577 videri
1246 1544 1405 1590 potest.
1470 1540 1715 1577 Praestaret
1740 1557 1800 1586 105

137 1594 246 1631 hanc
268 1595 525 1632 camerinam
554 1607 665 1631 nunc
693 1595 866 1631 minime
894 1595 1070 1639 moueri,
1094 1607 1227 1644 quum
1256 1595 1415 1645 alioqui
1447 1595 1589 1632 omnia
1620 1594 1717 1644 plus

138 1650 242 1686 satis
283 1649 537 1699 perturbata
572 1650 670 1686 sint.
743 1649 899 1687 Verum
941 1649 1019 1687 hoc
1060 1663 1192 1697 genus
1233 1650 1452 1688 hominum
1495 1662 1716 1698 nunquam

137 1705 350 1753 quiescere
384 1708 540 1754 potest,
578 1703 767 1753 nihilque
807 1705 942 1754 magis
976 1705 1154 1742 student
1190 1718 1320 1754 quam
1362 1710 1410 1742 vt
1451 1705 1716 1755 perturbatis

137 1759 263 1796 rebus
284 1760 484 1796 'vniuersa
505 1758 688 1810 perdant
710 1763 754 1796 et
775 1759 829 1796 ad
853 1764 1014 1796 rastros
1036 1760 1244 1810 redigant.

192 1813 408 1863 Fuggerus
431 1813 527 1851 hinc
545 1815 700 1851 iterum
718 1814 824 1851 abiit
842 1827 936 1851 cum
961 1818 1055 1851 tota
1077 1814 1252 1861 familia,
1272 1816 1395 1853 iussit
1418 1819 1460 1852 te
1483 1815 1715 1865 plurimum
1740 1833 1800 1853 110

138 1868 314 1914 saluere,
338 1868 475 1906 voluit
497 1869 551 1905 ad
574 1873 616 1906 te
639 1868 821 1906 scribere
845 1870 877 1905 si
900 1869 1002 1918 quid
1025 1869 1258 1908 habuisset.

193 1923 557 1973 Paumgartnerus
580 1923 661 1961 huc
683 1924 816 1973 pridie
840 1924 977 1969 rediit,
1001 1925 1067 1961 cui
1090 1925 1165 1962 has
1188 1925 1240 1963 ad
1265 1930 1306 1962 te
1325 1925 1492 1963 litteras
1510 1926 1713 1962 commisi.

138 1978 180 2015 Is
211 1979 275 2015 tui
306 1983 369 2016 est
399 1978 747 2016 studiosissimus.
808 1979 1121 2028 Exspectamus
1148 1980 1199 2017 R.
1229 1980 1490 2030 Episcopum
1518 1985 1713 2017 nostrum

138 2034 342 2082 proximis
370 2033 532 2077 diebus
556 2033 655 2071 licet
681 2034 767 2071 sint
796 2034 868 2082 qui
897 2038 1129 2071 venturum
1160 2048 1245 2072 non
1274 2035 1466 2080 credant,
1493 2047 1627 2084 quum
1658 2035 1715 2072 hii

139 2087 276 2125 bellici
298 2088 514 2125 tumultus
535 2088 701 2126 nullum
725 2089 835 2138 iuter
857 2088 1017 2126 Sueuos
1039 2089 1189 2127 foedus
1213 2090 1409 2128 contrahi
1432 2091 1588 2128 sinant.
1739 2106 1797 2136 115

193 2142 425 2192 Reliquum
447 2148 513 2180 est
534 2147 583 2180 vt⁴
605 2143 760 2188 valeas,
784 2148 827 2180 ct
850 2145 883 2180 si
909 2144 1013 2193 quid
1038 2146 1138 2182 noui
1169 2145 1367 2182 habueris
1394 2145 1542 2192 (habes
1568 2149 1712 2182 autem

137 2197 389 2247 plerumque
419 2210 469 2234 ex
502 2198 603 2235 orbe
632 2199 862 2245 vniuerso),
896 2199 963 2236 fac
994 2212 1095 2249 rogo
1124 2213 1201 2237 1103
1229 2201 1483 2250 participes:
1528 2200 1714 2237 maxime

137 2252 344 2301 significes
393 2252 533 2297 velim,
576 2266 778 2302 quorsum
830 2258 977 2291 tantas
1027 2255 1178 2292 turbas
1227 2268 1432 2292 euasuras
1481 2256 1711 2292 existimes

136 2307 331 2344 Christus
354 2311 395 2344 te
418 2307 540 2345 nobis
562 2313 785 2345 conseruet
807 2314 1027 2358 perpetuo.
1089 2309 1205 2347 Vale.

191 2361 317 2399 Data.
343 2372 405 2399 22.
430 2362 529 2400 Maii
551 2362 675 2400 Anno
697 2362 856 2400 Salutis
880 2374 997 2414 1534.
1738 2383 1797 2404 120

986 2418 1104 2457 Tuus
1125 2419 1334 2469 quidquid
1356 2424 1419 2457 cst
1441 2419 1657 2458 Cholerus.

192 2504 450 2541 Doctissimo
471 2509 601 2553 atquc
625 2506 894 2555 integerrimo
917 2507 966 2545 D.
988 2507 1167 2545 Erasmo
1189 2507 1496 2551 RoterodamQ
1515 2506 1713 2555 theologo

136 2559 458 2608 incomparabili
481 2559 669 2607 <de>tur.
731 2561 937 2610 Friburgi.

343 2658 412 2687 114.
442 2648 524 2678 ΕΕ;
551 2649 696 2679 credam
717 2650 797 2679 MS.
1054 2661 1123 2690 117.
1145 2651 1225 2681 EE:
1254 2652 1421 2692 partipes
1443 2651 1518 2681 MN.

196 2751 249 2780 95.
277 2743 586 2780 Anticiceroueiul
609 2743 790 2783 Probably
810 2744 942 2783 Logus‘
961 2745 1071 2779 book,
1090 2755 1148 2775 see
1168 2745 1263 2785 Epp.
1287 2752 1380 2784 2710.
1399 2756 1457 2777 «111.
1480 2751 1573 2777 2000·
1598 2752 1671 2781 151¹-
