1966 3379
253 117 331 154 336
680 115 937 154 LETTERS
968 115 1038 153 or
1069 115 1335 154 ERASMUS
1695 119 1818 166 [1533

252 221 432 259 Christo.
484 220 681 257 Arbitror
715 221 824 257 enim
861 233 949 258 esse
985 220 1174 265 liuorem,
1212 233 1343 269 quum
1379 222 1472 269 quis
1508 222 1646 258 vritur
1681 221 1818 259 aliena

191 286 233 314 95
254 276 470 319 felicitate,
494 287 601 323 quae
625 280 770 312 tamen
792 276 870 324 ipsi
894 275 998 312 nihil
1024 275 1191 312 adferat
1217 275 1485 312 incommodi.
1536 275 1645 313 Nam
1669 277 1702 313 si
1724 278 1818 325 quis

254 329 397 367 doleat
420 329 585 366 hostem
607 329 728 366 euehi
751 330 805 366 ad
828 329 1093 377 dignitatem,
1118 329 1230 377 quod
1254 330 1336 366 iam
1360 329 1506 366 futura
1531 331 1586 366 sit
1612 330 1670 367 illi
1698 343 1815 380 para-

255 386 337 421 tior
372 384 563 420 laedendi
600 383 797 427 facultas
834 389 973 421 metus
1004 389 1067 420 cst
1099 384 1241 432 potius
1272 396 1399 432 quam
1431 384 1603 421 inuidia.
1655 385 1709 421 At
1742 397 1817 433 ego

254 438 466 487 quendam
504 438 603 475 olim
635 438 861 487 capitalem
896 438 1058 475 host-em
1091 438 1144 474 ad
1180 450 1367 474 summos
1404 438 1585 475 honores
1620 443 1816 476 euectum

253 493 382 530 etiam
404 493 575 541 gauisus
601 505 707 537 sum,
734 493 848 541 quod
873 503 1175 541 saepenumero
1205 492 1291 536 fiat,
1315 497 1363 529 vt
1391 505 1568 541 magnae
1597 493 1818 542 dignitatis

176 565 235 585 100
254 547 449 591 accessio,
472 548 560 583 siue
583 560 654 596 per
676 552 971 596 contemptum
995 546 1237 587 aduersarii,
1261 547 1348 583 siue
1370 548 1470 595 quia
1492 560 1576 584 non
1600 553 1725 584 vacat
1747 560 1819 596 per

255 602 436 650 negotia,
460 601 579 638 finiat
597 603 927 638 contentionem.
980 600 1100 646 Quod
1121 602 1161 637 in
1180 601 1368 637 Adriano
1387 601 1530 639 ferunt
1547 614 1623 638 vsu
1643 603 1817 646 venisse,

255 657 326 705 qui
348 655 488 692 factus
514 656 752 705 Imperator
773 656 881 692 forte
904 655 1030 691 obuio
1053 656 1124 703 qui
1146 668 1242 692 011111
1269 668 1384 692 30103
1409 662 1657 693 exercuerat
1684 657 1817 693 inimi-

255 711 388 753 citias,
412 710 515 747 nihil
539 710 654 747 aliud
677 710 786 747 dixit
807 722 948 758 quam,
974 710 1172 746 Euasisti.
1225 709 1358 747 Addit
1382 710 1497 747 aliud
1523 711 1679 747 crimen
1708 711 1818 759 plus-

255 777 383 813 quam
405 764 599 814 capitale,
623 765 694 801 sed
718 764 854 801 multo
876 765 1064 801 omnium
1088 765 1378 801 vanissimum.
1430 764 1501 802 Ait
1523 778 1564 801 se
1587 766 1672 801 suis
1689 765 1820 802 oculis

176 836 234 864 105
256 819 409 856 vidisse
450 831 497 856 ac
538 819 684 865 legisse
724 818 947 868 epistolam
990 831 1139 862 meam,
1179 819 1218 854 in
1259 831 1343 867 qua
1383 820 1618 868 scripserim
1660 824 1818 868 aperte,

256 873 422 911 nullum
454 874 496 910 in
533 873 731 921 religione
766 873 1008 909 Christiana
1045 874 1179 909 maius
1216 873 1375 909 malum
1412 874 1589 910 inueniri
1632 874 1820 923 potuisse

255 941 383 977 quam
416 941 545 976 quum
580 928 799 976 religiones
826 929 931 964 istae
958 931 1150 976 repertae
1178 931 1290 964 suut.
1341 927 1457 972 Quae
1486 941 1610 965 voces
1639 933 1687 965 vt
1715 941 1819 965 nun-

256 996 384 1032 quam
426 983 665 1019 inciderunt
706 983 746 1018 in
787 982 976 1019 animum
1019 994 1171 1026 meum,
1209 983 1268 1019 ita
1304 995 1523 1031 nunquam
1560 982 1820 1027 exciderunt,

257 1050 391 1086 neque
413 1037 589 1081 calamo,
614 1049 747 1085 neque
770 1036 926 1081 lingua.
979 1035 1086 1081 Quid
1110 1036 1209 1083 fingi
1233 1037 1375 1085 potuit
1400 1038 1587 1074 atrocius
1609 1037 1663 1074 ad
1685 1037 1820 1074 conci-

176 1109 236 1129 110
256 1092 411 1129 tandas
433 1092 651 1128 vniuersas
673 1091 977 1128 monachorum
999 1094 1194 1127 cateruas
1212 1092 1251 1128 in
1268 1092 1445 1128 exitium
1464 1096 1631 1128 meum?
1666 1091 1820 1128 Addit:

257 1147 380 1183 Dices
415 1146 639 1195 epistolam
677 1158 760 1182 non
796 1158 885 1182 esse
921 1150 1052 1182 tuam.
1115 1145 1288 1182 Vtinam
1326 1158 1410 1183 non
1447 1147 1512 1183 sit.
1565 1145 1606 1182 Si
1641 1145 1824 1195 epistola

258 1201 386 1238 habet
408 1214 457 1238 ea
480 1201 621 1245 verba,
651 1213 759 1249 quae
789 1201 954 1243 recitat,
984 1203 1098 1236 certo
1127 1200 1233 1237 sciat
1260 1213 1344 1237 non
1372 1213 1459 1237 esse
1489 1213 1639 1245 meam,
1669 1200 1740 1237 sed
1768 1200 1822 1238 ab

258 1257 424 1305 impuro
465 1255 675 1292 nebulone
717 1255 866 1303 spiritu
904 1254 1114 1291 diabolico
1150 1254 1375 1292 confictam
1412 1267 1634 1292 esse—nec
1669 1255 1824 1292 desunt

258 1310 369 1347 hisce
391 1309 654 1359 temporibus
682 1308 922 1346 istiusmodi
950 1313 1307 1357 stratagematum
1337 1309 1531 1346 artifices.
1583 1308 1653 1346 Sin
1683 1314 1748 1346 est
1775 1321 1823 1346 ea

178 1380 236 1409 115
257 1377 365 1413 quac
394 1364 531 1401 fertur
561 1364 614 1401 ad
645 1363 901 1407 Seruatium,
933 1363 1036 1400 nihil
1069 1363 1125 1400 ibi
1159 1363 1292 1401 simile
1328 1365 1533 1413 scriptum
1569 1364 1822 1413 comperiet:

256 1423 428 1456 tantum
451 1418 520 1455 illa
543 1418 595 1455 de
617 1418 816 1467 quodam,
846 1418 918 1466 qui
946 1417 1178 1467 puerilibus
1205 1419 1327 1455 annis
1355 1431 1429 1467 per
1457 1423 1624 1455 tutores
1649 1423 1692 1455 et
1720 1418 1824 1455 alios

257 1478 479 1522 protrusus
506 1473 646 1510 fuerat
676 1474 716 1509 in
746 1472 1001 1520 religionem,
1032 1472 1144 1509 hunc
1174 1472 1306 1510 ferme
1334 1474 1376 1510 in
1405 1473 1578 1510 modum
1608 1472 1823 1521 loquitur:

257 1527 395 1573 Quum
418 1527 578 1565 multae
600 1532 741 1564 essent
766 1527 878 1564 illius
906 1526 1191 1572 infelicitates,
1220 1527 1324 1564 nihil
1353 1532 1499 1564 tamen
1527 1528 1570 1564 in
1598 1528 1712 1564 omni
1734 1527 1825 1564 vita

257 1582 455 1619 accidisse
478 1581 696 1626 infelicius,
715 1595 843 1630 quam
861 1582 975 1631 quod
997 1581 1242 1631 compulsus
1259 1586 1369 1619 esset
1390 1583 1431 1619 in
1455 1582 1531 1619 hoc
1549 1583 1663 1619 vitae
1680 1594 1823 1629 genus,

178 1653 238 1673 120
257 1637 311 1674 ad
346 1636 461 1685 quod
494 1650 569 1673 1100
601 1637 744 1674 31111110
779 1649 854 1673 1100
889 1649 1062 1686 corpore
1096 1637 1357 1685 compositus
1392 1641 1514 1673 esset.
1565 1635 1724 1685 Opinor
1759 1635 1825 1673 hic

258 1691 361 1728 nihil
396 1704 484 1728 esse
515 1691 628 1740 quod
659 1692 747 1728 iure
779 1694 909 1740 queat
938 1690 1200 1740 reprehendi.
1251 1691 1342 1728 Iam
1375 1692 1408 1728 si
1439 1691 1569 1728 sensit
1599 1690 1824 1739 epistolam

257 1745 386 1783 fuisse
412 1745 568 1789 fictam,
593 1758 702 1794 quur
724 1745 838 1794 quod
859 1749 903 1782 et
925 1745 1102 1782 dubium
1131 1749 1236 1790 erat,
1262 1750 1304 1782 et
1330 1745 1507 1789 latebat,
1534 1745 1677 1795 prodit
1703 1745 1825 1782 orbi?

258 1800 330 1838 Sin
352 1800 465 1849 quod
488 1800 647 1849 legerat
679 1813 829 1849 parum
859 1800 1065 1844 meminit,
1088 1801 1206 1837 0111113
1235 1800 1442 1847 (obsecro)
1465 1800 1692 1849 grauitatis
1719 1803 1824 1844 erat,

258 1856 301 1891 in
322 1855 511 1903 conuitio
533 1859 622 1892 tam
645 1854 819 1903 capitali
841 1855 896 1891 sic
919 1855 1223 1903 incogitantem
1248 1858 1366 1892 esse?
1415 1853 1592 1891 Caetera
1614 1866 1700 1891 non
1721 1853 1827 1891 libet

178 1924 238 1953 125
258 1910 464 1959 persequi.
515 1909 657 1958 Atque
679 1909 781 1946 haec
803 1910 875 1957 qui
897 1909 1025 1946 toties
1047 1908 1239 1953 deuorat,
1261 1921 1336 1946 nec
1359 1909 1413 1946 ad
1430 1909 1513 1945 ista
1530 1908 1596 1945 vel
1613 1907 1825 1945 calamum

259 1964 389 2001 habet
412 1963 478 2000 vel
501 1963 701 2012 linguam,
720 1968 917 2001 censetur
934 1963 1175 2001 iracundus.
1227 1963 1314 2013 Ipsi
1331 1964 1365 2000 si
1382 1963 1508 2001 simili
1525 1962 1824 2013 perfunderen-

258 2022 329 2055 tur
350 2022 483 2062 aceto,
507 2018 720 2066 quomodo
741 2018 959 2055 furerent?

314 2072 522 2121 Equidem
564 2073 605 2109 in
645 2076 770 2110 tanto
809 2073 1096 2110 conuitiorum
1138 2073 1319 2122 strepitu
1361 2071 1484 2109 facile
1524 2084 1590 2109 me
1630 2071 1826 2109 consolor

260 2127 438 2164 Paulino
472 2127 609 2164 dicto:
652 2127 783 2172 Quem
821 2127 958 2175 diligit
988 2127 1197 2164 Dominus
1227 2127 1420 2176 castigat,
1457 2126 1645 2175 flagellat
1680 2130 1826 2163 autem

180 2198 240 2227 130
259 2194 426 2219 omnem
454 2181 587 2218 filium
613 2194 739 2230 quem
768 2182 929 2231 recipit.
980 2181 1067 2218 Nec
1095 2181 1309 2218 illibenter
1333 2193 1492 2230 vsu'rpo
1520 2180 1825 2218 Christianissi-

259 2249 375 2273 mum
398 2236 511 2273 beati
532 2236 759 2283 Augustini
781 2236 943 2273 dictum
960 2249 967 2272 :
1000 2236 1194 2280 Domine,
1217 2236 1282 2273 hic
1300 2248 1406 2280 seca,
1425 2235 1491 2272 hic
1509 2248 1593 2280 vre,
1612 2239 1661 2272 vt
1677 2247 1825 2284 parcas

260 2291 300 2327 in
321 2294 555 2328 aeternum.
607 2291 683 2327 Est
705 2290 867 2339 aliquid
888 2290 955 2327 vel
976 2291 1033 2328 310
1058 2290 1319 2328 conformem
1345 2289 1433 2327 fieri
1458 2290 1632 2339 imagini
1655 2288 1824 2326 Christi.

260 2344 336 2382 Ille
361 2345 510 2382 viuens
535 2345 680 2394 Agnus
706 2346 797 2394 ipsa
822 2345 1010 2394 puritate
1031 2346 1187 2394 purior,
1210 2344 1312 2394 quid
1336 2357 1422 2381 non
1446 2344 1613 2381 audiuit
1634 2357 1658 2381 a
1680 2343 1824 2380 Phari-

259 2400 396 2437 saeis‘?
455 2399 719 2444 Vinolentus,
757 2399 955 2436 seductor
989 2399 1148 2449 populi,
1190 2399 1502 2443 daemoniacus,
1539 2397 1824 2447 blasphemus.

179 2463 239 2494 135
259 2453 381 2498 Quod
404 2454 573 2490 ludibrii
598 2466 730 2502 genus
758 2467 842 2491 non
867 2466 1018 2503 passus
1042 2458 1118 2495 est,
1145 2466 1170 2491 a
1194 2453 1402 2491 militibus
1429 2457 1677 2502 consputus,
1699 2464 1823 2490 arun-

259 2507 356 2544 dine
383 2520 618 2556 percussus.
645 2509 777 2557 spinis
801 2512 1042 2552 coronatus,
1067 2508 1257 2557 colaphis
1282 2511 1325 2544 et
1349 2507 1485 2556 alapis
1509 2509 1685 2544 caesus?
1716 2518 1825 2554 quur

259 2574 334 2611 ego
365 2563 437 2611 qui
467 2562 639 2599 duriora
670 2563 901 2600 commerui
931 2575 1120 2599 recusem
1156 2562 1371 2612 flagellari,
1403 2562 1592 2611 conspui,
1623 2560 1825 2609 caedique

303 2700 357 2736 98.
383 2698 583 2739 quendam]
634 2699 798 2738 Perhaps
852 2698 1010 2729 Edward
1126 2707 1199 2736 129.
1226 2698 1395 2736 Paulino]
1415 2698 1591 2728 Hebrews
1612 2706 1660 2727 12.
1679 2699 1710 2727 6.

261 2743 352 2778 Lee;
378 2743 447 2772 but
464 2742 629 2782 possibly
647 2742 839 2772 Aleander.
1126 2751 1197 2781 131.
1230 2742 1456 2782 Augustinfl.
1506 2741 1582 2771 The
1614 2740 1822 2780 quotation,

306 2796 377 2816 101.
389 2786 565 2823 Adriano]
576 2786 639 2816 See
649 2786 771 2816 Aelius
778 2785 1009 2825 Spartianus,
1078 2786 1196 2816 which
1206 2796 1259 2816 we
1278 2786 1371 2816 have
1385 2789 1451 2815 not
1465 2785 1555 2815 been
1567 2784 1649 2814 able
1660 2789 1700 2814 to
1712 2788 1824 2819 traco,

261 2830 391 2870 Scrz'pt.
411 2830 505 2860 Hist.
524 2830 616 2868 Auq.
639 2839 687 2868 17.
710 2839 736 2859 1.
1079 2840 1201 2859 recurs
1218 2830 1254 2859 in
1266 2833 1339 2860 two
1351 2829 1388 2859 of
1406 2827 1823 2862 Erafflnus'lastletters,

308 2882 379 2912 105.
405 2873 614 2913 epistolam]
638 2873 714 2902 The
737 2873 846 2903 letter
869 2876 907 2903 to
931 2873 1007 2904 Ser·
1078 2873 1150 2903 LB.
1170 2874 1267 2913 App.
1287 2882 1345 2912 441
1363 2872 1436 2902 and
1459 2882 1480 2902 a
1498 2872 1607 2902 letter
1626 2870 1824 2901 addressed

261 2918 397 2953 vatius,
416 2917 484 2957 Ep.
500 2919 574 2953 296.
625 2917 694 2946 For
708 2916 898 2947 Steuchus‘
913 2926 1007 2946 00111-
1078 2920 1116 2947 to
1138 2916 1322 2951 Cranmer,
1346 2918 1384 2946 16
1409 2915 1531 2946 March
1559 2916 1641 2953 1536
1669 2914 1823 2954 (Copen-

262 2965 383 2992 ments
399 2971 499 3001 upon
518 2961 591 2990 this
608 2970 666 2989 see
684 2960 753 3000 Ep.
774 2969 868 2999 2513.
887 2968 988 3000 445n.
1078 2961 1195 3000 hagen
1214 2959 1286 2990 MS.
1305 2960 1347 2990 G.
1367 2959 1414 2990 K.
1434 2959 1468 2990 S.
1492 2967 1533 2998 95
1558 2958 1647 2994 For,
1666 2958 1690 2988 f.
1714 2958 1801 2996 178).
