1966 3379
184 1238 222 1259 10

183 2339 224 2369 30

184 2613 224 2644 35

243 127 322 164 228
675 126 936 164 LETTERS
968 125 1038 165 OF
1069 125 1337 165 ERASMUS
1700 129 1824 176 [1533

609 237 738 274 2811.
805 233 944 274 FROM
967 233 1126 274 JAMES
1149 233 1450 275 Gaormcms.

292 325 454 369 Leipzig
472 324 555 358 Ms.
1536 325 1711 359 CraCOW.

292 375 377 408 EE.
404 376 484 415 185.
1485 384 1527 415 15
1548 374 1644 419 May
1667 385 1772 418 1533.

287 442 361 480 [An
380 441 533 481 original
552 441 672 477 letter,
692 442 902 481 autograph
922 441 1165 481 throughout.
1207 441 1283 471 The
1300 440 1493 481 year-date
1511 442 1539 471 is
1557 442 1756 472 confirmed
1775 442 1824 483 by

243 486 307 516 tho
329 486 513 516 reference
537 490 576 516 to
598 485 803 516 Grofficius'
828 486 916 516 visit
939 490 978 516 to
1001 486 1177 516 Erasinus
1200 485 1289 516 with
1316 486 1492 515 Erasmus
1516 486 1632 517 abbot
1657 486 1694 516 of
1718 486 1824 517 Clara

243 530 401 565 Tumba.
422 530 508 560 Feb.
532 539 635 569 15323
662 540 720 560 see
740 530 808 570 Ep.
829 533 924 560 2600.
946 540 975 568 3.
1025 529 1089 560 We
1109 530 1215 560 know
1235 529 1392 569 nothing
1407 529 1446 560 of
1468 530 1671 565 Groffifflus,
1690 534 1824 570 except

241 575 335 604 from
354 575 428 604 this
446 573 568 610 letter,
588 575 623 604 in
642 574 760 604 which
780 575 823 604 he
841 578 959 605 states
974 574 1057 604 that
1073 574 1116 603 lie
1132 574 1160 604 is
1175 575 1182 587 ‘
1196 578 1322 604 eustos
1335 573 1341 585 '
1356 574 1394 604 of
1412 573 1463 604 St.
1480 573 1589 604 Giles'
1607 579 1647 605 at
1664 574 1822 605 cracow.

241 618 475 649 Miaskowski
494 618 642 658 printed
663 619 728 648 the
749 618 858 649 letter
880 619 915 648 in
933 619 997 648 the
1015 617 1229 648 Paderborn
1248 617 1308 648 Jb.
1328 617 1359 657 s.
1381 618 1624 658 Philosophie,
1644 629 1705 655 xv,
1727 627 1822 655 1901,

241 673 275 702 p.
296 663 386 701 328]

297 722 393 760 Cvm
411 735 495 760 non
520 723 719 771 ignorem,
738 722 928 768 Erasme,
947 723 1012 759 vir
1029 722 1397 772 praestantissime
1413 726 1545 772 atque
1567 722 1822 767 doctissime,

241 791 371 827 quam
400 778 606 827 plurimos
634 790 722 815 esse
753 778 911 815 nedum
944 778 1130 815 nationis
1158 776 1437 814 Germanicae
1465 781 1543 814 aut
1572 777 1720 823 Italae,
1750 777 1823 815 sed

241 834 374 870 totius
397 833 509 870 orbis
531 832 763 878 christiani,
781 834 854 882 qui
877 837 1048 870 tuarum
1070 832 1465 869 honestissimarum
1482 837 1525 870 et
1542 832 1633 869 orbi
1652 832 1821 870 vtilium

241 889 572 938 occupationum
595 887 713 925 nulla
735 889 899 925 ratione
923 888 1071 925 habita
1093 888 1178 924 suis
1199 891 1241 924 te
1264 887 1397 924 literis
1418 887 1687 937 interpellare
1709 887 1823 925 soliti

242 947 354 988 sunt,
378 948 421 981 et
444 956 754 992 nonnunquam
776 942 959 980 fortasse
981 955 1087 992 pene
1109 942 1161 980 de
1182 941 1326 987 nihilo,
1350 954 1434 991 quo
1457 942 1524 980 vel
1546 943 1603 980 sic
1626 955 1750 980 suum
1779 943 1821 980 in

242 1003 283 1036 te
312 999 516 1044 animum,
543 999 607 1035 tui
636 1002 866 1039 amantem,
897 1001 1107 1035 testatum
1135 997 1214 1034 tibi
1241 997 1428 1043 faciant3
1461 1000 1538 1035 tua
1566 1010 1677 1043 vero,
1707 997 1822 1047 quod

241 1055 409 1097 scimus,
432 1067 481 1091 ca
501 1058 567 1091 est
588 1053 835 1091 humanitas
857 1053 972 1102 quod
1000 1065 1125 1090 nemo
1152 1056 1230 1098 est,
1253 1053 1380 1090 sortis
1406 1053 1536 1090 ctiam
1566 1052 1746 1098 infimae,
1769 1065 1821 1090 ex

242 1109 305 1146 his
327 1110 399 1158 qui
422 1113 464 1146 te
486 1108 647 1146 audent
674 1108 876 1146 lacessere
906 1108 1050 1153 literis,
1073 1120 1199 1157 quem
1226 1112 1302 1145 tua
1328 1108 1508 1145 inuicem
1537 1108 1822 1158 responsione,

241 1165 352 1201 inter
374 1164 526 1201 talium
548 1163 647 1201 licet
664 1168 707 1201 et
725 1167 948 1201 tantarum
966 1164 1297 1213 occupationum
1320 1163 1503 1212 agmina,
1521 1175 1606 1200 non
1623 1162 1818 1212 digneris

242 1219 361 1257 Vnde
384 1219 433 1257 fit
454 1223 503 1256 vt
524 1220 740 1256 animatus
760 1224 803 1256 et
825 1219 926 1268 ipse,
949 1231 1044 1255 cum
1068 1218 1236 1255 videam
1258 1217 1313 1255 ad
1334 1222 1377 1255 te
1399 1217 1580 1255 scribere
1601 1217 1822 1255 dominum

240 1275 443 1312 abbatem
468 1275 533 1311 hic
560 1278 756 1311 nostrum
779 1273 1083 1323 Mogilnensem
1106 1274 1194 1310 siue
1215 1272 1364 1310 Clarae
1386 1272 1591 1318 Tumbae,
1614 1273 1681 1310 cui
1707 1285 1821 1322 pere·

240 1331 428 1379 grinanti
449 1342 563 1367 anno
585 1330 777 1379 proxime
799 1329 1014 1379 superiore
1039 1328 1204 1366 fueram
1231 1341 1370 1366 comes
1391 1332 1435 1365 et
1457 1329 1556 1377 ipse,
1579 1331 1622 1365 et
1644 1329 1716 1377 qui
1739 1340 1823 1365 vna

241 1398 337 1422 cum
361 1384 433 1422 illo
454 1384 619 1422 fueram
647 1384 858 1421 admissus
885 1384 940 1421 ad
969 1387 1011 1421 te
1033 1383 1257 1421 visendum
1285 1395 1427 1420 coram
1456 1395 1683 1432 coramque
1711 1382 1821 1420 salu-

241 1440 437 1485 tandum,
467 1441 623 1489 quique
654 1438 800 1477 abiens
830 1451 915 1476 non
943 1439 1046 1476 mihi
1074 1439 1195 1488 potui
1225 1437 1436 1476 moderari
1465 1439 1567 1487 quin
1599 1438 1821 1475 dexteram

242 1499 361 1532 tuam
385 1495 574 1533 omnium
601 1494 755 1532 osculis
782 1495 1058 1543 omniumque
1087 1494 1361 1531 veneratione
1390 1493 1562 1543 dignam
1590 1493 1765 1539 obortis,
1788 1493 1822 1530 si

242 1563 325 1600 qua
347 1550 461 1600 apud
484 1554 526 1587 te
549 1549 652 1587 mihi
674 1549 777 1587 fides
799 1554 875 1595 est,
898 1549 1128 1598 lachrymis
1149 1547 1429 1586 deoscularer.

299 1605 347 1642 Id
385 1605 499 1654 quod
540 1604 865 1642 memorandum
901 1617 990 1642 esse
1026 1604 1182 1649 censui,
1217 1608 1278 1649 vt,
1315 1604 1409 1653 quis
1445 1602 1515 1641 ille
1548 1603 1602 1640 sit
1639 1602 1822 1640 Iacobus

241 1659 476 1705 Groffieius,
507 1661 579 1710 qui
607 1664 650 1697 te
680 1660 921 1710 incognitus
949 1659 1080 1697 audet
1111 1658 1320 1696 barbarus
1350 1658 1543 1696 barbaris
1574 1659 1659 1695 suis
1690 1658 1823 1695 literis

241 1715 525 1765 interpellare,
558 1728 643 1753 non
679 1716 845 1765 ignores
881 1718 961 1752 etc.
1023 1714 1181 1751 Dixisti
1214 1717 1263 1751 tu
1298 1713 1471 1763 quidem
1507 1726 1683 1751 manum
1719 1717 1822 1750 tunc

243 1772 559 1821 optatissimam
578 1774 698 1807 tuam
716 1770 870 1820 cupide
885 1769 989 1807 mihi
1006 1769 1170 1807 tenenti
1187 1769 1310 1818 eique
1326 1768 1467 1806 dulcia
1485 1767 1628 1806 oscula
1650 1767 1795 1818 figenti
1812 1781 1819 1805 :

242 1826 355 1864 Num
385 1827 608 1876 episcopus
630 1838 706 1875 ego
734 1828 859 1863 sum?
918 1825 1007 1874 Ego
1033 1828 1178 1862 autem
1207 1824 1429 1873 aliquanto
1451 1824 1599 1872 vtique
1628 1822 1823 1873 cupidius

243 1882 461 1931 magisque
490 1882 557 1931 pie
583 1885 704 1918 tuam
736 1880 977 1918 istiusmodi
1009 1879 1231 1917 dexteram
1262 1891 1355 1916 sum
1387 1878 1662 1916 deosculatus
1693 1890 1821 1927 quam

243 1937 447 1981 omnium,
475 1949 582 1985 quos
614 1935 746 1973 habet
772 1939 918 1973 noster
943 1935 1009 1972 hic
1035 1934 1148 1972 orbis
1178 1933 1430 1984 pontificum
1456 1938 1499 1971 et
1524 1946 1654 1983 quam
1682 1945 1823 1970 sacros

243 1993 397 2029 summi
419 1991 632 2041 pontificis
653 1990 895 2035 Clementis,
917 2003 943 2027 a
970 2002 1055 2039 quo
1083 1994 1186 2027 tunc
1215 2001 1290 2039 per
1316 1989 1398 2026 ista
1423 1988 1521 2026 licet
1546 1987 1821 2038 Burgundiae

182 2051 285 2085 vet
326 2046 560 2084 Galliarum
605 2046 730 2083 deuia
769 2045 1027 2090 redibamus,
1068 2044 1197 2094 pedes
1240 2044 1403 2082 beatos.
1473 2043 1616 2092 Atque
1658 2043 1823 2080 vtinam

243 2102 430 2139 licuisset
451 2114 537 2139 non
560 2101 686 2139 modo
707 2100 929 2138 dexteram
952 2101 1092 2145 istam,
1114 2112 1223 2149 quae
1245 2103 1313 2136 tot
1340 2099 1508 2148 scripsit
1535 2102 1579 2135 et
1608 2097 1724 2143 talia,
1748 2097 1822 2135 sed

242 2162 287 2195 et
319 2161 462 2206 caput,
495 2156 610 2206 quod
647 2156 843 2201 dictauit,
874 2160 918 2193 et
950 2159 1110 2205 pectus,
1143 2154 1258 2204 quod
1293 2154 1501 2203 cogitauit
1532 2166 1641 2202 quae
1677 2153 1822 2190 orbem

243 2216 386 2250 totum
414 2212 695 2249 christianum
723 2210 936 2260 simulque
964 2215 1007 2248 et
1032 2209 1266 2255 Poloniam,
1290 2221 1399 2258 quae
1426 2208 1549 2246 nobis
1578 2208 1718 2258 patria
1745 2211 1822 2252 est,

244 2267 510 2305 inundarunt
538 2280 634 2304 cum
663 2279 830 2304 summa
857 2265 983 2303 laude
1012 2269 1089 2302 tua
1113 2269 1157 2302 et
1182 2264 1379 2314 perpetui
1406 2263 1589 2301 nominis
1614 2263 1680 2300 tui
1707 2262 1823 2312 apud

243 2335 389 2360 omnes
410 2323 541 2359 etiam
562 2321 743 2366 futuros,
769 2320 1018 2358 ‘natorum’
1043 2319 1241 2358 videlicet
1262 2322 1387 2356 natos
1410 2322 1477 2356 ‘et
1498 2319 1571 2368 qui
1592 2321 1824 2355 nascentur

243 2377 297 2415 ab
320 2377 400 2414 illis
417 2378 438 2423 ³,
461 2377 608 2427 gloria,
631 2376 870 2414 deosculari
891 2379 972 2413 etc.

300 2432 363 2477 Id,
394 2433 581 2481 inquam,
608 2445 696 2470 esse
725 2431 841 2468 volui
870 2431 1047 2476 dictum,
1070 2434 1119 2467 vt
1147 2442 1214 2467 me
1242 2429 1322 2467 tibi
1350 2428 1415 2466 vel
1444 2429 1528 2466 isto
1555 2427 1734 2478 prodam
1762 2427 1822 2464 in—

244 2487 365 2533 dicio,
398 2487 489 2525 dati
521 2486 719 2525 videlicet
750 2486 953 2524 dexterae
985 2490 1085 2523 tuae
1121 2484 1266 2530 osculi,
1299 2483 1463 2533 tibique
1494 2496 1617 2533 agam
1647 2482 1822 2532 gratias,

244 2543 359 2592 quod
382 2555 466 2579 non
488 2541 618 2579 fueris
639 2546 857 2592 grauatus,
881 2541 991 2578 curis
1013 2553 1122 2590 quae
1150 2544 1194 2577 te
1224 2538 1442 2577 habebant
1471 2538 1679 2588 sepositiS‚
1702 2541 1823 2574 tuam

245 2597 366 2634 nobis
388 2598 646 2647 presentiam
668 2596 897 2634 videndam
922 2595 1135 2640 exhibere,
1158 2594 1357 2644 quodque
1383 2593 1624 2631 suauissimi
1652 2592 1734 2629 oris
1760 2591 1824 2629 tui

244 2651 430 2701 alloquio
445 2652 665 2689 dominum
678 2651 904 2689 Erasmum
919 2650 1135 2695 abbatem,
1148 2650 1278 2686 immo
1291 2652 1335 2686 et
1348 2661 1415 2685 me
1429 2660 1612 2697 quoque,
1623 2647 1824 2696 dignatus

244 2707 385 2745 fueris.
429 2706 546 2753 Quae
561 2720 645 2744 vna
659 2719 723 2744 res
741 2710 808 2744 tot
823 2706 945 2743 nobis
959 2709 1095 2743 terras
1112 2717 1195 2742 non
1213 2705 1299 2741 sine
1317 2703 1456 2741 multa
1471 2701 1824 2740 incommoditate

244 2766 376 2811 atque
397 2763 587 2812 impensa
609 2761 936 2812 peragrantibus
964 2761 1155 2798 omnium
1183 2764 1248 2796 est
1276 2758 1471 2796 laborum
1500 2762 1543 2795 et
1571 2760 1822 2806 sumptuum

246 2818 335 2854 visa
360 2830 517 2854 merces
539 2817 770 2854 sufficiens:
800 2820 848 2853 tu
870 2815 1069 2853 videlicet
1091 2816 1179 2864 ipse
1201 2815 1317 2851 visus
1338 2813 1460 2850 nobis
1483 2825 1637 2850 coram.
1689 2810 1822 2857 Quem

185 2889 227 2920 40
246 2872 401 2909 vidisse
423 2884 677 2921 magnopere
698 2871 941 2921 gloriamur,
963 2874 1008 2908 et
1028 2869 1304 2920 gloriabimur
1328 2868 1460 2906 etiam
1488 2867 1604 2918 apud
1633 2869 1822 2916 nepotes,

722 3019 774 3049 30.
800 3008 988 3046 natorum]
1008 3008 1114 3048 Vei-g.
1134 3007 1222 3038 Aen.
1242 3016 1272 3046 3.
1291 3007 1344 3044 98.
