1966 3379
158 460 197 491 75

158 724 199 753 80

145 2359 207 2381 110

222 128 293 163 168

642 124 897 163 LETTERS
928 125 998 162 OF
1029 125 1292 164 ERASML'S

1650 129 1771 175 [1533

217 234 308 267 tum
338 241 487 274 recens¹
508 242 557 265 cx
582 229 708 265 Italia
737 233 925 271 venerat,
953 233 1102 265 nactus
1127 242 1218 265 sum
1249 229 1435 266 libellum
1462 229 1624 277 Adagia
1657 230 1774 279 polli-

217 288 394 320 centem.

448 283 496 320 In
519 296 566 319 eo
593 283 776 332 comperi
805 283 1027 332 prouerbia
1052 283 1137 319 fere
1163 284 1446 332 septuaginta,
1469 296 1490 319 c
1515 284 1774 328 Latinorum,

218 338 463 387 praesertim
477 337 658 386 Philippi
675 337 879 382 Beroaldi,
891 338 1206 374 commentariis
1217 337 1405 374 collecta
1435 337 1699 375 (Jontuliann
1709 352 1773 375 um

217 405 264 429 ac
287 391 395 428 diem
415 406 421 437 ς
454 404 588 428 annus
609 395 701 428 erat
724 391 845 436 idem,
872 391 942 428 sed
965 391 1120 429 aeditio
1142 404 1233 428 mea
1261 392 1395 428 tribus
1422 392 1634 429 mensibus
1660 406 1774 441 prae-

217 450 422 487 cesserat:
457 451 499 482 et
527 459 591 482 res
623 446 712 494 ipsa
742 447 844 483 satis
874 445 1117 483 declarabat
1150 450 1348 482 neutrum
1376 446 1498 483 alteri
1530 451 1620 483 tum
1652 448 1777 484 fuisse

218 505 380 545 notum,
411 500 482 537 sed
513 500 720 537 ambobus
744 500 920 537 eandem
952 501 1251 549 cogitationem
1284 501 1478 537 incidisse
1507 502 1546 537 in
1578 506 1775 538 mentem.

219 554 369 603 Itaque
387 555 420 590 si
441 555 542 603 quid
567 554 694 591 refert
715 555 808 603 quis
824 556 983 604 primus
1002 555 1076 591 hoc
1093 558 1389 603 argumentum
1407 556 1646 599 attentarit,
1666 560 1775 592 vter-

218 622 298 657 que
316 613 507 645 nostrum
530 609 690 658 primus
712 608 813 646 fuit:
837 609 869 645 si
889 609 1048 657 primus
1068 613 1131 645 est
1149 609 1219 657 qui
1242 610 1447 646 neminem
1471 614 1535 646 est
1557 614 1774 658 sequutus.

219 663 280 700 De
302 663 463 700 Latinis
485 662 645 711 loquor.
696 662 815 708 Quod
838 664 869 699 si
892 663 1012 700 auxit
1036 663 1259 712 prouerbia
1275 664 1347 711 qui
1369 663 1491 711 plura
1513 663 1685 709 aedidit,
1703 677 1777 713 ego

218 718 415 754 nimirum
430 718 543 762 auxi,
556 718 626 766 qui
642 718 777 767 prima
790 718 936 754 statim
949 717 1159 755 aeditione
1173 717 1268 754 dedi
1280 717 1504 766 plusquam
1521 719 1776 767 octingenta,

218 784 397 820 quorum
414 771 566 808 bonam
584 776 749 821 partem
768 772 988 808 hauseram
1006 784 1057 808 ex
1072 771 1319 821 fragmentis
1334 772 1578 821 Diogeniani
1597 772 1776 810 Graecis

218 826 274 863 At
296 830 574 875 posteaquam
596 827 715 863 emisi
737 830 804 863 tot
824 826 1052 871 Chiliadas,
1075 827 1207 863 cuiuis
1230 826 1414 875 procliue
1443 826 1524 863 fuit
1547 828 1631 864 suis
1656 827 1776 864 colle-

218 881 378 917 ctaneis
398 880 583 929 aliquam
602 882 879 917 accessionem
902 880 1140 929 adiungere,
1159 894 1285 929 quam
1308 881 1561 930 profiteatur
1585 895 1635 918 ex
1659 882 1778 919 bonis

218 935 439 972 autoribus
453 948 540 972 esse
554 935 809 984 decerptam,
822 947 896 971 nec
911 936 1145 972 mentiatur
1159 939 1315 972 tamen.
1342 935 1428 972 Nos
1441 937 1550 972 enim
1567 935 1779 973 Chiliadas

158 995 198 1033 85
218 1001 363 1026 omnes
403 1002 454 1026 ex
496 990 667 1038 optimis
711 989 949 1038 quibusque
992 989 1214 1026 autoribus
1253 989 1550 1039 decerpsimus,
1590 991 1778 1039 diligenti

219 1043 552 1089 nomenclatura,
570 1044 693 1080 sicuti
708 1056 784 1093 par
799 1047 877 1088 est,
890 1043 1123 1081 indicantes
1137 1044 1238 1092 quid
1253 1045 1319 1081 cui
1333 1044 1463 1081 feram
1472 1058 1517 1081 us
1531 1050 1751 1094 accept-um
1771 1059 1778 1090 ;

218 1098 324 1135 adeo
359 1103 407 1135 vt
439 1111 513 1135 nec
549 1097 815 1147 Apostolium
846 1098 991 1135 debita
1022 1098 1158 1135 laudis
1189 1100 1381 1147 portione
1414 1099 1777 1136 fraudauerimus:

220 1157 391 1190 tantum
413 1152 553 1189 abfuit
574 1156 623 1189 vt
644 1165 709 1189 me
730 1152 885 1201 plumis
906 1152 1052 1189 alienis
1073 1153 1293 1190 venditare
1315 1152 1534 1190 voluerim.

274 1207 389 1244 Haec
411 1207 583 1256 indigna
606 1207 800 1244 ducerem
829 1219 936 1255 quae
964 1212 1358 1252 commemorentur,
1387 1209 1463 1244 nisi
1494 1208 1679 1245 viderem
1703 1208 1779 1245 hoc

157 1275 200 1303 90
220 1274 244 1298 a
261 1261 514 1310 quibusdam
532 1262 598 1310 agi
613 1262 732 1306 serio,
751 1265 798 1298 vt
812 1262 935 1310 primi
951 1261 1028 1298 hoc
1044 1261 1284 1311 exemplum
1304 1262 1515 1299 induxisse
1530 1262 1777 1300 videantur:

220 1315 274 1352 ab
294 1315 399 1360 aliis
421 1327 471 1352 ne
493 1315 594 1364 quid
621 1328 671 1352 ex
702 1316 804 1353 meis
831 1314 1093 1353 Chiliadibus
1122 1316 1349 1353 videantur
1370 1318 1594 1366 sumpsisse
1616 1321 1778 1361 mutuo,

220 1370 291 1406 sed
322 1382 407 1407 rem
439 1374 576 1407 totam
608 1371 691 1406 suis
721 1370 919 1419 auspiciis
949 1383 1106 1419 suoque
1138 1371 1273 1407 Marte
1299 1371 1536 1409 confecisse.

1589 1371 1721 1420 Atqui
1747 1373 1779 1408 si

220 1424 454 1473 decerpunt
467 1437 518 1461 ex
536 1425 717 1461 vetustis
733 1424 954 1461 autoribus
971 1437 1077 1473 quae
1095 1425 1292 1474 produnt,
1312 1438 1441 1474 quum
1461 1426 1502 1462 in
1521 1426 1584 1462 his
1599 1426 1780 1463 resideat

221 1478 385 1515 infinita
415 1479 735 1528 prouerbiorum
767 1480 887 1528 copia
917 1491 1024 1528 quae
1054 1492 1128 1516 nos
1159 1481 1532 1528 praetermisimus,
1564 1492 1685 1528 quur,
1718 1481 1782 1517 his

159 1546 201 1576 95
221 1533 475 1582 praeteritis,
504 1537 592 1570 tam
618 1533 755 1571 multa
783 1538 1014 1582 congerunt
1031 1547 1055 1570 a
1076 1534 1196 1571 nobis
1224 1534 1406 1583 prodita,
1432 1539 1520 1572 tam
1547 1547 1682 1583 pauca
1709 1535 1778 1572 ad-

221 1588 364 1624 ferunt
392 1587 512 1624 nobis
538 1588 730 1625 intacta?
770 1586 886 1633 Quur
914 1592 1002 1625 tam
1029 1600 1124 1625 raro
1145 1589 1280 1625 citant
1304 1593 1474 1626 autores
1501 1602 1525 1626 a
1554 1589 1673 1626 nobis
1698 1601 1780 1626 non

221 1642 405 1679 citatos?
446 1641 502 1679 Et
524 1643 556 1678 si
578 1642 680 1691 quid
702 1642 923 1691 paululum
950 1646 1122 1688 nouent,
1145 1655 1197 1680 an
1219 1643 1399 1680 credunt
1421 1643 1515 1681 ilico
1538 1643 1640 1680 bene
1662 1643 1779 1680 dissi-

221 1696 430 1733 mulatum
448 1696 624 1740 furtum,
642 1698 675 1733 si
693 1696 908 1734 veteribus
925 1697 1018 1734 ollis
1039 1709 1171 1734 nouas
1184 1698 1359 1746 affigant
1379 1701 1533 1735 ansas?
1573 1697 1614 1735 Si
1636 1703 1782 1735 nostra

222 1763 305 1788 non
328 1750 530 1799 legerunt,
553 1764 638 1799 qua
658 1751 799 1788 fronte
827 1751 1082 1800 profitentur
1109 1764 1150 1788 se
1181 1751 1283 1788 nihil
1307 1752 1460 1789 habere
1486 1765 1648 1789 mecum
1672 1765 1779 1789 com-

142 1816 204 1838 100
222 1808 377 1842 mune?
418 1803 459 1841 Si
484 1805 675 1854 legerunt
704 1818 750 1842 ac
779 1805 1132 1843 dissimulandum
1162 1810 1329 1855 putant,
1352 1811 1464 1843 certe
1495 1806 1712 1855 diligentia
1739 1812 1780 1844 et

222 1859 481 1896 dexteritate
499 1859 713 1901 tractandi
731 1859 1029 1909 perficiendum
1043 1865 1136 1898 erat
1150 1873 1201 1897 ne
1218 1861 1283 1897 cui
1301 1861 1514 1898 suboleret
1528 1861 1661 1899 fucus.
1694 1861 1782 1910 Ego

223 1926 321 1950 sane
335 1926 579 1962 quanquam
595 1915 656 1951 ita
666 1919 860 1951 versatus
871 1914 1016 1952 videor
1029 1915 1071 1952 in
1083 1915 1202 1952 bonis
1219 1915 1441 1952 autoribus
1455 1920 1501 1952 vt
1516 1928 1599 1953 non
1613 1928 1780 1965 magno-

223 1980 320 2017 pere
342 1969 397 2005 sit
419 1980 523 2017 opus
545 1981 596 2005 ex
623 1970 902 2006 recentiorum
931 1969 1209 2006 miscellaneis
1238 1970 1447 2014 suffurari,
1477 1974 1619 2007 tamen
1641 1969 1782 2007 nullus

223 2026 288 2059 est
315 2022 438 2059 hodie
465 2022 659 2060 literatior
685 2028 774 2060 tam
800 2023 980 2060 triuialis
1008 2024 1122 2072 quin,
1147 2024 1179 2060 si
1206 2023 1394 2061 libellum
1421 2024 1590 2061 aederet
1620 2024 1782 2073 Adagia

144 2088 204 2117 105
224 2076 506 2126 pollicentem,
537 2077 788 2126 dignaturus
813 2079 889 2114 sim
917 2090 1012 2115 eum
1039 2078 1235 2115 lectione:
1268 2078 1382 2127 quod
1408 2092 1503 2116 vere
1527 2078 1688 2116 dictum
1714 2080 1781 2123 sit,

224 2130 389 2168 nullum
424 2144 512 2168 esse
547 2131 701 2168 librum
738 2136 826 2169 tam
863 2132 1021 2169 malum
1058 2133 1168 2169 vnde
1201 2145 1284 2169 non
1319 2132 1478 2181 aliquid
1516 2133 1613 2169 boni
1647 2135 1782 2182 possis

224 2185 456 2234 decerpere.
498 2185 620 2223 Nolle
650 2186 785 2235 legere
814 2199 884 2223 eos
915 2187 986 2235 qui
1014 2191 1205 2224 tractant
1235 2192 1532 2236 argumentum
1561 2200 1782 2224 commune

225 2243 378 2285 tecum,
401 2241 538 2289 turpis
557 2244 622 2277 est
642 2241 930 2289 arrogantiae:
960 2241 1226 2278 dissimulare
1247 2253 1378 2289 quum
1400 2241 1559 2290 legeris,
1582 2243 1783 2291 turpioris

224 2298 288 2330 est
310 2293 575 2331 ambitionis:
608 2294 784 2332 inficiari
806 2295 1066 2341 beneficium,
1089 2296 1359 2344 turpissimae
1380 2296 1708 2345 ingratitudinis.

280 2348 396 2385 Haec
427 2348 594 2385 illorum
624 2361 751 2386 causa
782 2349 958 2386 dixerim
991 2351 1262 2399 potiusquam
1293 2362 1397 2388 mea.
1446 2350 1556 2387 Nam
1587 2351 1699 2399 quod
1730 2352 1783 2388 ad

226 2415 364 2439 meum
390 2403 549 2440 attinet
573 2404 774 2448 animum,
810 2408 959 2452 terque
991 2408 1225 2453 quaterque
1260 2404 1437 2441 liberum
1471 2405 1665 2442 omnibus
1696 2418 1783 2442 esse

226 2456 335 2501 volo,
369 2457 520 2494 cudere
553 2470 600 2494 ac
634 2458 831 2495 recudere
863 2458 1099 2507 prouerbia,
1131 2471 1201 2495 seu
1231 2472 1343 2496 noua
1372 2459 1503 2495 velint
1530 2472 1601 2496 seu
1632 2459 1782 2496 malint

227 2515 382 2548 vetera.
425 2510 466 2548 Si
487 2511 529 2548 id
542 2511 718 2549 fecerint
735 2525 800 2549 me
818 2512 1035 2557 infelicius,
1053 2513 1156 2549 nihil
1171 2513 1388 2550 offecerint
1405 2526 1497 2550 meo
1517 2515 1687 2557 nomini,
1711 2514 1782 2550 sed

225 2565 400 2602 admota
425 2578 612 2615 purpura
636 2566 820 2604 deterior
844 2579 1076 2616 purpuram
1102 2580 1237 2604 mean]
1264 2567 1498 2604 illustrabit
1520 2569 1684 2616 potius:
1719 2569 1782 2604 sin

270 2661 320 2691 71.
347 2652 522 2690 libellum]
550 2653 760 2693 Polydore‘s
790 2654 969 2684 Proverbi—

226 2705 326 2725 ovrum
358 2696 524 2731 Libellus,
558 2697 675 2726 which
706 2698 971 2737 subsequently

226 2739 373 2768 became
392 2740 610 2779 Adaqiorum
625 2741 728 2770 liber:
750 2741 796 2771 cf.
811 2741 879 2781 Ep.
896 2750 969 2779 531.

226 2791 365 2821 404-24.

270 2826 321 2855 81.
364 2826 594 2865 Diogeniani]
643 2827 890 2867 Diogenianus
933 2828 971 2858 of

227 2869 403 2899 Heraclea
432 2871 466 2899 in
496 2870 648 2905 Pontus,
677 2881 699 2900 a
725 2872 968 2910 grammarian

225 2912 263 2942 of
277 2912 339 2942 the
352 2912 431 2942 first*
446 2919 530 2952 part
543 2914 580 2943 of
593 2914 655 2944 the
669 2914 802 2944 second
816 2919 970 2954 century

226 2964 300 2986 A.D.
335 2955 402 2986 His
414 2955 590 2995 Παροιμίαι
603 2956 763 2996 δημώδεις
775 2959 808 2994 (a
824 2959 969 2998 portion

1039 2655 1076 2684 of
1103 2665 1124 2684 a
1152 2654 1267 2694 larger
1295 2655 1449 2691 lexicon)
1479 2656 1507 2685 is
1535 2655 1608 2685 still
1637 2660 1780 2691 extant,

1038 2698 1118 2728 first
1146 2698 1293 2738 printed
1324 2699 1360 2728 in
1390 2698 1575 2728 Schottus'
1605 2698 1781 2737 Παροίμιαι

1039 2740 1227 2780 Ἑλληνικαί
1242 2743 1434 2781 (Antwerp
1455 2742 1562 2778 1612).

1082 2786 1135 2823 87.
1162 2785 1408 2824 Apostolium]
1440 2785 1592 2815 Michael
1625 2787 1779 2825 Aposto-

1039 2828 1118 2860 lius.
1134 2838 1155 2858 a
1168 2828 1512 2868 fifteenth-century
1523 2829 1641 2859 Greek
1655 2839 1779 2869 paroe-

1038 2871 1280 2911 miographer,
1329 2872 1448 2902 whose
1493 2872 1698 2903 Paroemiae
1746 2874 1781 2908 (a

1037 2915 1226 2945 collection
1244 2915 1281 2944 of
1299 2924 1381 2954 2027
1399 2916 1588 2954 proverbs)
1609 2925 1682 2946 was
1701 2916 1780 2946 first

1038 2958 1185 2998 printed
1204 2959 1238 2988 in
1258 2958 1364 2988 Basle
1382 2959 1430 2998 by
1448 2959 1663 2998 Herwagen,
1685 2960 1779 2997 1538.
