1966 3379
245 113 323 149 402
797 112 1098 151 APPENDIX
1130 112 1263 151 XXII

247 227 269 254 2
328 216 482 261 Genus,
506 216 664 254 Virtus.

185 290 226 320 95
248 282 270 319 3
328 270 505 320 Species
528 271 712 309 Iustitia.

247 338 270 375 4
331 326 567 375 Proprium,
590 325 735 363 Sermo
758 326 798 363 in
822 326 1004 364 homine.

248 390 270 428 5
329 380 591 425 Differentia,
616 380 857 418 Rationale.

247 436 271 471 f>
329 435 504 479 Diuisio,
528 435 722 473 PartitiO.
747 435 867 484 Reip.
890 435 1051 472 formae
1073 447 1108 484 4.

248 490 369 538 Βοὴ).
393 493 549 539 partos,
572 489 766 535 Senatus,
788 489 902 527 Ordo
921 490 1131 539 equestris
1152 493 1195 527 et
1218 489 1418 540 Populus.

167 563 229 584 100
249 554 271 593 7
331 544 488 582 Totum
510 544 678 590 falsum,
701 549 778 583 aut
799 557 932 582 vnum
955 544 1234 582 confirmatur
1254 548 1333 582 etc.

302 598 526 644 Dilemma,
549 603 597 637 vt
624 600 854 649 propositis
882 599 1049 636 duobus
1078 603 1307 648 vtrumque
1338 602 1637 649 retorqueatur
1667 600 1709 638 in
1740 600 1811 638 ad-

247 654 493 692 uersarium.

301 708 613 758 Antistrophon
635 713 679 746 et
696 708 830 757 βιαίου
851 708 984 746 telum
1007 712 1229 746 retortum.

357 762 512 801 Simile.
627 763 850 801 Dissimile.
965 763 1166 801 Inductio
1188 762 1400 801 insidiosa.

168 860 228 891 105
711 845 946 890 Contraria,
970 845 1150 895 sapiens,
1174 844 1348 883 stultus.

715 900 949 945 Priuatiua,
972 912 1132 944 caecuS,
1155 899 1316 937 videns.

715 954 1071 999 Contradintoria,
1094 954 1259 999 doctus,
1282 967 1366 992 non
1387 954 1552 992 doctus.

714 1009 928 1054 Relatiua‚
951 1013 1085 1059 pater,
1108 1008 1232 1054 filius,
1254 1008 1428 1055 locator,
1451 1009 1699 1048 conductor.

248 927 271 965 8
330 927 451 977 Repu
456 928 631 977 gnantia

249 1101 272 1140 9
330 1090 642 1140 Consequentia
717 1090 797 1137 Qui
818 1090 941 1129 laesit
963 1091 1110 1137 sciens,
1133 1103 1217 1128 non
1237 1095 1330 1129 erat,
1351 1092 1523 1130 amicus.

168 1183 230 1204 110
357 1170 519 1208 Causae

252 1236 301 1264 10
634 1224 675 1263 Si
696 1225 873 1275 gloriam
895 1225 1018 1275 petis,
1041 1228 1221 1275 expecta
1243 1225 1462 1263 inuidiam.

358 1279 523 1317 Effecta

253 1369 297 1396 11
358 1359 526 1396 Euenta
642 1359 764 1405 Vicit,
788 1359 1005 1397 meliorem
1027 1359 1156 1409 igitur
1177 1372 1350 1398 causam
1373 1359 1536 1397 habuit.

253 1424 300 1451 12
359 1414 594 1452 Autoritas.

170 1487 230 1516 115
921 1468 1141 1519 Exempla.

306 1534 528 1571 Minimum
550 1534 753 1572 differunt
775 1547 799 1572 a
821 1534 1042 1572 similibus.
1089 1533 1328 1572 Sumuntur
1348 1547 1372 1573 a
1394 1534 1520 1572 factis
1542 1547 1637 1573 cum
1659 1536 1816 1573 autori-

251 1592 354 1626 tate.
415 1588 471 1626 Vt
494 1589 644 1626 vmbra
665 1602 751 1627 non
770 1593 836 1627 est
856 1590 935 1626 nisi
957 1590 1013 1626 sis
1034 1590 1076 1626 in
1098 1589 1268 1635 lumine,
1291 1590 1352 1627 ita
1373 1589 1534 1628 inuidia
1555 1589 1690 1635 abest,
1708 1591 1741 1627 si
1763 1591 1819 1627 sis

252 1643 462 1692 inglorius,
509 1642 651 1681 Simile
681 1648 758 1682 est.
791 1644 930 1681 Multa
959 1644 1199 1682 reuerentia
1229 1644 1410 1682 debetur
1441 1644 1689 1694 virginibus,
1716 1645 1818 1694 quia

252 1697 486 1735 Flaminius
509 1702 660 1735 senatu
681 1702 823 1736 motus
844 1703 922 1740 est,
945 1698 1060 1748 quod
1086 1711 1261 1736 vxorem
1283 1698 1460 1737 fulmine
1482 1700 1679 1737 territam
1705 1712 1816 1737 oom-

172 1771 233 1792 120
252 1752 401 1801 plexus
423 1753 490 1798 sit,
513 1758 736 1802 praesente
756 1752 855 1799 filia,
914 1753 1182 1802 Exemplum.

252 1807 514 1846 Tractantur
535 1807 681 1845 eodem
703 1808 831 1846 modo
852 1820 936 1857 quo
957 1807 1122 1846 similia.

252 1861 287 1898 A
309 1863 412 1910 pari,
435 1874 458 1898 a
480 1862 653 1907 minore,
676 1875 700 1899 a
721 1863 890 1900 maiore.

252 1915 388 1953 Fietio
410 1916 549 1954 locum
572 1916 702 1954 habet
724 1918 766 1954 in
787 1916 995 1954 omnibus.

602 2019 743 2058 Genus
765 2020 1105 2066 deliberatiuum,
1128 2021 1216 2058 siue
1238 2022 1487 2060 suasorium.

175 2088 234 2118 125
666 2074 777 2120 Quid
798 2076 853 2112 sit
874 2075 925 2112 de
946 2088 1031 2124 quo
1053 2075 1326 2114 deliberatur.

255 2127 353 2166 Tria
376 2129 609 2178 spectanda
667 2129 746 2175 Qui
768 2130 853 2167 sint
875 2130 947 2179 qui
968 2129 1217 2168 deliberant.

666 2183 767 2230 Quis
789 2185 842 2222 sit
865 2185 936 2234 qui
957 2184 1121 2222 suadet.

855 2266 921 2303 An
942 2265 1031 2304 fieri
1052 2266 1200 2316 possit.

648 2319 758 2357 Item

174 2382 236 2412 130
853 2374 919 2412 An
942 2374 1031 2412 fieri
1052 2374 1218 2413 debeat.

765 2494 915 2532 Part-es
936 2495 979 2532 in
1002 2494 1288 2533 deliberando.

339 2569 522 2606 Rectum
544 2581 618 2618 per
640 2582 694 2606 se.
755 2569 835 2607 Hie
857 2574 958 2608 sunt
979 2582 1124 2608 omnes
1146 2571 1302 2620 species
1325 2570 1549 2608 virtutum.

338 2623 579 2660 Honestum
602 2624 689 2660 siue
712 2623 936 2670 laudabile,
959 2625 1012 2662 ad
1039 2625 1199 2662 famam
1227 2637 1334 2674 quae
1361 2637 1485 2675 saepe
1510 2626 1643 2675 magis
1672 2630 1817 2663 mouet

338 2690 467 2726 quam
489 2678 579 2727 ipsa
600 2678 749 2715 virtus.
809 2677 874 2716 Sic
895 2684 937 2716 et
959 2679 1146 2717 infamia.

340 2731 451 2769 Vtile
472 2733 515 2768 in
536 2732 768 2770 commodis
788 2733 882 2770 aliis
904 2734 1034 2771 situm
1055 2738 1132 2772 est.

257 2581 279 2660 ΝΗ

256 2798 280 2835 4
338 2785 643 2824 Necessarium.

257 2849 279 2887 5
339 2839 555 2877 Possibile.
860 2841 1133 2892 Comparatio
1155 2845 1299 2880 vtrum
1320 2841 1466 2880 vtilius
1487 2846 1563 2880 aut
1584 2842 1815 2880 honestius.

257 2894 280 2931 6
339 2894 490 2932 Facile.

257 2957 280 2996 7
339 2948 512 2988 Tutum.
