1966 3379
147 119 267 166 2787]
437 115 594 154 FROM
625 113 1034 152 cHRISToPHER
1066 113 1135 151 OF
1166 112 1414 150 sTADiox
1631 114 1700 150 191

146 221 451 258 annunciantes
481 223 602 256 actus
632 231 752 258 suos:
784 222 825 254 et
855 229 1000 255 omnes
1030 217 1309 254 auctoritates
1339 229 1386 253 ac
1410 217 1597 253 raciones
1625 229 1705 265 que
1726 225 1765 256 45

146 288 221 324 pro
249 275 384 311 altera
412 278 532 323 parte
561 273 697 310 solent
726 272 879 309 adduci
907 284 1057 320 parum
1086 270 1251 307 faciunt
1280 276 1319 307 et
1350 270 1475 307 nichil
1505 271 1703 319 probant,

144 342 236 366 meo
258 328 421 365 iudicio.

199 383 347 419 Melius
368 395 454 419 esse
472 381 584 430 quod
607 382 820 418 oraciones
836 380 1034 416 dicantur
1051 380 1091 415 in
1109 379 1252 427 lingua
1269 378 1433 426 vulgari
1456 379 1495 415 in
1518 378 1704 415 Ecclesia

144 449 271 486 quam
294 437 436 485 lingua
459 436 628 472 Latina:
657 434 868 472 crederem
890 434 1168 477 verissimum,
1187 445 1282 469 cum
1305 445 1378 482 per
1400 432 1477 469 hoc
1499 434 1704 470 intensior

142 504 190 528 ac
219 492 351 528 maior
377 490 622 527 redderetur
650 489 894 526 auditorum
923 500 970 525 ac
996 487 1340 524 interessencium
1370 486 1556 523 deuocio.
1617 487 1702 524 Nee
1724 494 1764 523 50

143 545 318 582 verbum
342 544 418 581 Dei
439 544 492 581 ad
515 557 641 580 vnam
665 547 740 580 aut
760 543 939 580 alteram
962 542 1358 579 sermocinacionem
1381 545 1445 577 est
1466 541 1700 590 alligatum.

142 599 251 644 Quid
274 600 401 648 igitur
422 598 565 635 obstat
588 599 690 647 quin
713 598 827 634 omni
850 597 991 645 lingua
1013 597 1145 645 possit
1168 596 1437 644 pronunciari
1452 598 1466 631 ‘3

196 653 412 698 Quantum
441 652 494 689 ad
522 652 760 689 celebatum
789 651 1035 688 clericorum
1064 650 1234 693 attinet,
1264 649 1473 686 crederem
1505 650 1702 698 expedire

142 712 190 744 vt
222 708 322 756 ipsis
356 708 653 756 permiteretur
686 706 946 743 matrimonii
986 708 1245 745 contractus.
1279 717 1352 741 nec
1394 703 1517 740 video
1550 705 1701 741 micam

140 762 318 799 racionis
349 774 422 798 cur
452 761 493 798 id
523 761 610 797 fieri
638 773 721 797 non
752 760 907 797 debeat
937 764 1013 796 aut
1044 771 1127 795 non
1160 759 1306 807 possit.
1367 757 1458 795 Hoc
1491 758 1699 795 consuluit
1723 765 1762 794 55

142 817 483 853 Panormitamus
508 816 550 852 in
575 828 607 852 c.
667 814 771 852 Cum
795 814 907 858 olim,
930 813 992 850 De
1015 813 1172 850 clericis
1194 813 1451 861 coniugatis:
1485 813 1563 849 nisi
1589 813 1701 860 quod

140 870 294 907 ibidem
325 870 407 906 fuit
437 871 479 906 in
509 869 655 906 eodem
686 881 825 906 errore
856 869 898 905 in
928 880 1013 916 quo
1045 880 1156 904 nunc
1187 867 1328 916 plures
1360 870 1472 911 sunt,
1504 866 1702 904 videlicet

139 924 251 972 quod
274 928 372 962 actu
395 924 687 961 sacerdotibus
709 936 793 960 non
818 923 951 972 possit
978 922 1170 971 permitti
1198 926 1373 970 propter
1400 925 1564 965 votum,
1587 921 1700 970 quod

139 979 191 1015 sit
223 979 274 1015 de
302 979 388 1015 iure
417 979 585 1019 diuino;
620 978 733 1027 quod
762 982 906 1014 tamen
937 989 1030 1013 meo
1060 976 1214 1013 iudicio
1242 987 1512 1024 nequaquam
1542 975 1700 1016 obstat,

138 1046 232 1070 cum
259 1034 543 1070 iuramentum
568 1045 652 1070 non
681 1033 820 1069 minus
848 1033 902 1068 sit
930 1031 980 1068 de
1008 1031 1096 1067 iure
1124 1030 1268 1067 diuino
1296 1042 1424 1079 quam
1454 1034 1626 1067 votum:
1659 1035 1702 1067 et
1721 1036 1762 1063 oo

138 1092 281 1124 tamen
311 1088 344 1123 si
373 1088 466 1135 quis
493 1087 636 1124 decem
665 1087 920 1136 prestitisset
950 1087 1189 1122 iuramenta
1217 1084 1267 1121 de
1298 1097 1383 1122 non
1411 1084 1701 1121 contrahendo

136 1146 178 1178 et
219 1142 500 1185 contraheret,
537 1141 700 1178 valeret
739 1141 1059 1178 matrimonium
1095 1139 1293 1176 omnibus
1327 1139 1577 1176 iuramentis
1617 1151 1699 1176 non

138 1196 421 1233 obstantibus.
482 1196 572 1233 Hoc
609 1195 735 1233 modo
770 1195 1002 1244 disponunt
1042 1195 1134 1230 iura
1173 1193 1396 1231 Canonica.
1456 1193 1538 1230 Cur
1573 1194 1701 1242 igitur

138 1263 220 1287 non
244 1251 352 1287 idem
377 1251 490 1293 iuris,
513 1251 547 1287 si
572 1251 665 1299 quis
693 1254 843 1287 contra
871 1253 1020 1285 votum
1049 1247 1288 1291 contrahat,
1312 1260 1407 1285 cum
1437 1253 1586 1284 votum
1616 1261 1699 1284 non

138 1306 337 1342 maiorem
360 1306 446 1341 vim
468 1305 625 1342 habeat
647 1304 697 1341 de
718 1305 806 1341 iure
828 1304 973 1340 diuino
994 1315 1121 1352 quam
1145 1303 1444 1345 iuramentum,
1467 1307 1510 1339 et
1537 1303 1570 1339 si
1598 1303 1700 1350 quid
1721 1310 1760 1346 65

137 1359 261 1403 vltra,
285 1359 413 1396 habet
436 1358 512 1396 hoc
535 1372 558 1396 a
582 1360 667 1395 iure
689 1359 872 1408 positiuo
888 1362 902 1395 ἱ)
957 1357 1068 1406 Ergo
1090 1357 1203 1394 istud
1226 1357 1290 1393 ius
1311 1361 1452 1406 potest
1474 1361 1517 1393 et
1539 1356 1699 1401 tollere,

136 1426 265 1462 quum
290 1413 400 1450 illius
422 1414 473 1450 sit
498 1413 646 1450 tollere
669 1414 786 1450 cuius
807 1417 869 1449 est
892 1416 932 1449 et
956 1411 1147 1448 condere.
1207 1410 1291 1448 Cur
1318 1412 1446 1460 igitur
1474 1424 1558 1448 non
1587 1411 1701 1448 tollit

136 1481 230 1504 cum
254 1472 319 1505 tot
342 1473 596 1517 pregnantes
618 1468 804 1504 raciones
827 1467 912 1503 sint
933 1479 1006 1516 pre
1028 1465 1225 1503 manibus
1246 1470 1292 1502 vt
1317 1466 1560 1503 resistentes
1582 1466 1653 1502 vix
1677 1479 1699 1503 a

135 1522 347 1559 calumnia
367 1523 557 1559 excusari
580 1523 737 1571 possint
755 1525 770 1558 ἱ)

191 1576 343 1614 Vtrum
366 1576 574 1614 discordia
595 1581 690 1613 orta
712 1577 823 1613 inter
844 1576 1040 1624 coniuges
1064 1574 1305 1612 huiusmodi
1327 1575 1413 1611 sine
1437 1587 1509 1624 spe
1527 1575 1700 1612 remedii
1721 1590 1762 1620 70

136 1631 191 1668 sit
223 1631 492 1668 racionabilis
524 1644 650 1668 causa
680 1630 964 1680 dispensandi,
997 1634 1045 1666 vt
1076 1629 1235 1666 scilicet
1266 1633 1445 1678 vterque
1478 1642 1573 1666 cum
1607 1629 1700 1666 aliis

134 1685 361 1722 contrahat
383 1686 621 1734 coniugium
643 1697 849 1722 consensu
871 1684 1111 1728 accedente,
1130 1696 1214 1721 non
1235 1684 1369 1720 ausim
1392 1683 1470 1721 hoc
1492 1684 1700 1721 affirmare

136 1744 308 1789 propter
331 1739 407 1776 hoc
429 1739 615 1776 dictum:
648 1739 781 1788 ‘quod
812 1739 925 1776 Deus
958 1739 1193 1783 coniunxit,
1226 1738 1352 1775 homo
1383 1750 1467 1775 non
1498 1739 1697 1787 separet’.

136 1793 247 1831 Illud
278 1798 421 1831 tamen
453 1794 578 1831 michi
610 1793 791 1838 videtur,
824 1794 856 1830 si
888 1794 975 1830 iure
1006 1793 1152 1829 diuino
1182 1792 1269 1829 fieri
1302 1796 1445 1841 potest
1476 1792 1589 1841 quod
1622 1793 1699 1830 sibi

134 1853 313 1897 vsurpat
327 1848 526 1893 Ecclesia,
539 1848 735 1885 videlicet
746 1848 859 1897 quod
874 1848 1193 1884 matrimonium
1208 1847 1414 1896 legittime
1429 1851 1698 1884 contractum
1720 1863 1759 1894 75

134 1908 233 1940 ante
252 1903 521 1940 subsecutam
539 1903 735 1952 copulam
753 1906 927 1952 propter
944 1903 1177 1950 ingressum
1193 1902 1316 1938 vnius
1333 1902 1521 1950 coniugis
1538 1901 1697 1950 religio-

135 1970 230 1994 nem
252 1957 438 2002 disoluit,
457 1957 569 2006 quod
593 1958 632 1994 in
656 1969 814 1994 canone
837 1957 1054 2006 proposito
1076 1956 1186 1993 idem
1205 1955 1291 1993 fieri
1310 1957 1456 2005 possit,
1474 1969 1569 1993 cum
1588 1956 1699 1993 adsit

135 2012 342 2048 efficacior
369 2011 660 2049 dissolucionis
689 2024 826 2048 causa.
888 2011 968 2048 Sed
997 2010 1110 2060 apud
1140 2023 1206 2048 me
1234 2023 1319 2047 non
1347 2015 1411 2047 est·
1440 2011 1527 2048 sine
1555 2010 1696 2054 dubio,

134 2079 186 2102 an
210 2066 395 2103 Ecclesia
417 2066 735 2103 matrimonium
758 2065 964 2114 legittime
986 2069 1254 2102 contractum
1274 2069 1447 2114 propter
1466 2066 1697 2114 ingressum

136 2121 221 2156 vite
251 2133 381 2169 genus
410 2121 542 2169 possit
570 2120 790 2165 disoluere,
820 2133 950 2169 quum
980 2132 1189 2168 nusquam
1219 2120 1259 2156 in
1291 2119 1424 2156 literis
1456 2119 1610 2156 diuinis
1638 2132 1696 2156 re·
1718 2128 1759 2155 80

137 2175 324 2223 periatur
356 2174 462 2211 hanc
494 2179 751 2223 potestatem
783 2175 982 2211 ecclesiae
1019 2174 1238 2211 traditam.
1299 2174 1388 2210 Hec
1420 2173 1470 2210 de
1506 2173 1696 2211 Caietani

135 2230 270 2265 sentio
299 2229 523 2266 erroribus.
584 2228 672 2274 Que
709 2233 851 2266 tamen
887 2229 1026 2266 omnia
1062 2233 1137 2265 tuo
1170 2228 1379 2265 submitto
1416 2228 1593 2267 iudicio:
1631 2229 1696 2265 cui

134 2295 280 2332 prccor
303 2283 456 2320 bonam
481 2283 780 2320 valetudinem.

190 2337 348 2374 Datum
371 2337 483 2387 apud
507 2337 734 2387 Dillingam
759 2350 794 2386 4.
819 2337 986 2387 Aprilis.
1046 2337 1169 2374 Anno
1191 2341 1270 2374 etc.
1295 2347 1329 2384 3.
1355 2347 1389 2384 3.

941 2396 1041 2429 tuus
1717 2399 1757 2435 85

1059 2445 1331 2483 Cristofforus

1151 2500 1385 2550 Episcopus
1407 2500 1640 2548 Augusten.

529 2581 578 2610 73.
606 2576 752 2611 separat
771 2572 852 2601 MS.
1003 2573 1055 2602 82.
1082 2572 1201 2601 sensio
1219 2571 1300 2601 MS.

135 2679 221 2713 “pro
243 2675 367 2704 inultis
389 2676 457 2705 erit
479 2675 680 2705 auctoritas
702 2675 880 2708 Gratiani,
951 2676 1107 2714 (Ireslorii
1137 2675 1184 2709 ίκ,
1213 2675 1272 2705 lib.
1300 2675 1347 2706 iii.
1374 2676 1432 2705 tit.
1461 2675 1507 2708 111,
1538 2685 1616 2714 cup.
1647 2675 1694 2706 vi.

133 2718 194 2756 qui
211 2718 335 2747 multis
348 2719 463 2747 verbis
478 2719 543 2748 huc
557 2719 601 2748 de
616 2729 652 2748 re
666 2719 807 2749 disserit
828 2719 880 2748 ‹li-
951 2719 1147 2755 Fricdberg
1165 2720 1248 2757 45&
1276 2719 1572 2751 Panormitanus.
1592 2719 1630 2746 111
1655 2718 1697 2746 isi

133 2761 257 2791 stim-t.
278 2762 405 2800 prima,
427 2762 475 2791 De
498 2762 714 2800 pornitcnlz'a
728 2762 746 2791 '.
796 2763 880 2792 Acts
949 2763 1079 2792 Decret.
1099 2763 1171 2794 lib..
1192 2763 1313 2801 Lyons
1334 2764 1415 2799 1580
1433 2762 1482 2792 ss..
1507 2767 1620 2799 1340.

137 2813 174 2838 iq
191 2806 462 2836 annunciantes,
479 2811 547 2835 ete.
563 2816 719 2845 appears
738 2806 770 2835 111
790 2807 876 2836 (lra-
991 2812 1087 2844 70-7.
1116 2811 1266 2844 propter
1294 2830 1298 2834 .
1329 2829 1333 2834 .
1364 2829 1369 2834 .
1398 2805 1620 2842 religionem]
1641 2805 1695 2833 i.e.

134 2848 224 2882 tian,
245 2848 450 2887 Friedberg.
474 2851 564 2887 1176.
946 2850 1031 2887 quia
1054 2849 1222 2879 alterutra
1252 2850 1381 2878 consur
1413 2848 1609 2885 rclz'glioncin
1644 2848 1694 2877 in-

178 2896 228 2927 50.
262 2892 351 2921 Cum
374 2916 378 2920 .
402 2916 406 2921 .
429 2917 433 2920 ,
454 2893 673 2931 coniugatis]
707 2892 874 2922 [λη-ΝΜΖ.
946 2893 1101 2930 ψ’(ιΙίίιιν
1117 2898 1176 2922 (sl.
