1966 3379
453 113 569 150 THE
600 111 899 150 DONATION
930 111 1002 150 TO
1032 111 1354 151 GOCLENIUS
1611 113 1690 150 419

119 220 282 257 ducunt
304 222 400 256 tuas
421 218 578 262 literas,
605 217 759 266 quibus
784 229 826 254 se
851 217 1065 262 muniunt,
1091 217 1260 254 missuri
1283 216 1339 254 ad
1366 220 1408 254 te
1432 221 1479 254 vt
1506 217 1692 255 firmiora
1711 225 1753 254 80

119 274 386 312 munimenta
410 273 610 322 porrigas.
661 271 875 321 Episcopii
900 271 1048 308 literae
1073 284 1243 320 quoque
1268 271 1469 320 leguntur
1497 271 1551 308 ad
1577 271 1690 309 Nan-

118 329 235 366 nium
263 327 490 377 quendam,
516 331 565 364 vt
591 326 731 371 audio,
760 326 929 375 scripte,
957 339 982 363 a
1009 325 1218 375 theologis
1246 326 1288 362 in
1315 324 1506 363 Goelenii
1534 326 1691 375 profes-

119 383 279 420 sionem
318 381 559 426 suffectum,
596 381 750 430 quibus
786 380 943 417 dicitur
982 380 1195 430 proscindi
1229 381 1418 430 optimus
1453 379 1691 426 Goclenius,

118 449 273 486 magno
306 436 473 485 aliquot
507 435 811 484 discipulorum
847 434 1004 472 dolore.
1055 433 1248 484 Optarim
1284 434 1506 472 admoneri
1539 436 1692 479 virum,

118 492 286 541 parcius
317 490 465 528 credat
499 489 654 527 inuidis
684 489 960 526 delatoribus.
1011 489 1127 526 Nihil
1158 489 1361 526 dubitant
1391 489 1443 526 de
1474 489 1693 527 seruandis
1713 497 1753 534 85

118 546 269 583 numis.
327 545 417 594 Ego
451 548 602 582 contra
637 543 862 588 contendo,
893 544 1152 581 conuincant
1187 543 1331 581 solidis
1366 543 1693 593 probationibus

119 601 394 638 donationem
416 611 504 636 esse
525 598 747 636 ficticiam:
779 599 859 635 etsi
880 598 942 635 ita
963 598 1031 643 sit,
1051 598 1225 635 heredes
1248 598 1302 635 ab
1324 599 1532 636 intestato
1554 611 1691 636 succe-

119 655 217 692 dere
239 655 280 691 in
301 653 551 703 disponendi
572 665 690 697 onus,
716 665 764 690 ac
790 652 947 690 bonam
975 657 1142 702 partem
1170 665 1259 690 esse
1286 653 1589 702 dispensatam,
1618 666 1692 690 nec

119 709 272 747 debere
293 721 335 746 se
355 708 502 746 alienis
523 708 669 745 officiis
690 707 907 744 inuoluere
928 707 1123 745 doctores
1145 707 1447 745 Vniuersitatis
1469 707 1611 745 titulo.

173 763 255 801 Sed
276 763 414 800 surdis
438 775 544 800 cano
568 761 773 799 fabulam.
825 761 1110 807 Quamobrem
1132 765 1174 799 te
1196 762 1472 799 vehementer
1492 774 1605 811 rogo,
1629 762 1694 799 vir
1712 778 1755 806 90

117 818 359 862 clarissime,
382 829 455 867 per
475 818 609 866 ipsam
626 817 865 861 veritatem,
883 829 991 865 quae
1009 829 1174 866 semper
1190 820 1348 861 manet,
1366 829 1451 866 quo
1467 816 1694 854 heredibus

118 885 194 922 pro
224 872 392 910 iusticia
420 876 463 909 et
494 871 677 909 veritate
706 871 998 921 patrocineris,
1028 872 1166 908 missis
1195 884 1247 908 ex
1279 871 1405 908 rebus
1440 871 1490 908 D.
1529 871 1695 909 Erasmi

118 927 211 964 istis
233 926 499 964 documentis
520 925 675 975 quibus
697 925 868 975 probari
889 930 965 963 aut
987 925 1164 963 refutari
1186 926 1345 975 poterit
1366 925 1556 971 donatio,
1574 927 1694 963 cuius

117 981 360 1031 exemplum
382 981 521 1018 mitto.
572 979 614 1017 Si
635 993 736 1018 vero
757 980 877 1018 nulla
897 984 1060 1026 extent,
1082 980 1137 1017 ad
1160 980 1495 1018 Vniuersitatem
1513 980 1694 1018 scribere

118 1036 300 1085 digneris
325 1039 367 1073 te
392 1035 667 1073 donationem
697 1035 840 1084 (modo
868 1035 984 1072 illam
1013 1035 1179 1073 Erasmi
1208 1048 1337 1073 manu
1366 1035 1624 1085 descriptam
1651 1039 1695 1073 et
1713 1050 1755 1080 95

119 1091 316 1128 Termino
337 1103 412 1127 suo
426 1090 637 1128 munitam
654 1090 946 1139 cognouerint)
964 1102 1040 1140 pro
1056 1090 1248 1139 equitate
1265 1103 1350 1128 non
1372 1090 1694 1140 impediturum,

118 1158 194 1183 nec
227 1157 398 1182 causam
430 1158 519 1182 esse
552 1144 660 1182 velle
695 1144 868 1190 dissidii,
905 1157 991 1194 quo
1026 1145 1182 1182 iniuste
1217 1149 1450 1194 grauentur
1485 1157 1695 1194 pauperes

120 1200 294 1237 heredes
330 1199 379 1237 D.
417 1198 615 1244 Goclenii,
652 1200 806 1236 summi
839 1200 930 1237 viri.
983 1200 1066 1237 Pro
1098 1200 1180 1237 isto
1217 1203 1293 1237 tuo
1329 1200 1464 1237 officio
1499 1199 1695 1237 Christus

120 1254 324 1304 rependet
348 1255 569 1303 premium,
592 1254 671 1303 ipsi
692 1266 793 1291 vero
817 1254 1001 1292 referent
1024 1255 1221 1303 gratiam,
1243 1267 1373 1304 quam
1399 1254 1472 1292 diu
1494 1255 1692 1292 vixerint.

119 1308 255 1355 Quam
277 1309 459 1358 indignis
475 1309 612 1346 modis
628 1321 692 1346 res
709 1309 861 1358 optimi
878 1309 958 1346 viri
978 1313 1165 1346 tractate
1186 1310 1285 1354 sint,
1304 1321 1446 1346 coram
1463 1309 1695 1358 aliquando
1718 1324 1779 1345 100

119 1363 265 1401 audies
285 1367 329 1401 et
350 1363 631 1401 detestaberis
653 1363 888 1401 multorum
911 1363 1132 1413 perfidiam
1154 1368 1198 1401 et
1218 1364 1555 1414 improbitatem.

174 1417 389 1468 Scripsisti
404 1418 635 1467 aliquando
649 1418 703 1455 ad
718 1418 768 1455 D.
784 1417 1033 1456 Goelenium
1048 1418 1100 1456 de
1115 1419 1346 1468 repetendo
1359 1418 1475 1468 apud
1492 1418 1695 1456 Schetum

119 1473 336 1510 Erasmico
370 1473 575 1522 deposito.
627 1472 759 1518 Quale
789 1472 894 1510 illud
925 1474 981 1510 sit
1010 1477 1054 1510 et
1084 1473 1188 1523 quid
1218 1474 1425 1524 receperit
1454 1472 1694 1518 Goelenius,

119 1540 195 1565 nos
218 1528 472 1577 ignoramus
525 1526 720 1565 Debebat
736 1531 936 1565 mutuum
958 1527 1160 1566 Goelenio
1185 1527 1346 1579 Caspar
1370 1527 1562 1574 Schetus,
1585 1527 1696 1566 filius

120 1582 286 1620 Erasmi
326 1581 481 1619 Scheti.
533 1582 646 1620 Illud
687 1595 764 1620 nos
799 1595 954 1632 magna
993 1583 1247 1620 difficultate
1286 1584 1557 1628 extorsimus,
1594 1596 1695 1620 nam
1718 1596 1778 1627 105

120 1637 402 1686 obligationes
423 1637 595 1675 fuerant
620 1642 852 1687 surreptae.
904 1637 1080 1675 Carolus
1106 1638 1292 1675 Harstus
1316 1641 1463 1676 noster
1488 1650 1623 1688 nuper
1643 1650 1695 1675 ex

120 1691 349 1741 Hispaniis,
383 1691 454 1729 vbi
487 1692 688 1741 principis
720 1693 857 1729 nostri
889 1691 1095 1730 Cliuensis
1127 1693 1242 1742 apud
1277 1692 1471 1730 Cesarem
1506 1692 1696 1742 legatum

119 1747 220 1796 agit,
251 1746 306 1783 ad
336 1759 413 1783 nos
443 1747 612 1796 scripsit
642 1746 693 1783 de
720 1748 1037 1786 commentariis
1064 1747 1115 1784 D.
1145 1747 1334 1785 Goelenii
1361 1748 1405 1785 in
1433 1747 1696 1793 Terentium,

119 1813 280 1838 mernor
300 1802 532 1850 compatris
553 1802 617 1839 sui
643 1801 871 1851 Episcopii.
922 1801 1003 1840 Sed
1031 1814 1176 1840 omnes
1197 1803 1278 1839 viri
1306 1802 1473 1840 labores
1500 1802 1697 1840 distracti

119 1859 232 1893 sunt.
284 1855 397 1893 Puto
419 1859 564 1893 tamen
586 1856 769 1905 quedam
792 1857 835 1893 in
856 1860 955 1894 tuto
976 1869 1077 1902 esse,
1099 1870 1181 1906 que
1206 1857 1441 1906 aliquando
1465 1857 1697 1895 Frobenios
1720 1871 1780 1892 110

119 1910 316 1947 inuisent.
368 1910 548 1948 Iohanni
584 1911 787 1948 Vlatteno
826 1911 990 1949 dudum
1031 1924 1082 1949 ex
1126 1912 1392 1962 Principibus
1428 1912 1697 1950 Electoribus

120 1964 263 2002 reduci
287 1964 418 2010 adfui,
448 1965 611 2014 tibique
639 1966 869 2004 officiosam
897 1966 1082 2004 salutem
1111 1967 1287 2004 asscribi
1314 1967 1449 2004 iussit.
1500 1966 1697 2005 Conrado

121 2019 409 2057 Heresbachio
430 2021 588 2069 negotii
610 2024 774 2058 statum
799 2022 1001 2070 aperiam,
1023 2034 1098 2058 nec
1120 2021 1275 2060 dubito
1299 2021 1420 2059 illum
1446 2021 1696 2059 additurum

119 2073 174 2111 ad
196 2078 238 2112 te
260 2074 416 2112 literas.
459 2074 535 2119 Tu,
558 2075 838 2113 clarissimum
861 2076 1022 2125 reipub.
1053 2081 1370 2121 ornamentum,
1397 2076 1500 2114 felix
1526 2077 1568 2114 in
1593 2076 1695 2114 Nes-

121 2132 259 2166 toreos
286 2142 421 2167 annos
442 2129 550 2174 vale,
579 2130 785 2179 nobisque
813 2130 892 2168 hoc
920 2131 1087 2176 nuncio,
1116 2144 1242 2180 quem
1271 2131 1544 2181 peculiariter
1570 2131 1626 2168 ad
1654 2134 1697 2168 te
1721 2143 1779 2173 115

119 2184 322 2229 misimus,
345 2184 448 2233 quid
470 2185 640 2230 sentias,
663 2185 856 2222 rescribe.

174 2238 353 2276 Louanii
375 2239 425 2276 28
447 2238 618 2277 Octobr.
641 2239 765 2277 Anno
785 2244 865 2277 etc.
890 2251 952 2289 39.

818 2295 865 2333 E.
890 2295 936 2332 Τ.
961 2295 1010 2332 D.
1035 2295 1162 2333 cliens
1185 2295 1367 2333 Ioannes
1389 2295 1639 2333 Altenanus.

170 2466 231 2500 On
258 2478 282 2500 a
306 2467 413 2500 loose
437 2467 517 2501 leaf
543 2468 679 2510 (Basle
704 2469 786 2502 MS.
813 2470 855 2504 C.
884 2470 974 2503 VIa.
1003 2478 1061 2512 71.
1087 2473 1170 2513 117)
1198 2470 1229 2503 is
1255 2481 1277 2503 a
1305 2469 1537 2514 postscript,
1563 2469 1604 2502 in
1629 2467 1699 2503 the

120 2515 229 2549 hand
249 2516 290 2549 of
310 2516 547 2550 Altenanus.

176 2598 278 2636 Fere
301 2598 613 2637 subuertissent
630 2600 804 2649 quidam
822 2602 976 2650 impuri
993 2602 1116 2638 amici
1135 2602 1184 2638 D.
1203 2601 1391 2638 Goolenii
1414 2601 1697 2638 hereditatem

120 2657 295 2703 propter
323 2654 521 2691 inuentos
549 2655 589 2691 in
622 2668 698 2692 sua
730 2655 988 2693 bibliotheca
1020 2656 1362 2693 Melanchthonis
1391 2655 1554 2692 libellos
1584 2655 1695 2693 Vite·
1720 2672 1780 2693 120

122 2708 247 2756 berge
269 2709 505 2757 impressos,
523 2710 595 2757 qui
618 2709 682 2746 hic
704 2711 954 2755 grauissimo
976 2710 1117 2747 edicto
1141 2710 1341 2759 prohibiti
1365 2714 1477 2750 sunt,
1497 2715 1539 2747 et
1556 2710 1696 2747 adhuc

122 2763 389 2807 minitantur,
413 2763 445 2799 si
469 2763 642 2800 heredes
664 2763 719 2801 ad
741 2765 1035 2813 purgationem
1059 2765 1343 2814 descriptores
1366 2764 1574 2801 bonorum
1598 2765 1694 2802 ade-

120 2818 271 2865 gerint.
331 2817 589 2854 Crediderim
618 2818 778 2855 inuidia
805 2824 1029 2856 exoeeatos
1058 2819 1183 2856 malle
1213 2819 1360 2856 fiscum
1383 2819 1548 2856 auferre
1572 2832 1694 2868 pecu-

121 2871 235 2908 niam
257 2884 386 2921 quam
410 2871 583 2909 heredes
604 2872 687 2909 frui
709 2872 855 2910 debita
876 2873 1125 2912 hereditate.
1187 2873 1372 2911 Abiicias
1395 2874 1435 2910 in
1459 2874 1610 2923 ignem.

778 2969 832 2998 99.
860 2961 937 3001 ipse
956 2960 1037 2992 MS.
