1966 3379
225 127 276 163 90
654 125 911 164 LETTERS
942 126 1012 164 or
1043 125 1309 165 ERASMUS
1669 129 1789 176 [1532

187 246 205 276 5
226 245 376 268 causae
408 232 605 275 officeret,
637 231 819 280 denique
852 231 945 268 aliis
973 244 1095 281 agere
1128 231 1372 269 volentibus
1402 231 1567 269 aditum
1600 232 1789 281 praeclu-

225 287 356 323 deret.
418 286 472 323 At
506 298 590 322 non
620 286 730 323 idem
763 286 850 323 fieri
882 286 991 323 solet
1023 288 1063 323 in
1100 286 1401 336 philosophicis
1437 286 1712 331 orationibus,
1749 287 1790 323 in

226 341 380 389 quibus
402 340 565 377 tamdiu
592 340 871 389 proferendus
892 346 957 378 est
979 354 1116 378 sermo
1137 354 1266 389 quam
1296 341 1365 377 diu
1393 341 1564 378 auditor
1593 341 1792 378 alacriter

228 396 369 432 haurit
397 408 446 432 ea
475 407 582 444 quae
611 395 824 439 dicuntur,
854 397 1104 444 praesertim
1136 397 1169 432 si
1201 408 1308 444 quae
1337 395 1538 432 dicuntur
1566 395 1791 433 conferunt

226 450 294 491 vel
323 450 377 487 ad
414 449 627 486 liberalem
664 450 946 487 eruditionem
979 450 1045 487 vel
1077 450 1129 487 ad
1162 451 1266 487 bene
1304 450 1511 498 beateque
1545 450 1789 487 viuendum.

170 519 207 539 10
227 504 380 553 Itaque
406 517 609 554 perquam
638 504 853 554 eleganter
882 505 1006 542 Plato
1028 505 1328 542 Antisthenen]
1354 504 1558 554 prolixius
1586 505 1790 542 disseren-

226 565 312 596 tem
335 559 560 596 admonuit
583 559 646 596 his
665 559 827 596 verbis:
862 559 1038 603 Videris,
1062 560 1213 608 inquit,
1238 560 1430 607 ignorare
1452 559 1565 608 quod
1589 560 1791 596 orationis

228 614 378 651 modus
406 627 490 651 non
519 618 582 651 est
611 615 644 651 is
672 615 744 663 qui
772 613 888 659 dicit,
918 614 989 651 sed
1018 615 1051 651 is
1080 615 1151 663 qui
1179 614 1314 652 audit.
1374 613 1438 651 Sic
1469 618 1512 651 et
1542 613 1792 659 Carneades,

226 681 357 717 quum
380 673 491 705 esset
515 670 553 705 in
575 669 821 706 disserendo
844 669 1041 713 vocalior,
1061 669 1306 706 admonitus
1328 673 1393 705 est
1410 681 1434 706 a
1451 670 1659 717 gymnasii
1682 669 1790 718 prin-

225 724 316 772 cipe
347 728 394 760 vt
425 736 571 761 vocem
603 723 865 760 moderatius
900 729 1138 773 promeret:
1180 724 1251 760 sed
1288 736 1420 772 quum
1456 723 1524 760 ille
1560 736 1584 760 a
1619 736 1792 772 gymna-

171 791 206 820 15
226 778 391 815 siarcha
413 782 579 827 peteret
602 782 649 815 vt
671 778 749 815 sibi
771 778 1077 828 praescriberet
1104 778 1291 823 niodum,
1320 791 1421 815 sane
1443 790 1571 826 quam
1600 779 1794 827 apposite

230 832 460 882 respondit,
485 833 633 870 Isthuc
655 832 769 881 quod
791 846 815 869 a
838 846 902 870 me
926 834 1046 882 petis,
1075 834 1231 870 rectius
1259 845 1399 870 sumes
1428 832 1482 870 ab
1510 832 1791 870 auditoribus

284 887 375 924 Iam
398 887 591 924 videmus
613 887 822 936 quosdam
845 900 930 924 non
948 887 1193 937 clepsydris,
1209 887 1281 924 sed
1303 887 1633 937 clepsammidiis
1656 888 1795 924 metiri

228 943 485 979 conuiuium.
547 942 638 979 Hoc
676 946 723 979 vt
763 942 901 979 fateor
936 943 989 979 ad
1026 942 1286 991 frugalitatis
1327 942 1594 991 disciplinam
1631 942 1796 979 vtiliter

229 997 329 1041 fieri,
353 1001 483 1046 atque
505 998 634 1034 etiam
658 998 904 1041 necessario,
927 997 1143 1034 duntaxat
1164 997 1278 1046 apud
1307 1009 1377 1034 eos
1399 998 1471 1046 qui
1499 998 1691 1034 nesciunt
1722 1009 1794 1034 vn-

169 1065 209 1086 20
229 1065 356 1101 quam
380 1065 404 1089 a
426 1065 571 1089 mensa
593 1064 774 1101 surgere,
798 1053 876 1089 nisi
900 1052 1143 1089 hirudinum
1168 1053 1253 1089 ritu
1275 1053 1332 1089 sic
1355 1052 1532 1089 distenti
1551 1057 1599 1089 vt
1621 1056 1793 1088 tantum

229 1119 311 1144 non
334 1111 508 1156 crepent
529 1119 576 1144 ac
599 1106 811 1143 dissiliant
828 1120 834 1143 :
867 1107 928 1144 ita
946 1119 1030 1144 non
1048 1108 1306 1151 conueniret,
1325 1107 1489 1156 opinor,
1507 1107 1542 1143 ei
1565 1108 1637 1155 qui
1655 1106 1795 1143 lautos

228 1166 271 1199 et
292 1161 506 1211 elegantes
529 1161 718 1198 homines
740 1162 929 1198 suauiter
950 1163 1140 1211 excipere
1162 1161 1316 1199 vellet:
1350 1161 1422 1199 sed
1444 1161 1555 1198 hunc
1581 1165 1797 1211 oporteret

228 1221 462 1266 apparatus
495 1216 668 1253 modum
701 1229 726 1253 a
760 1217 1040 1253 conuiuarum
1072 1218 1189 1254 orexi
1220 1221 1376 1266 petere.
1436 1216 1494 1253 At
1529 1229 1605 1265 ego
1641 1217 1682 1253 in
1720 1216 1797 1253 hoc

228 1275 480 1319 argumento
515 1271 803 1308 conuiuatoris
834 1284 1057 1320 personam
1091 1271 1220 1315 indui,
1252 1284 1299 1308 ac
1331 1275 1610 1321 posteaquam
1643 1283 1798 1308 coenae

170 1337 208 1367 25
230 1331 296 1363 tot
312 1327 547 1363 instructae
565 1325 774 1370 missibus,
793 1330 899 1374 quot
915 1331 1037 1363 actus
1052 1327 1364 1375 permittuntur
1380 1325 1635 1370 comoediae,
1652 1338 1796 1363 secun-

229 1380 304 1418 das
322 1393 490 1417 mensas
512 1393 597 1417 non
615 1381 788 1417 omnino
810 1381 972 1417 ieiunas
993 1380 1243 1425 adieceram,
1266 1380 1369 1418 mihi
1392 1380 1568 1417 videbar
1590 1381 1646 1417 sic
1668 1381 1798 1429 egisse

230 1440 373 1485 partes
396 1448 509 1472 meas
531 1439 592 1479 vt,
615 1436 649 1472 si
670 1448 754 1472 non
777 1435 978 1472 Lucullus
1000 1436 1223 1485 quispiam,
1241 1440 1355 1472 certe
1376 1435 1562 1472 mundus
1583 1448 1630 1472 ac
1654 1435 1798 1472 lautus

230 1489 426 1539 ἑστιάτωρ
444 1490 578 1527 videri
600 1502 765 1539 possem
784 1503 790 1527 :
824 1494 953 1539 atque
975 1490 1081 1527 adeo
1103 1490 1348 1528 metuebam
1369 1503 1419 1527 ne
1441 1489 1556 1540 apud
1577 1489 1796 1539 frugalita-

230 1546 286 1582 tis
316 1550 530 1582 amatores
561 1545 686 1582 citius
718 1544 911 1582 luxuriae
947 1557 1075 1594 quam
1112 1545 1298 1582 sordium
1332 1546 1490 1582 crimen
1526 1545 1795 1582 incurrerem.

170 1611 211 1641 30
231 1599 387 1637 Verum
419 1599 679 1648 simulatque
710 1599 869 1649 prodiit
900 1612 1018 1649 opus,
1048 1604 1174 1637 tanta
1206 1599 1415 1637 auiditate
1449 1599 1705 1637 distractum
1733 1603 1799 1636 est

231 1659 280 1692 vt
304 1655 501 1704 protinus
529 1667 554 1692 a
581 1654 854 1704 typographo
881 1655 1067 1704 coeperit
1094 1654 1315 1704 efflagitari
1344 1654 1495 1699 denuo,
1525 1655 1612 1691 siue
1641 1654 1705 1691 hic
1734 1658 1799 1691 est

231 1710 484 1759 argumenti,
508 1710 609 1753 siue,
633 1709 747 1758 quod
770 1710 903 1759 magis
928 1709 1125 1754 arbitror,
1152 1714 1264 1753 tuus,
1291 1710 1560 1746 ornatissime
1584 1709 1797 1758 Princeps,

230 1765 389 1813 genius,
412 1777 538 1813 quem
560 1763 813 1801 confidimus
836 1777 920 1801 non
937 1764 1073 1801 solum
1092 1764 1243 1802 ditioni
1261 1769 1359 1801 tuae
1382 1764 1453 1801 sed
1476 1768 1517 1801 et
1541 1763 1693 1801 studiis
1710 1763 1799 1800 fore

230 1819 406 1856 felicem.
468 1819 622 1868 Itaque
644 1818 856 1868 prioribus
874 1831 946 1856 sex
965 1818 1081 1856 libris
1098 1820 1323 1868 recognitis
1341 1823 1383 1856 et
1397 1820 1546 1863 auctis,
1571 1818 1799 1855 adiecimus

171 1884 211 1914 35
231 1874 350 1918 duos
374 1886 480 1922 quos
503 1878 557 1911 tu
586 1873 652 1911 vel
682 1874 990 1924 postcoenium,
1014 1874 1079 1910 vel
1102 1878 1316 1923 pomenta,
1346 1874 1433 1911 siue
1462 1872 1798 1921 ἐπιδορπίσματα,

231 1929 264 1965 si
286 1928 401 1973 libet,
425 1941 577 1966 vocare
600 1929 771 1978 poteris,
794 1941 845 1966 ne
862 1941 886 1966 a
903 1929 1088 1966 conuiuii
1106 1928 1357 1978 metaphora
1375 1928 1631 1967 recedamus.
1683 1927 1798 1964 Vale.

608 2072 736 2110 2712.
803 2069 939 2109 FROM
964 2069 1120 2109 ENNIO
1144 2068 1425 2109 FILONARDI.

283 2159 451 2193 Breslau
471 2159 552 2193 MS.
574 2159 704 2193 Rehd.
728 2170 809 2204 254.
834 2168 914 2204 147.
1461 2159 1650 2192 Lucerne.

282 2209 381 2242 EE2.
407 2219 486 2253 104.
1348 2219 1366 2241 2
1389 2207 1624 2252 September
1647 2217 1751 2250 1532.

277 2275 349 2313 [An
368 2276 519 2315 original
538 2268 658 2311 letter,
677 2277 825 2306 written
843 2276 892 2316 by
909 2286 930 2306 a
947 2279 1131 2316 secretary
1147 2275 1221 2306 and
1239 2275 1365 2315 signed
1385 2275 1433 2315 by
1452 2275 1514 2306 the
1531 2275 1682 2315 Bishop.
1732 2274 1812 2304 For·

234 2319 431 2356 Filonardi,
450 2330 509 2350 see
527 2320 595 2360 Ep.
618 2321 698 2350 1282
717 2319 869 2358 introd.]

289 2379 706 2417 EXCELLENTISSIME
736 2384 780 2417 et
811 2379 1180 2417 Reuerendissime
1209 2379 1401 2424 Domine,
1432 2384 1640 2428 tanquam
1668 2378 1803 2416 frater

236 2434 513 2471 obseruande.

291 2489 685 2526 Reuerendissimae
707 2489 756 2526 D.
783 2489 828 2526 V.
854 2489 999 2526 literas
1027 2489 1182 2539 accepi,
1205 2501 1314 2538 quae
1340 2501 1417 2538 pro
1442 2501 1559 2525 more
1584 2488 1686 2525 mihi
1711 2500 1802 2536 gra-

236 2544 423 2580 tissimae
455 2543 640 2581 fuerunt.
701 2543 782 2581 Sed
811 2557 907 2581 cum
938 2556 989 2580 ex
1021 2545 1079 2581 eis
1110 2543 1316 2581 nonnulla
1346 2543 1640 2592 perpenderim
1673 2542 1804 2579 literis

198 2610 216 2639 5
237 2597 351 2635 haud
384 2598 563 2635 libenter
593 2598 839 2636 mandanda
867 2602 910 2636 et
938 2611 1051 2636 nunc
1080 2599 1207 2635 variis
1238 2597 1510 2647 praepeditus
1539 2597 1730 2646 negotiis,
1761 2597 1803 2632 in

237 2652 353 2690 aliud
376 2657 546 2702 tempus
569 2653 718 2690 differo
740 2653 1095 2702 respondendum.

292 2707 342 2744 D.
381 2707 624 2751 Henricum,
657 2708 795 2745 virum
832 2708 1264 2751 consumatissimum,
1294 2706 1400 2744 mihi
1431 2706 1612 2744 antehac
1643 2706 1803 2755 optime

237 2762 452 2811 cognitum
484 2774 532 2799 eo
563 2761 765 2799 libentius
787 2762 873 2799 vidi
902 2766 946 2800 et
977 2762 1199 2812 amplexus
1227 2774 1320 2799 sum
1349 2773 1446 2810 quo,
1477 2761 1588 2798 vltra
1618 2773 1667 2797 ea
1695 2772 1804 2809 quae

283 2894 378 2924 2711.
422 2903 472 2924 10.
515 2894 792 2932 Antisthenern]
838 2894 984 2934 Apoph-
1099 2894 1196 2925 2712.
1215 2903 1244 2933 7.
1261 2893 1478 2930 Henricum]
1496 2892 1719 2927 Glareanus;
1745 2901 1804 2922 see

238 2938 423 2977 theymata.
473 2937 545 2967 LB.
562 2938 608 2968 iv.
626 2947 698 2977 334.
716 2948 777 2968 xx.
1055 2937 1329 2969 Claronensium
1347 2937 1382 2967 in
1402 2937 1422 2967 l.
1441 2947 1472 2974 9.

286 2991 334 3012 12.
361 2981 581 3019 Carneades]
599 2981 702 3021 Diog.
722 2982 844 3012 Laert.
863 2993 893 3022 4.
912 2992 944 3019 9.
