1966 3379
315 88 475 128 FROM
505 87 696 126 FRANZ
727 85 927 125 RITIUS
957 85 994 123 A
1024 84 1486 124 SPRINZENSTEIN
1612 84 1687 121 371

121 92 242 141 2917]

120 195 212 231 viro
251 193 509 237 doctissimo,
546 204 632 229 non
671 192 815 241 potius
851 189 1015 227 tedium
1051 189 1200 226 afferre
1236 201 1365 238 quam
1400 193 1443 226 te
1479 187 1691 225 delectare

120 249 271 299 possit)
308 260 471 296 nequeo
506 247 610 284 satis
650 246 804 283 mirari.
865 243 1041 282 Gaudeo
1078 248 1224 281 tamen
1260 256 1398 280 meam
1434 241 1690 291 singularem

119 315 220 352 erga
249 307 300 339 te>
323 301 666 339 beneuolentiam
697 304 1032 350 perpetuamque
1063 298 1382 335 obseruantiam
1413 298 1474 334 ita
1502 296 1618 346 apud
1648 300 1691 333 te

120 370 210 394 esse
242 360 512 406 perspectam
545 356 844 404 cognitamque
875 357 920 390 et
951 357 1173 401 acceptam
1208 356 1257 388 vt
1287 351 1367 388 tibi
1398 364 1514 388 meas
1545 350 1691 388 literas

121 411 237 449 haud
257 412 446 460 ingratas
466 410 557 448 fore
579 409 790 447 ostendas,
850 407 1020 445 Curabo
1049 407 1178 456 igitur
1206 405 1366 449 sedulo,
1391 418 1486 442 cum
1516 404 1619 453 quid
1649 409 1691 442 te
1712 414 1753 444 30

120 466 295 515 dignum
331 465 531 509 habuero,
567 468 616 501 vt
651 468 724 500 tue
756 462 939 500 satisfiat
974 461 1186 511 petitioni,
1222 461 1284 497 ita
1324 465 1471 497 tamen
1512 464 1560 496 vt
1600 460 1692 496 viro

119 520 369 570 grauissimo
402 523 534 568 atque
567 518 892 567 occupatissimo
926 517 1030 553 meis
1062 515 1233 565 ineptiis
1265 515 1443 552 nimium
1479 526 1575 563 sepe
1608 525 1693 550 non

121 575 199 612 sim
222 574 440 611 molestus.

176 629 226 666 In
248 629 351 666 meis
373 628 504 665 literis
529 627 635 665 Velii
660 627 919 664 mentionem
948 625 1042 662 ideo
1070 638 1155 662 non
1184 624 1275 669 feci,
1301 623 1416 673 quod
1446 636 1529 667 eas,
1559 622 1692 672 pridie

121 688 354 732 antequam
393 696 445 720 ex
486 681 725 732 Oeniponte
761 680 1033 725 discederem,
1070 684 1351 729 posteaquam
1392 678 1540 715 aulicis
1580 677 1753 716 vale-35

122 738 333 782 dixissem,
358 737 517 774 cursori
539 750 581 773 se
602 740 776 786 repente
801 735 856 772 ad
884 736 967 772 iter
991 734 1227 783 accingenti
1256 734 1387 770 inscio
1416 732 1534 770 Velio
1565 732 1619 768 ad
1651 736 1692 769 te

121 792 229 829 dedi.
291 791 489 829 Pontifex
520 791 725 828 ducatum
758 790 907 827 Vrbini
937 789 1024 826 filio
1055 790 1162 838 regis
1196 788 1457 825 Francorum
1488 799 1564 836 pro
1593 786 1693 823 dote

122 847 264 896 neptis
290 847 496 896 promisit.
557 845 690 891 Quem
713 845 918 882 ducatum
940 857 1037 881 cum
1059 844 1147 881 dux
1171 843 1422 880 Franciscus
1448 841 1583 879 Maria
1605 841 1694 889 (qui

123 902 282 939 citatus
303 901 493 938 nondum
516 900 652 938 Rome
674 900 930 948 comparuit)
952 898 1092 936 adhuc
1116 897 1344 948 possideat,
1368 896 1607 934 timendum
1629 900 1694 932 est

121 968 282 993 nouum
313 960 444 1004 atque
476 954 732 992 horrendum
762 953 920 991 bellum
944 954 986 990 in
1008 953 1137 990 Italia
1162 953 1371 990 futurum.
1431 950 1609 988 Accedit
1640 950 1694 987 ad
1714 959 1756 990 40

122 1010 201 1048 hoc
223 1010 339 1059 quod
367 1010 658 1047 serenissimus
679 1010 912 1058 imperator
940 1009 1107 1045 comitis
1134 1006 1367 1045 Concordie
1397 1011 1540 1055 (quem
1568 1010 1695 1042 antea

122 1077 197 1114 per
217 1065 404 1109 insidias
422 1065 545 1102 affine
567 1065 739 1112 eiusque
761 1063 847 1100 filio
865 1062 1095 1107 trucidato,
1114 1062 1289 1112 opidum
1310 1065 1354 1098 et
1376 1073 1515 1098 arcem
1539 1060 1694 1097 Miran-

122 1119 220 1157 dule
242 1131 470 1169 occupasse
491 1119 655 1168 scripsi)
685 1117 943 1156 horrendum
970 1130 1018 1154 ac
1046 1116 1324 1167 nephandum
1352 1116 1518 1153 facinus
1546 1116 1607 1152 ita
1635 1115 1694 1151 in-

122 1173 247 1224 digne
264 1173 368 1211 tulit
384 1178 433 1211 vt
450 1177 618 1211 tantam
636 1168 834 1210 iniuriam
852 1172 968 1210 haud
985 1172 1167 1209 inultam
1185 1183 1355 1208 manere
1373 1170 1490 1207 velit.
1538 1169 1696 1206 Iccirco

122 1229 362 1266 timendum
383 1233 448 1266 est
470 1228 589 1265 illum
612 1227 823 1265 latronem
845 1227 1140 1277 desperatione
1157 1227 1335 1263 ductum
1353 1237 1442 1263 sese
1463 1224 1695 1275 perditissi-
1716 1232 1757 1264 45

122 1284 201 1320 mis
223 1283 466 1320 hominibus
483 1282 786 1320 adiuncturum
804 1286 946 1331 atque,
965 1294 1061 1318 cum
1081 1294 1186 1331 pene
1203 1279 1533 1330 inexpugnabile
1550 1283 1698 1316 teneat

122 1337 338 1387 oppidum,
360 1337 482 1375 nobis
504 1337 696 1375 nonnihil
718 1337 876 1386 negotii
898 1337 1126 1374 facturum.

177 1391 397 1430 Cornelius
427 1397 573 1429 noster
603 1392 826 1442 Duplicius
856 1404 992 1441 nuper
1015 1404 1039 1428 a
1065 1391 1331 1428 serenissimo
1362 1402 1457 1439 rege
1488 1388 1696 1427 Constan-

122 1447 349 1497 tinopolim
377 1447 432 1484 ad
463 1447 699 1484 Turcarum
729 1447 1029 1496 imperatorem
1055 1446 1252 1483 remissus
1274 1449 1351 1483 est.
1410 1444 1544 1490 Quem
1575 1456 1698 1493 spero

123 1514 205 1551 que
227 1502 306 1539 tibi
327 1505 370 1539 et
392 1501 514 1539 bonis
535 1501 733 1539 omnibus
755 1501 986 1551 placebunt
1008 1504 1346 1551 reportaturum.
1719 1507 1760 1537 50

178 1556 241 1594 De
263 1556 473 1594 discordia
489 1555 685 1601 Guielmi,
703 1556 822 1594 ducis
839 1555 1032 1601 Bauarie,
1050 1568 1146 1593 cum
1169 1555 1420 1605 landgrauio
1442 1553 1698 1591 Hessionum

123 1624 200 1661 pro
224 1612 499 1648 restitutione
527 1610 695 1661 expulsi
722 1610 851 1654 ducis,
870 1611 1280 1660 VVirtembergensis,
1302 1609 1440 1658 deque
1462 1608 1699 1646 numeratis

122 1665 310 1704 eiusdem
339 1666 505 1715 expulsi
532 1665 619 1703 filio
644 1665 907 1703 Christofero
935 1678 1008 1714 per
1036 1664 1234 1703 Cesareos
1263 1676 1371 1714 4000
1399 1664 1579 1708 florenis,
1607 1663 1697 1700 the-

123 1733 334 1770 sauroque
369 1720 424 1758 ab
459 1720 730 1758 Vlmensibus
770 1721 807 1758 ei
848 1721 1063 1765 restituto,
1098 1720 1198 1769 quia
1234 1732 1259 1757 a
1294 1719 1466 1757 domino
1500 1719 1699 1768 episcopo

124 1775 386 1825 Augustensi
406 1775 475 1813 vel
497 1775 740 1825 praeposito
761 1774 941 1812 Cholero
963 1779 1004 1812 te
1027 1775 1251 1812 certiorem
1272 1774 1438 1812 factum
1460 1785 1550 1811 esse
1578 1777 1697 1822 puto,
1719 1781 1759 1811 55

123 1831 240 1867 inani
262 1843 454 1868 sermone
477 1829 576 1867 nolo
598 1829 677 1867 tibi
698 1842 787 1867 esse
810 1829 1029 1867 molestus.

178 1884 375 1922 Ceterum
412 1886 495 1922 iam
532 1884 702 1934 elapsus
740 1889 806 1922 est
845 1885 1000 1922 mensis
1040 1884 1155 1933 quod
1196 1883 1467 1922 Stucardiam
1509 1883 1605 1920 veni
1645 1882 1700 1919 ad

123 1939 274 1976 ducem
297 1939 557 1989 Philippum,
581 1940 654 1988 qui
679 1944 723 1989 4Ο
748 1944 847 1989 post
875 1952 1018 1976 meum
1049 1939 1289 1977 aduentum
1321 1939 1388 1976 die
1419 1938 1613 1976 discessit
1645 1937 1700 1974 ad

123 1995 285 2031 curiam
308 1994 589 2044 profecturus.
650 1993 780 2032 Cuius
803 1994 989 2032 reditum
1012 2007 1108 2031 cum
1132 2007 1198 2032 me
1221 1995 1262 2031 in
1286 1994 1363 2031 hac
1386 1993 1608 2043 prouincia
1630 2004 1698 2029 ex-

123 2053 295 2098 pectare
326 2053 538 2098 oporteat,
571 2050 709 2098 recepi
742 2061 808 2086 me
842 2049 1096 2098 Tubingam‚
1129 2050 1171 2086 in
1202 2049 1343 2086 locum
1374 2047 1575 2085 videlicet
1606 2051 1699 2084 tum
1720 2053 1762 2082 60

123 2105 230 2140 situs
259 2104 494 2141 amenitate
520 2107 613 2140 tum
635 2105 742 2141 aeris
764 2104 969 2153 temperie
991 2108 1085 2141 tum
1108 2105 1238 2141 etiam
1262 2115 1404 2141 rerum
1427 2103 1548 2152 copia
1570 2106 1701 2150 atque

124 2158 343 2195 hominum
366 2159 691 2196 conuersatione
713 2158 1107 2196 commodissimum
1128 2163 1171 2196 et
1195 2158 1575 2202 iucundissimum3
1603 2156 1700 2193 hinc

945 2286 1001 2316 his
1014 2286 1120 2316 uncle
1132 2285 1232 2316 John
1246 2286 1395 2315 Francis
1409 2284 1482 2314 and
1496 2284 1552 2314 his
1564 2283 1702 2314 uncle’s

945 2339 1010 2360 son
1027 2330 1168 2365 Albert,
1184 2329 1303 2360 seized
1317 2329 1381 2359 the
1394 2328 1518 2368 duchy
1531 2327 1604 2358 and
1618 2327 1701 2357 held

945 2374 974 2404 it
996 2373 1093 2404 until
1114 2374 1208 2413 1548,
1229 2373 1335 2403 when
1356 2373 1401 2403 he
1422 2371 1589 2411 resigned
1612 2371 1641 2401 it
1662 2375 1702 2400 to

945 2418 1009 2448 the
1033 2417 1173 2448 French
1195 2418 1232 2447 in
1253 2417 1441 2455 exchango
1462 2416 1518 2445 for
1538 2414 1644 2444 lands
1664 2415 1701 2444 of

945 2461 1052 2501 equal
1071 2461 1179 2491 value
1197 2462 1233 2491 in
1253 2461 1404 2491 Franco.
1454 2459 1574 2497 *ti-551.

989 2514 1042 2545 42.
1070 2505 1270 2542 trucidato]
1290 2505 1354 2535 See
1372 2504 1442 2543 Ep.
1464 2508 1559 2539 2900.
1579 2511 1658 2541 33n.

168 2286 220 2324 38.
247 2286 384 2325 neptis]
396 2285 592 2315 catherine
606 2286 643 2315 of
657 2285 787 2316 Medici
801 2296 876 2316 was

122 2329 280 2359 married
303 2333 342 2359 to
369 2329 508 2369 Henry,
530 2329 628 2359 duke
650 2330 687 2359 of
711 2329 875 2365 Orleans,

122 2376 162 2403 at
187 2372 385 2403 Marscilles
410 2382 455 2403 on
482 2374 522 2402 28
548 2372 628 2403 Oct.
656 2382 750 2412 1533.
798 2373 876 2404 The

122 2417 261 2447 cession
275 2417 312 2446 of
330 2416 472 2446 Urbino
486 2416 574 2453 (and
589 2426 680 2447 even
694 2417 731 2447 of
749 2417 878 2453 Milan)

123 2470 197 2491 was
217 2460 405 2490 dismissed
428 2464 467 2490 at
491 2460 688 2490 Marseilles
710 2461 876 2491 between

123 2504 187 2534 the
202 2504 302 2544 Pope
316 2504 389 2534 and
408 2504 557 2533 Francis
572 2512 595 2534 1.
632 2504 749 2534 There
763 2505 879 2535 exists

123 2548 187 2578 the
205 2547 306 2578 draft
323 2548 359 2578 of
380 2558 402 2577 a
419 2552 542 2587 treaty
561 2548 597 2577 in
616 2548 776 2578 Francis'
795 2558 876 2578 own

123 2591 235 2627 hand,
254 2592 425 2631 whereby
444 2591 471 2621 it
486 2601 559 2621 was
576 2592 720 2630 agreed,
739 2602 778 2622 or
796 2602 876 2631 pro-

124 2635 249 2675 posed.
272 2635 355 2665 that
378 2635 519 2665 Urbino
541 2635 673 2665 should
695 2635 740 2665 be
763 2637 877 2666 taken

124 2679 218 2709 from
233 2679 432 2709 Francosco
442 2678 499 2708 del
513 2678 656 2708 Rovem
667 2679 752 2715 (and
765 2679 877 2709 Milan

124 2722 218 2752 from
238 2722 438 2752 Francesco
459 2721 597 2759 sforza)
618 2723 691 2752 and
709 2723 820 2753 codcd
839 2727 878 2753 to

125 2766 253 2806 Henry
266 2766 303 2796 of
321 2766 486 2796 Orleans.
536 2766 628 2796 How
645 2766 699 2796 fat·
712 2766 877 2797 Clcinent

123 2819 198 2840 was
217 2810 434 2840 committed
454 2820 570 2840 seems
591 2811 783 2840 uncertain
805 2813 878 2847 (sco

124 2853 267 2889 Pastor,
287 2864 321 2889 x,
341 2864 404 2893 pp.
423 2854 558 2892 234—5).

169 2906 221 2936 41.
248 2898 393 2927 comitis
413 2897 627 2935 Concordie]
647 2897 815 2927 Galleoto
837 2907 876 2933 ιι,

125 2950 191 2970 son
219 2940 257 2971 of
289 2940 488 2978 Ludovico,
517 2941 654 2981 having
682 2941 877 2972 inurdered

990 2549 1042 2588 48.
1069 2548 1272 2586 Cornelius]
1302 2548 1519 2588 Sceppcrus,
1546 2556 1605 2576 see
1630 2545 1700 2585 Ep.

949 2601 1042 2631 1747.
1067 2602 1164 2622 ison.

991 2645 1044 2674 51.
1071 2636 1265 2673 discordia]

947 2680 1083 2710 wished
1106 2685 1144 2710 to
1167 2685 1306 2709 restore
1330 2679 1417 2715 (und
1442 2679 1475 2707 in
1499 2678 1598 2707 June
1620 2685 1700 2715 1534

946 2723 1146 2754 succeeded
1171 2724 1206 2753 in
1231 2723 1425 2759 restoring)
1449 2722 1555 2751 Duko
1576 2720 1700 2750 Ulrich

946 2768 983 2797 of
1001 2767 1285 2805 qurteinburg2
1314 2766 1471 2795 william
1489 2765 1525 2794 of
1545 2764 1701 2794 Bavaria

946 2811 1088 2841 (lesired
1129 2815 1169 2841 to
1209 2810 1351 2850 ropluce
1390 2809 1514 2839 Flrich
1559 2808 1606 2847 by
1646 2808 1701 2836 liis

946 2854 1109 2885 Catholio
1131 2864 1195 2884 son
1221 2853 1473 2892 christophor.
1523 2852 1587 2881 See
1603 2851 1699 2891 Epp.

948 2900 1043 2937 2930.
1064 2900 1155 2937 7Sn.,
1178 2906 1273 2936 2037.
1295 2904 1413 2936 54—02.
1435 2904 1529 2935 2047.

1318 2635 1438 2673 Philip
1493 2634 1530 2663 of
1587 2633 1701 2662 Hesso
