1966 3379
281 135 332 170 74
711 133 969 172 LETTERS
1000 133 1071 172 OF
1100 134 1367 174 ERASMUS
1729 139 1850 186 [1532

281 237 471 283 tulerint,
504 237 684 276 subinde
718 239 838 276 velut
873 240 915 276 in
946 240 1167 289 peregrino
1197 252 1389 278 sermone
1420 241 1643 287 restitent;
1677 246 1720 279 et
1752 241 1850 280 licet

280 293 382 341 quid
405 305 597 342 quaeque
621 306 704 331 vox
727 294 914 332 declaret
937 307 1021 332 non
1044 296 1253 343 ignorent,
1281 299 1426 332 tamen
1453 308 1622 333 sensum
1648 309 1731 333 non
1760 310 1849 347 per-

280 348 452 397 cipiant.
513 348 562 385 In
585 361 713 386 causa
734 354 799 387 est
824 349 1105 395 schematum,
1133 354 1368 399 troporum,
1400 355 1443 388 et
1471 351 1726 389 idiomatum
1755 365 1848 401 pro-

281 403 451 452 prietaS‚
489 403 529 440 in
565 403 720 452 quibus
757 404 871 442 haud
907 405 968 442 ita
1003 404 1189 442 multum
1225 405 1495 454 opitulantur
1530 406 1696 444 Lexica.
1758 406 1849 445 Hac

219 472 260 501 30
279 457 449 506 quidem
468 458 509 495 in
526 463 647 507 parte
664 459 926 508 praeclaram
944 472 1114 509 operam
1133 464 1217 500 τοῖς
1233 459 1525 509 φιλογλώττοις
1540 463 1719 499 nauauit
1735 460 1848 499 Guil-

280 512 444 549 helmus
468 513 677 551 Budaeus.

335 567 489 605 Verum
526 572 574 605 vt
614 569 848 618 puerilibus
889 570 1066 619 ingeniis
1107 570 1326 608 Romanae
1368 570 1534 620 linguae
1575 584 1659 608 non
1700 572 1848 609 statim

278 623 579 661 accommodus
600 630 665 661 est
688 624 742 663 M.
767 624 945 670 Tullius,
972 626 1044 674 qui
1070 625 1204 662 Fabio
1231 626 1380 671 iudice,
1410 625 1517 663 nulli
1539 626 1664 664 valde
1693 626 1846 676 placet,

280 678 357 714 nisi
379 679 451 727 qui
474 679 556 716 iam
579 680 740 729 egregie
764 680 1012 730 profecerit:
1046 681 1108 717 ita
1129 679 1386 718 Graecarum
1410 681 1630 718 literarum
1652 682 1848 731 peritiam

218 748 258 778 35
278 733 568 771 ambientibus
591 747 675 772 non
697 735 882 772 arbitror
903 735 1136 772 admodum
1158 737 1382 773 conuenire
1406 736 1752 781 Demosthenem,
1776 737 1848 786 qui

278 787 373 837 plus
394 789 499 826 artis
522 789 651 827 habet
674 791 716 827 in
738 803 900 827 recessu
925 803 1053 839 quam
1076 791 1213 840 prima
1234 790 1375 828 fronte
1398 804 1498 841 prae
1520 804 1563 829 se
1584 791 1707 829 ferat.
1768 791 1848 829 Hic

276 844 402 887 enim,
425 844 539 893 quod
563 844 793 883 honorifico
814 846 905 882 ioco
931 845 1041 882 dixit
1066 845 1290 891 Demades,
1314 847 1482 896 scripsit
1503 846 1557 884 ad
1580 859 1750 896 aquam,
1774 859 1848 884 nec

278 899 356 935 nisi
388 911 412 935 a
443 899 592 936 sobriis
623 913 671 937 ac
703 900 980 950 vigilantibus
1012 905 1155 950 potest
1187 901 1377 951 intelligi.
1439 902 1621 939 Proinde
1652 902 1766 951 quod
1797 901 1848 939 de

279 953 332 990 M.
358 953 498 991 Tullio
523 955 693 1004 scripsit
717 954 902 1001 Quintus
932 955 1101 999 Fabius,
1133 957 1223 1005 pari
1252 957 1341 994 iure
1369 956 1420 994 de
1448 956 1737 994 Demosthene
1766 957 1848 995 dici

217 1024 258 1054 40
279 1013 444 1057 potest:
484 1010 525 1046 Is
556 1023 597 1047 se
629 1011 735 1048 sciat
767 1011 808 1047 in
839 1015 931 1048 arte
963 1010 1129 1048 dicendi
1162 1011 1401 1061 profecisse,
1438 1012 1505 1049 cui
1540 1012 1848 1050 Demosthenes

279 1063 404 1101 valde
441 1064 605 1114 placere
641 1066 838 1115 coeperit.
901 1065 1270 1112 Quemadmodum
1302 1066 1454 1104 tabula
1485 1079 1638 1117 magno
1669 1067 1849 1105 artificio

277 1118 449 1168 depicta
480 1133 605 1158 nemo
637 1133 890 1171 magnopere
923 1120 1163 1158 delectatur
1195 1122 1300 1159 artis
1333 1122 1567 1171 imperitus,
1600 1123 1661 1160 ita
1695 1122 1846 1160 Demo-

277 1173 438 1211 sthenis
460 1175 655 1213 diuinum
684 1176 802 1222 illud,
832 1180 876 1213 et
897 1176 1012 1225 quod
1041 1176 1334 1214 facundissimi
1356 1178 1513 1226 quique
1542 1190 1707 1227 semper
1735 1178 1776 1214 in
1799 1190 1848 1215 eo

278 1229 421 1266 mirati
444 1234 556 1275 sunt,
583 1230 629 1267 τὸ
658 1229 797 1276 δεινὸν,
824 1244 909 1268 non
936 1232 1132 1277 sentitur,
1159 1232 1238 1268 nisi
1267 1236 1308 1270 et
1337 1232 1557 1270 rhetoricis
1588 1233 1847 1282 praeceptio-

216 1300 257 1330 45
277 1284 401 1321 nibus
422 1287 681 1331 exercitatis,
704 1291 747 1324 et
771 1286 1045 1324 historiarum
1068 1287 1308 1336 cognitione
1331 1288 1564 1325 instructis.

333 1339 486 1389 Itaque
512 1342 665 1390 patiar,
689 1345 738 1378 vt
764 1354 868 1391 puer
889 1341 1061 1390 quidem
1090 1341 1288 1391 degustet
1317 1341 1662 1387 Demosthenem,
1691 1342 1763 1380 sed
1792 1342 1847 1380 ad

276 1407 372 1432 eum
395 1396 503 1433 serio
525 1396 682 1442 redeat,
709 1397 793 1434 iam
822 1396 963 1434 factus
991 1396 1214 1442 oculatior,
1241 1410 1326 1446 quo
1354 1398 1586 1447 perspiciat
1614 1397 1729 1435 illam
1751 1410 1848 1435 vere

276 1450 466 1487 Atticam
498 1464 709 1497 venerem,
736 1451 842 1489 illud
870 1464 1095 1489 excussum
1125 1452 1342 1498 iudicium,
1369 1452 1442 1490 illa
1470 1465 1638 1490 summo
1665 1452 1848 1490 artificio

276 1509 474 1543 contorta
491 1507 828 1556 enthymemata,
847 1512 1065 1556 postremo
1083 1508 1169 1544 vim
1187 1507 1303 1545 illam
1322 1507 1519 1545 omnibus
1537 1508 1846 1554 admirabilem,

216 1576 257 1605 50
276 1560 348 1597 vix
381 1560 454 1598 vlli
486 1561 750 1600 imitabilem.
811 1562 993 1612 Elegans
1024 1563 1193 1600 interim
1221 1562 1353 1600 fuerit
1382 1564 1646 1609 exercitatio,
1676 1563 1791 1612 quod
1822 1576 1847 1600 a

276 1615 494 1653 veteribus
516 1616 733 1654 nonnullis
749 1616 912 1654 factum
935 1621 1000 1654 est
1023 1618 1064 1654 in
1086 1617 1275 1655 Homero
1293 1630 1340 1655 ac
1358 1617 1554 1668 Vergilio,
1573 1619 1606 1655 si
1623 1619 1717 1667 quis
1735 1618 1847 1656 idem

275 1670 407 1708 faciat
429 1671 471 1708 in
493 1671 780 1710 Demosthene
797 1677 841 1709 et
863 1672 917 1710 M.
937 1672 1089 1717 Tullio,
1110 1677 1158 1710 vt
1173 1686 1225 1710 ex
1248 1673 1476 1710 collatione
1494 1673 1683 1711 locorum
1701 1673 1846 1723 depre-

276 1725 448 1771 hendat,
481 1727 584 1776 quid
615 1727 681 1764 hic
710 1727 764 1764 ab
792 1727 866 1764 illo
894 1728 951 1764 sit
980 1732 1217 1772 mutuatus,
1247 1732 1291 1766 et
1318 1728 1390 1765 vbi
1422 1733 1568 1766 noster
1598 1729 1654 1765 sit
1684 1727 1846 1766 Graeco

275 1793 364 1830 par,
392 1781 463 1819 vbi
492 1782 695 1831 superior,
726 1782 799 1819 vbi
827 1782 881 1820 ab
908 1782 1141 1832 exemplari
1169 1783 1363 1821 nonnihil
1392 1783 1618 1833 degeneret
1646 1784 1844 1821 imitatio.

214 1851 254 1880 55
276 1835 356 1873 Vix
380 1836 464 1874 alia
486 1849 551 1875 res
574 1849 707 1887 aeque
729 1837 931 1875 conducit
953 1838 1008 1875 ad
1030 1838 1271 1887 parandum
1295 1837 1510 1876 iudicium.

330 1891 427 1929 Non
451 1891 794 1942 hic'sumpturus
823 1905 916 1930 sum
947 1905 1118 1942 operam
1150 1894 1194 1930 in
1222 1893 1438 1931 laudando
1468 1893 1770 1939 Demosthene,
1792 1893 1847 1931 ad

275 1959 400 1995 quem
416 1960 492 1997 pro
509 1947 720 1997 dignitate
736 1947 1071 1997 praedicandum
1087 1961 1192 1998 opus
1206 1952 1317 1986 esset
1333 1948 1579 1998 eloquentia
1593 1948 1843 1986 Demosthe-

275 2002 392 2039 nica:
426 2003 511 2040 imo
533 2002 653 2040 nulla
675 2004 818 2053 potius
848 2016 954 2053 opus
982 2007 1048 2040 est
1075 2003 1333 2053 eloquentia,
1363 2003 1416 2041 ad
1444 2016 1540 2041 eum
1568 2003 1844 2049 laudandum,

275 2069 400 2106 quem
433 2071 519 2095 vno
549 2070 620 2095 ore
652 2059 694 2095 in
728 2058 891 2096 coelum
920 2058 1064 2095 ferunt
1094 2071 1265 2096 omnes:
1302 2071 1377 2096 nec
1409 2059 1489 2096 tibi
1519 2059 1660 2096 calcar
1689 2058 1846 2096 addere

213 2120 255 2148 60
275 2112 471 2157 studebo,
501 2112 654 2163 Georgi
683 2113 940 2157 charissime,
973 2126 1100 2163 quem
1130 2114 1345 2163 conspicio
1376 2115 1418 2151 in
1449 2114 1528 2151 hoc
1559 2113 1845 2164 pulcherrimo

275 2167 413 2205 stadio
449 2172 603 2217 tuapte
639 2173 791 2218 sponte
827 2168 943 2206 haud
978 2169 1162 2218 segniter
1198 2173 1453 2207 currentem.
1513 2168 1697 2214 Quaeres
1732 2169 1845 2206 vnde

274 2222 377 2259 mihi
407 2224 602 2272 cognitus
633 2236 780 2261 cursus
808 2228 921 2269 tuus,
951 2224 1024 2272 qui
1052 2228 1094 2261 te
1123 2236 1343 2273 nunquam
1373 2223 1563 2262 viderim.
1625 2223 1843 2274 Optimam

275 2278 338 2314 tui
360 2282 526 2327 partem
548 2278 649 2323 vidi,
671 2278 919 2316 adulescens
947 2278 1300 2324 fortunatissime,
1329 2279 1435 2316 adeo
1464 2279 1641 2328 ἐναργῶς
1669 2283 1712 2316 te
1742 2279 1845 2316 mihi

275 2345 351 2369 suo
382 2333 579 2382 penicillo
604 2333 799 2383 depinxit
829 2333 990 2383 Viglius
1019 2333 1283 2379 Zuichemus,
1315 2334 1429 2371 haud
1458 2334 1645 2383 vulgaris
1674 2334 1843 2379 artifex,

213 2387 254 2432 6'5
275 2388 341 2424 cui
371 2387 607 2425 domestica
637 2388 945 2426 consuetudine
980 2389 1153 2438 penitus
1189 2390 1386 2438 cognitus
1419 2401 1467 2426 ac
1503 2393 1751 2439 perspectus
1787 2401 1842 2426 es.

274 2441 384 2487 Quin
417 2447 509 2480 tute
541 2443 645 2480 mihi
676 2444 861 2493 teipsum
891 2444 976 2480 tuis
1004 2443 1058 2480 ad
1087 2456 1153 2481 nie
1184 2443 1318 2481 literis
1349 2445 1406 2481 sic
1437 2445 1682 2494 expressisti
1713 2448 1774 2488 vt,
1811 2444 1845 2481 si

273 2510 415 2534 coram
437 2498 614 2543 adesses,
637 2498 733 2548 plus
755 2498 898 2536 videre
920 2511 1140 2547 nequeam.
1193 2498 1285 2536 Illic
1307 2498 1581 2536 exosculatus
1602 2511 1695 2536 sum
1718 2499 1844 2536 istam

273 2552 438 2590 felicem
461 2553 647 2590 indolem
670 2558 804 2598 tuam,
828 2554 900 2603 qui
922 2554 994 2590 vix
1015 2566 1205 2603 egressus
1235 2566 1394 2591 annum
1423 2553 1635 2591 decimum
1658 2558 1843 2599 sextum,

274 2607 432 2645 scribas
454 2608 657 2658 epistolas
682 2609 867 2658 primum
896 2608 1000 2645 bene
1026 2608 1214 2653 Latinas,
1241 2608 1403 2654 deinde,
1427 2608 1540 2658 quod
1566 2609 1700 2659 pluris
1720 2608 1842 2652 facio,

214 2676 255 2707 70
274 2662 465 2700 sensibus
496 2664 672 2712 argutis,
703 2668 747 2701 et
775 2668 874 2714 apte
907 2663 986 2700 sibi
1018 2664 1230 2701 connexis.
1291 2662 1401 2709 Quid
1429 2668 1573 2701 autem
1603 2663 1842 2701 collaudem

273 2717 403 2754 istum
426 2718 655 2767 ingenuum
677 2731 724 2756 ac
746 2718 963 2756 liberalem
992 2718 1210 2768 pudorem,
1234 2718 1336 2767 quid
1362 2718 1617 2768 singularem
1648 2719 1772 2756 istam
1799 2719 1842 2755 in

273 2785 339 2809 me
361 2773 578 2822 pietatem,
602 2785 731 2822 quam
754 2777 848 2811 tota
870 2775 1007 2823 spirat
1027 2773 1237 2823 epistola?

328 2827 385 2864 Et
421 2827 485 2865 hic
522 2841 705 2878 agnosco
739 2841 939 2878 germane
979 2841 1224 2878 germanam
1260 2829 1521 2866 ornatissimi
1554 2829 1634 2866 viri
1671 2828 1843 2866 Ioannis

274 2975 371 3040 1⁴37..
395 2966 592 3004 Demades]
616 2967 680 2997 See
702 2967 1022 3006 Apophtheqmala,
1137 2968 1190 2997 66.
1217 2966 1346 3004 literis]
1365 2966 1440 2998 Not
1458 2971 1600 2998 extant.

339 3034 346 3042 .
366 3021 411 3041 ιν.
432 3019 532 3050 303152.
