1966 3379
258 112 336 148 304
687 111 943 149 LETTERS
974 111 1044 149 OF
1075 111 1341 151 ERASMUS
1701 114 1824 161 [1533

258 215 360 253 mihi
391 215 466 252 abs
495 219 536 252 te
565 215 815 253 facultatem
848 215 1059 253 Ciceronis
1088 217 1128 253 in
1156 216 1336 253 dicendo
1365 217 1612 266 ademptam
1641 217 1822 262 doleam,

259 274 307 307 vt
333 270 446 307 vltro
473 271 602 307 ctiam
630 270 779 313 fatear,
804 274 845 307 te
875 270 1013 307 multo
1041 271 1141 307 mihi
1171 271 1266 320 plus
1294 271 1458 308 dedisse
1487 284 1615 320 quam
1643 284 1732 321 ego,
1755 272 1823 309 vel

259 326 292 362 si
315 324 537 362 immodice
560 325 637 361 sim
666 325 931 369 ambitiosus,
955 329 1103 374 optare
1132 325 1325 362 audeam.
1387 325 1548 363 Rerum
1576 327 1687 363 enim
1718 326 1821 363 mul-

198 392 240 422 40
260 384 401 417 tarum
437 380 720 427 cognitionem
756 385 800 417 ct
830 379 1051 417 tolerabile
1083 380 1250 417 dicendi
1280 393 1412 429 genus
1443 380 1663 430 reliquisti.
1724 381 1824 418 Viro

258 435 387 471 etiam
418 447 483 470 me
511 434 809 475 eruditissimo,
834 435 899 471 cui
929 434 1043 471 solco
1072 447 1164 471 mea
1190 440 1341 483 sponte
1368 436 1521 484 ingenii
1550 435 1684 472 fasces
1713 448 1822 472 sum-

259 489 440 533 mittere,
470 488 735 538 praetulisti:
773 502 901 538 quom
931 490 1019 526 iure
1047 502 1139 525 meo
1168 489 1270 526 nihil
1300 490 1455 538 possim
1484 489 1585 526 mihi
1614 503 1823 538 arrogare,

259 544 292 580 si
321 543 447 580 modo
476 556 540 580 res
567 543 621 580 ad
649 544 948 592 aequilibrium
978 544 1174 581 veritatis
1206 544 1426 589 referatur,
1455 549 1624 594 practer
1651 544 1824 581 assidui-

259 602 392 636 tatcm
417 598 656 635 studiorum
677 602 721 635 et
743 598 1046 635 inexhaustum
1065 599 1325 647 optimarum
1343 599 1501 636 artium
1520 599 1786 636 desiderium.

197 665 238 696 45
313 652 452 698 Quare
480 653 680 702 quicquid
710 658 756 691 tu
786 653 888 690 mihi
917 654 1037 702 quasi
1066 653 1251 690 liberalis
1280 653 1588 703 paterfamilias
1615 666 1666 691 ex
1694 655 1826 691 caesis

259 712 302 744 et
324 708 431 744 rutis
453 707 718 752 condonasti,
743 707 783 744 id
806 720 928 744 omne
951 711 1050 745 tuae
1074 707 1258 745 bonitati
1289 712 1510 757 acceptum
1541 708 1674 745 feram
1704 721 1824 758 opor-

260 766 335 799 tet.
396 762 679 811 Caetcroquin
710 767 832 799 tuum
863 774 938 811 ego
968 763 1169 799 iudicium
1198 775 1247 799 eo
1272 763 1312 799 in
1343 762 1483 800 libello
1513 763 1636 800 valde
1667 763 1823 813 probo:

259 816 423 854 nullum
455 817 615 854 scilicet
646 821 743 867 post
772 817 1014 854 Ciceronem
1045 830 1191 854 omnes
1221 817 1491 866 eloquentiae
1523 830 1720 855 numeros
1750 819 1824 855 im-

260 871 451 921 pleuisse.
512 871 617 908 Aliis
646 872 873 909 verborum
903 871 1127 916 delectum,
1150 872 1244 909 aliis
1270 873 1542 921 grauitatem,
1566 872 1659 910 aliis
1687 873 1825 910 suaui-

199 939 241 968 50
261 930 410 970 tatem,
433 926 515 963 alia
537 926 628 964 aliis
651 926 857 963 defuisse:
891 930 1004 963 certe
1026 927 1067 963 in
1090 926 1286 964 omnibus
1309 927 1499 964 ordinem
1525 940 1573 964 ae
1603 940 1825 965 numerum

260 981 501 1018 desiderari.
562 982 671 1018 Sunt
698 982 809 1018 enim
840 981 941 1018 haec
970 981 1055 1018 duo
1084 982 1195 1018 inter
1221 995 1283 1026 ea,
1307 994 1414 1031 quae
1442 982 1556 1031 apud
1585 981 1825 1019 Ciceronem

259 1035 500 1085 μωμήσεταί
518 1052 577 1076 τις
597 1035 750 1084 μᾶλλον
770 1035 793 1084 ἦ
815 1035 1043 1085 μιμήσεται.
1104 1036 1191 1073 Nec
1213 1040 1357 1073 tamen
1383 1037 1624 1085 negauerim
1654 1049 1828 1086 magnos

261 1091 469 1140 quosdam
501 1090 629 1128 fuisse
657 1092 697 1127 in
727 1091 804 1128 hoc
833 1104 960 1128 censu
990 1103 1196 1141 proceres
1219 1092 1291 1140 qui
1320 1096 1478 1128 metam
1508 1091 1623 1128 illam
1655 1092 1828 1141 propius

261 1146 528 1189 accesserint,
561 1146 632 1182 sed
665 1158 817 1195 magno
848 1150 992 1183 tamen
1023 1145 1251 1183 interuallo
1288 1147 1472 1195 propius.
1534 1146 1622 1195 Ego
1653 1159 1748 1183 cum
1780 1147 1828 1183 iis

202 1212 241 1242 55
262 1200 440 1237 feliciter
463 1205 607 1237 actum
632 1205 748 1249 puto,
772 1201 844 1249 qui
867 1200 1055 1249 aliquam
1074 1200 1285 1237 Ciceronis
1307 1202 1487 1250 speciem
1505 1205 1826 1250 expresserunt;

262 1255 372 1291 sicut
402 1255 501 1292 olim
533 1255 694 1304 Apellis
725 1255 922 1305 discipuli
952 1268 994 1292 se
1026 1260 1128 1292 tunc
1163 1255 1425 1305 permultum
1457 1256 1498 1292 in
1528 1268 1577 1293 ea
1609 1260 1700 1293 arte
1735 1268 1828 1305 pro-

262 1310 443 1347 mouisse
464 1310 785 1355 existimabant,
809 1311 843 1347 si
866 1310 1127 1347 lineamenta
1152 1310 1317 1359 aliquot
1345 1310 1631 1360 praeceptoris
1659 1310 1830 1347 fuerant

262 1365 610 1402 adsecuti—nam
636 1365 791 1410 omnia,
815 1365 1057 1414 improbum
1079 1369 1122 1402 et
1144 1364 1266 1415 longe
1294 1377 1423 1414 supra
1448 1369 1622 1415 captum
1650 1365 1828 1402 arbitra-

263 1419 434 1456 bantur.
495 1419 608 1456 Bene
630 1419 734 1457 vale.

201 1480 243 1508 60
317 1473 643 1520 Quintodecimo
663 1474 835 1512 Calend.
859 1473 1009 1512 Octob.
1034 1474 1181 1512 Natali
1202 1487 1308 1513 meo.
1333 1485 1590 1512 M.D.xxxn1.
1624 1474 1828 1512 Ferraria.

578 1703 707 1741 2870.
771 1700 838 1740 To
871 1700 1212 1742 DESIDERATUS
1245 1700 1520 1742 MORELLL'S.

313 1790 520 1835 Epistolae
541 1791 762 1824 Vniuersae
782 1802 819 1835 p.
845 1801 950 1824 1111.
1493 1791 1698 1835 Freiburg.

314 1840 439 1873 Lond.
463 1840 586 1894 xx-vii.
608 1850 676 1884 45:
706 1841 789 1874 LB.
814 1842 918 1882 1256.
1420 1851 1460 1874 12
1482 1840 1656 1874 October
1679 1850 1783 1884 1533.

308 1908 393 1946 [For
418 1907 657 1938 Desideratus
679 1907 851 1938 Morellus
873 1917 932 1938 see
958 1907 1027 1948 Ep.
1053 1916 1146 1947 1534.
1174 1917 1252 1946 2911.
1302 1908 1359 1939 Ηο
1380 1918 1454 1938 was
1475 1907 1626 1948 already
1643 1907 1735 1939 dead
1755 1908 1833 1947 (†23

261 1951 351 1992 July
372 1952 467 1990 1533)
485 1951 590 1982 when
609 1951 784 1982 Erasmus
800 1956 913 1982 wrote
931 1952 1006 1982 this
1021 1951 1158 1989 letter.]

432 2021 631 2048 ERASMVS
652 2021 978 2049 ROTERODAMVS
999 2022 1276 2049 DESIDERATO
1298 2013 1552 2060 MORE<LLO>
1575 2022 1606 2049 S.
1627 2023 1666 2049 D.

319 2081 560 2120 GRATVLOR
584 2082 655 2119 isti
684 2081 972 2132 Reipublicae,
1003 2082 1254 2120 Desiderate
1281 2082 1537 2128 charissime,
1567 2083 1681 2132 quod
1707 2083 1761 2120 ab
1785 2096 1834 2121 eo

265 2137 439 2175 dissidio
460 2137 575 2186 quod
597 2137 815 2174 audieram
838 2137 1032 2182 suboriri,
1055 2137 1235 2174 liberata
1256 2141 1333 2175 est.
1395 2137 1437 2175 Is
1462 2142 1574 2175 certe
1602 2142 1742 2175 metus
1768 2150 1834 2175 me

265 2192 485 2235 deterruit,
509 2204 593 2240 quo
615 2192 753 2228 minus
775 2193 885 2230 istuc
907 2193 1241 2241 commigrarem,
1263 2205 1314 2230 ne
1337 2193 1465 2229 toties
1487 2192 1540 2230 ob
1563 2193 1649 2229 vini
1670 2192 1832 2242 pericli-

266 2252 379 2284 tarer
400 2247 612 2296 inopiam3
645 2259 744 2284 nam
771 2260 795 2284 a
823 2246 904 2284 fine
933 2246 1151 2284 Februarii
1180 2259 1313 2296 Vsque
1340 2247 1394 2284 ad
1422 2246 1715 2296 Septembrem
1744 2260 1832 2297 per-

229 2317 246 2346 5
268 2306 396 2351 petuo
426 2301 580 2350 langui,
603 2302 659 2337 sic
689 2301 877 2351 collapso
905 2301 1127 2339 stomacho
1153 2305 1201 2338 vt
1229 2303 1402 2339 omnino
1427 2301 1529 2338 nihil
1558 2301 1833 2346 admitteret3

266 2369 314 2393 ac
344 2359 461 2393 certo
492 2357 677 2405 comperi
708 2356 922 2406 languoris
953 2368 1126 2394 causam
1157 2369 1243 2394 non
1273 2356 1401 2393 aliam
1432 2356 1559 2393 fuisse
1587 2369 1716 2405 quam
1746 2357 1835 2393 vini

267 2410 405 2448 idonei
437 2411 635 2460 inopiam.
696 2410 807 2448 Nam
839 2415 1009 2448 mutato
1038 2411 1137 2448 vino
1167 2412 1362 2460 protinus
1391 2411 1547 2448 reuixit
1574 2411 1832 2448 stomachus.

268 2465 384 2502 Haec
405 2469 470 2502 est
492 2465 616 2502 huius
637 2465 875 2514 corpusculi
901 2465 1122 2503 calamitas
1150 2465 1385 2509 toleranda,
1408 2465 1541 2502 donec
1568 2469 1612 2502 et
1640 2470 1834 2503 ventrem

267 2524 311 2557 et
338 2532 454 2556 escas
483 2519 679 2557 destruat
707 2520 832 2557 Deus.
893 2520 956 2557 Ne
985 2533 1084 2557 vero
1113 2520 1215 2557 mihi
1243 2520 1354 2558 idem
1381 2521 1553 2557 eueniat
1580 2533 1724 2557 rursus
1755 2520 1833 2557 hae

210 2590 249 2611 10
268 2574 432 2624 hyeme,
454 2574 572 2611 emisi
593 2574 801 2611 famulum
824 2573 1062 2612 Gilbertum
1085 2574 1337 2623 Cognatum,
1360 2574 1462 2612 mihi
1488 2574 1660 2624 quidem
1689 2575 1835 2612 multis

268 2629 511 2666 nominibus
533 2628 840 2675 charissimum,
859 2629 931 2667 sed
953 2629 1031 2667 hoe
1052 2630 1181 2667 etiam
1204 2629 1333 2667 titulo
1355 2629 1602 2674 chariorem,
1620 2629 1735 2678 quod
1756 2629 1835 2666 tibi

268 2684 509 2733 propinqua
539 2684 908 2733 consanguinitate
937 2685 1188 2721 coniunctus
1218 2688 1296 2729 est,
1326 2688 1375 2722 vt
1406 2684 1507 2721 mihi
1535 2683 1620 2721 duo
1648 2687 1725 2721 aut
1752 2684 1835 2721 tria

268 2751 371 2775 vasa
392 2737 570 2775 adferat.

313 2871 408 2900 2869.
436 2878 488 2908 52.
513 2868 719 2909 μωμήσετσι]
737 2870 887 2911 Diogen.
906 2873 937 2901 6.
954 2879 1015 2910 74;
1130 2870 1225 2900 2870.
1245 2879 1275 2900 2.
1291 2869 1455 2908 dissidio]
1469 2869 1538 2900 For
1549 2870 1612 2901 the
1624 2869 1837 2900 differences

268 2915 314 2944 cf.
336 2914 498 2954 Theogn.
517 2916 592 2952 369,
611 2913 798 2953 Cognatas
819 2914 1016 2950 Poematia,
1086 2914 1253 2944 between
1273 2914 1337 2944 the
1357 2913 1491 2944 Senate
1511 2913 1584 2944 and
1608 2914 1671 2944 the
1691 2913 1836 2944 Canons

272 2968 300 2988 1.
323 2967 350 2989 1.
373 2968 384 2988 1
406 2957 504 2998 (Cog.
524 2958 567 2988 E.
590 2967 616 2988 1.
636 2959 725 2997 401).
1087 2968 1145 2988 see
1163 2957 1259 2998 Epp.
1279 2967 1374 2998 2410.
1394 2967 1491 2997 47-9,
1512 2966 1605 2998 2759.
1626 2967 1704 2994 zon,
1724 2958 1819 2996 2895.
