1966 3379
112 106 234 154 2800]
635 103 707 142 TO
737 104 887 142 ABEL
916 103 1171 142 COLSTER
1606 107 1681 144 211

110 210 221 248 enim
250 221 292 246 se
319 221 404 246 non
431 209 570 246 minus
600 212 892 258 pugnaturum
923 208 1052 246 armis
1080 209 1183 245 meis
1208 221 1337 258 quam
1367 210 1475 247 suis:
1507 223 1556 247 ea
1587 223 1684 260 pars

109 263 314 314 epistolae
344 263 448 301 mihi
475 263 668 301 nonnihil
698 263 926 313 displicuit.
987 263 1077 312 Ego
1104 263 1312 301 hactenus
1340 265 1518 314 ancipiti
1545 265 1684 303 Marte

109 319 306 369 depugno
333 331 429 355 cum
457 322 628 356 excetra
655 331 740 356 non
767 322 944 368 septem,
973 317 1048 355 sed
1074 318 1450 355 innumerabilium
1480 320 1682 369 capitum,

109 374 266 422 vixque
287 373 473 410 subsisto
495 372 548 410 ob
571 373 763 418 Moriam,
780 377 824 410 et
845 372 928 410 alia
949 372 1160 421 quaedam
1183 372 1355 410 liberius
1377 386 1401 410 a
1422 386 1488 410 me
1510 375 1680 424 scripta.
1703 386 1745 414 60

109 428 167 466 At
188 440 335 465 vereor
356 440 408 465 ne
429 427 511 472 ille,
535 428 568 465 si
588 432 750 477 pergat,
774 427 876 464 mihi
898 431 1038 465 totam
1066 431 1246 464 renouet
1267 428 1486 465 inuidiam.
1548 428 1682 474 Quem

107 495 234 533 porro
255 482 444 519 fructum
466 486 630 532 spectet
649 495 734 519 non
751 482 887 519 video.
931 481 971 519 Si
993 485 1123 531 putat
1144 481 1365 531 theologos
1387 495 1435 520 ac
1453 484 1683 521 monachos

108 537 175 575 vel
200 537 350 586 corrigi
375 549 449 587 per
476 537 614 586 ipsum
646 537 714 574 vel
742 537 924 586 opprimi
952 549 1084 586 posse,
1108 540 1203 574 tota
1230 537 1430 574 nimirum
1456 542 1571 575 errat
1600 540 1680 576 via.

107 591 317 638 Quorsum
346 595 492 629 autem
523 592 682 629 attinet
709 592 792 629 iam
823 591 1015 629 nonnihil
1045 591 1250 641 fatigatos
1281 591 1508 629 crabrones
1539 605 1683 631 rursus

106 647 250 684 iritare
272 650 315 684 et
336 647 379 683 in
400 646 610 684 bonorum
632 647 775 696 capita
796 647 1057 683 immittere?
1702 659 1743 697 65

132 701 271 747 ‘Quid
306 701 509 739 acciderit
547 700 741 739 Cornelio
781 701 917 745 Hoen,
950 702 1029 750 ipsi
1070 701 1220 738 melius
1259 702 1405 738 nostis.
1467 702 1683 740 Lodouico

106 756 320 806 Berquino
342 755 445 793 nihil
466 760 559 793 erat
576 756 750 805 periculi
772 756 806 793 si
827 757 930 793 meis
946 755 1130 793 consiliis
1147 755 1500 805 obtemperasset.
1545 756 1680 794 Semel

106 812 279 848 vicerat.
340 810 593 848 Adornabat
625 811 904 860 triumphum.
966 811 1169 848 Dissuasi.
1230 810 1328 848 Non
1359 812 1515 860 paruit.
1577 812 1683 850 Erat

106 866 170 903 vir
191 866 391 915 optimus,
414 878 490 903 nec
519 865 669 903 humili
694 865 880 911 fortuna,
904 865 1072 915 ingenio
1100 865 1292 915 simplici,
1316 865 1473 903 liberae
1499 866 1679 916 linguae.

107 920 293 958 Absente
323 920 438 970 Rege
466 920 582 981 apud
610 920 837 970 Hispanos,
864 920 1003 957 denuo
1030 924 1275 970 pertractus
1300 924 1365 957 est
1390 922 1431 958 in
1457 934 1679 959 carcerem.
1702 940 1743 970 70

105 975 162 1013 Et
186 976 382 1025 perierat,
409 975 489 1012 nisi
513 979 651 1012 mater
679 975 818 1025 Regis,
842 988 941 1012 mox
970 976 1057 1024 ipse
1084 975 1177 1012 Rex
1206 975 1473 1013 subleuasset
1497 989 1607 1021 eum,
1630 990 1681 1014 ex

105 1030 322 1080 Hispaniis
350 1043 556 1067 reuersus.
618 1030 752 1068 Paulo
780 1034 878 1080 post
904 1043 926 1068 e
955 1042 1121 1067 carcere
1151 1030 1385 1067 collocatus
1415 1035 1481 1068 est
1511 1031 1553 1068 in
1584 1031 1683 1069 aula

105 1084 402 1129 commodiore,
425 1089 642 1134 postremo
664 1085 775 1122 bona
796 1084 878 1122 fide
900 1084 1098 1122 dimissus
1119 1089 1196 1122 est
1243 1084 1416 1135 Semper
1438 1085 1498 1122 illi
1520 1086 1680 1123 occine-

105 1140 204 1177 bam
225 1139 404 1177 eandem
427 1141 681 1185 cantionem,
700 1143 748 1177 vt
770 1144 862 1177 arte
885 1152 973 1177 sese
994 1140 1215 1177 euolueret
1235 1153 1287 1177 ex
1308 1153 1358 1178 eo
1375 1141 1559 1190 negotio.
1605 1141 1682 1178 Ille

104 1195 183 1232 sibi
222 1194 506 1244 promittebat
545 1198 707 1232 certam
747 1208 795 1232 ac
832 1195 1064 1245 speciosam
1099 1195 1337 1239 victoriam,
1372 1208 1504 1244 quum
1537 1200 1681 1244 ageret
1703 1214 1742 1244 75

103 1249 310 1287 aduersus
327 1249 634 1287 monachorum
655 1250 865 1295 examina,
884 1249 1088 1287 aduersus
1106 1249 1390 1299 theologicam
1413 1249 1680 1296 facultatem,

103 1308 146 1342 et
178 1304 383 1342 aduersus
419 1308 617 1343 senatum
650 1309 949 1354 purpuratum.
1009 1304 1127 1342 Nihil
1162 1304 1322 1354 profeci
1358 1306 1543 1342 monitis.
1606 1305 1682 1343 Ille

104 1359 184 1397 sibi
209 1359 525 1397 blandiebatur.
586 1358 688 1405 Quis
712 1360 883 1397 exitus?
942 1359 1063 1397 Idem
1089 1359 1244 1397 accidit
1272 1359 1332 1397 illi
1360 1359 1475 1409 quod
1504 1359 1680 1406 Socrati,

103 1414 156 1451 de
181 1427 265 1463 quo
296 1427 428 1463 quum
458 1414 616 1451 iudices
642 1419 786 1452 essent
812 1415 1026 1452 mitiorem
1057 1415 1317 1452 sententiam
1346 1415 1680 1464 pionuntiaturi,

103 1482 151 1506 ac
182 1481 299 1506 reum
330 1482 382 1506 ex
413 1481 530 1506 more
558 1473 915 1518 percontarentur
940 1482 1025 1518 qua
1051 1482 1187 1519 poena
1211 1482 1299 1506 sese
1330 1469 1505 1519 dignum
1537 1471 1680 1508 existi·
1701 1480 1744 1509 80

102 1528 263 1561 maret:
297 1523 365 1569 Vt,
395 1524 545 1573 inquit,
575 1525 617 1561 in
646 1524 862 1574 Prytaneo
890 1524 980 1561 alar
1006 1537 1057 1562 ex
1086 1524 1271 1574 publico,
1301 1525 1374 1573 qui
1405 1524 1539 1562 honos
1566 1525 1681 1575 apud

102 1578 381 1616 Athenienses
402 1592 594 1616 summus
615 1579 868 1617 habebatur.
922 1579 1087 1617 Iudices
1109 1583 1200 1617 tam
1222 1581 1439 1629 arroganti
1461 1593 1565 1617 voce
1587 1593 1680 1630 pro-

103 1635 246 1671 uocati
267 1634 528 1671 damnarunt
549 1633 669 1671 illum
691 1635 855 1684 capitis.
897 1634 967 1672 Ita
984 1647 1117 1683 quum
1135 1634 1398 1683 Berquinum
1415 1634 1682 1673 addixissent

103 1689 272 1734 carceri,
290 1688 359 1726 ille
381 1689 598 1726 constanti
615 1689 760 1726 vultu:
785 1689 978 1739 Appellov
995 1690 1147 1738 inquit,
1167 1689 1328 1738 Regem
1349 1693 1393 1726 et
1416 1689 1679 1727 Pontificem.

102 1742 195 1789 Qua
222 1756 325 1781 voce
355 1743 514 1781 iudices
542 1745 677 1781 iritati
704 1745 1055 1793 pronuntiarunt
1086 1748 1135 1781 vt
1162 1745 1203 1781 in
1232 1743 1392 1782 Grauia
1418 1749 1680 1791 exureretur,
1701 1754 1741 1792 85

101 1799 166 1836 vir
186 1799 564 1848 incorluptissimis
585 1799 883 1836 mo1ibus—de
905 1798 1178 1848 dogmatibus
1196 1799 1298 1836 mihi
1319 1799 1510 1837 nondum
1532 1799 1679 1849 liquet

157 1852 279 1899 Quod
297 1854 330 1891 si
347 1853 449 1890 haec
471 1866 556 1891 non
574 1858 751 1891 mouent
768 1854 911 1899 istum,
929 1854 1083 1891 saltem
1099 1867 1150 1891 ne
1169 1867 1234 1891 me
1249 1854 1446 1891 inuoluat
1462 1867 1539 1892 suo
1557 1854 1679 1893 bello.

102 1907 222 1946 Idem
251 1921 374 1958 saepe
401 1909 608 1958 petieram
635 1921 660 1946 a
689 1908 916 1958 Berquino,
946 1913 990 1946 et
1017 1910 1050 1946 is
1078 1922 1121 1946 se
1152 1909 1369 1947 facturum
1401 1910 1679 1959 promiserat:

101 1962 175 2000 sed
195 1962 349 2001 fefellit
369 1976 446 2001 suo
466 1964 610 2009 exitio,
633 1976 728 2001 meo
755 1965 875 2013 graui
896 1963 1178 2001 incommodo.
1238 1964 1470 2013 Nunquam
1494 1964 1681 2014 theologi

100 2030 300 2055 censuras
322 2019 364 2055 in
386 2031 452 2055 me
475 2018 749 2063 aedidissent,
772 2019 849 2056 nisi
871 2019 925 2056 ab
947 2019 1020 2056 illo
1041 2019 1222 2056 fuissent
1243 2019 1438 2056 lacessiti.
1491 2019 1679 2057 Tantum
1699 2036 1742 2064 90

101 2072 153 2109 de
174 2072 340 2110 iudicio.
391 2072 569 2111 Caetera
589 2086 815 2123 cognosces
835 2086 857 2111 e
878 2073 1042 2111 famulo
1064 2087 1157 2111 meo
1179 2074 1290 2111 fideli
1313 2075 1386 2123 qui
1409 2074 1484 2111 has
1506 2074 1678 2124 perfert.

100 2126 215 2165 Vale.
274 2126 518 2165 Clarissimo
539 2128 631 2166 viro
652 2128 915 2166 'Assendelfio
935 2129 1119 2166 salutem
1142 2129 1382 2178 plurimam.

156 2182 318 2220 Datum
342 2183 535 2233 Friburgi
558 2183 771 2233 Brisgoiae
794 2197 882 2220 xxv
905 2184 971 2221 die
992 2183 1149 2234 Aprilis
1171 2183 1296 2221 Anno
1317 2195 1576 2222 M.D.xxxm.

472 2364 602 2402 2801.
668 2361 806 2402 FROM
831 2361 1066 2403 BERNARD
1090 2373 1147 2402 OF
1171 2361 1304 2403 CLEs.

150 2451 903 2496 Stuttgarthffs.iisst.Fkfl.47,f.11.
1387 2454 1557 2487 Xffenna.

149 2501 357 2534 Horawitz
377 2501 401 2535 i.
424 2512 480 2535 21.
1318 2511 1363 2545 27
1383 2503 1497 2547 April
1521 2513 1626 2545 1533.

145 2568 219 2606 [An
237 2568 389 2607 original
407 2568 529 2604 letter,
547 2569 695 2599 written
714 2569 764 2609 by
781 2579 803 2599 a
820 2572 1017 2610 seeretary.
1058 2570 1176 2600 There
1198 2570 1226 2600 is
1247 2580 1293 2600 an
1315 2570 1526 2609 autograph
1545 2570 1675 2609 rough-

100 2611 201 2643 draft
226 2612 262 2642 in
287 2612 351 2643 tho
375 2613 541 2643 archives
562 2616 602 2643 at
624 2613 757 2649 Trent3
779 2613 854 2643 this
874 2614 994 2643 shows
1014 2624 1035 2643 a
1057 2613 1151 2652 good
1173 2624 1285 2653 many
1306 2614 1521 2647 variminus,
1545 2614 1675 2647 which.

100 2656 280 2691 however,
299 2656 346 2686 do
367 2660 432 2687 not
453 2657 565 2687 affect
585 2657 649 2687 the
670 2657 880 2688 substance.
921 2657 998 2688 The
1021 2657 1119 2691 date.
1139 2658 1257 2687 which
1280 2658 1308 2687 is
1332 2657 1505 2687 identical
1528 2658 1561 2686 in
1586 2658 1675 2687 both

101 2699 165 2730 the
184 2700 418 2740 rough-draft
435 2700 507 2730 and
526 2701 589 2731 the
606 2701 760 2741 original
782 2701 903 2737 letter,
927 2712 1013 2741 may
1032 2702 1075 2731 be
1092 2702 1206 2732 taken
1229 2712 1269 2731 ns
1290 2701 1488 2732 confirmed
1514 2701 1562 2740 hy
1581 2712 1675 2731 voni-

102 2744 250 2783 parison
268 2744 357 2774 with
376 2744 445 2784 Ep.
464 2745 577 2782 2808.]

144 2831 240 2861 2800.
265 2833 319 2861 66.
347 2832 468 2869 Hoen]
483 2832 548 2862 Soc
562 2832 631 2872 Ep.
650 2834 744 2871 1358.
764 2835 851 2869 2(›n;
966 2834 1018 2871 85.
1045 2834 1196 2871 Grauia]
1215 2833 1291 2863 Tho
1310 2833 1416 2863 Plnoo
1437 2833 1481 2862 ‹1‹=
1502 2832 1619 2862 Uri—ve
1641 2833 1675 2862 in

101 2874 140 2904 P.
167 2874 201 2905 S.
229 2875 334 2905 Allen
360 2875 522 2915 thought
550 2876 635 2906 that
663 2877 708 2907 hc
733 2877 852 2915 might
921 2877 1034 2907 Paris.

102 2918 147 2948 bo
186 2919 250 2949 tho
290 2929 421 2959 person
461 2919 659 2951 addressed
703 2921 738 2950 in
781 2921 849 2960 Ep.
964 2931 1017 2957 02.
1038 2921 1467 2961 Assondolsso]Sevi-:pp
1485 2922 1579 2959 2645.
1594 2929 1674 2959 4111,

103 2964 198 2994 1166.
923 2974 1017 3006 2734.
