1966 3379
253 129 332 167 324
684 129 942 169 LETTERS
974 131 1044 169 OF
1075 130 1342 169 ERASMUS
1705 135 1828 183 [1533

254 235 412 284 plenas.
472 234 538 271 Ad
574 247 645 272 eas
676 235 888 284 respondi,
925 235 995 272 sed
1038 237 1196 284 paucis,
1233 236 1347 285 quod
1383 237 1558 285 quidam
1593 237 1821 276 indicasset

255 289 374 326 illum
408 290 641 326 necessario
672 289 761 326 fore
793 290 994 333 Besontii,
1028 290 1141 338 quod
1175 291 1313 339 ipsum
1344 291 1448 328 mihi
1478 304 1562 329 non
1596 292 1825 330 videbatur

217 360 234 389 5
255 343 493 381 verisimile.
541 343 797 392 Scripseram
822 358 895 393 pcr
915 344 1094 381 eundem
1120 345 1330 395 Episcopo
1352 345 1575 391 Verulano,
1595 346 1667 383 scd
1690 348 1722 383 is
1744 348 1828 385 iam

256 398 472 436 reuolarat
494 399 535 435 in
562 398 745 443 ltaliam,
770 399 998 435 Mediolani
1019 404 1326 447 expectaturus
1349 400 1450 448 quid
1480 401 1655 438 mandet
1684 401 1826 438 Ponti-

255 453 337 490 fex.
399 453 460 490 De
488 453 685 502 epistolio
707 453 820 502 quod
851 466 922 502 per
950 453 1157 490 famulum
1182 455 1287 498 misi,
1311 467 1393 491 non
1417 459 1481 492 est
1503 455 1617 503 quod
1640 456 1695 492 sis
1717 455 1827 493 solli-

256 509 378 552 citus,
394 507 497 544 nihil
517 508 647 544 babet
665 508 743 544 nisi
759 509 993 555 gratiarum
1009 509 1219 545 actionem
1235 513 1278 545 ct
1294 509 1613 546 resalutationis
1631 510 1827 547 officium.

258 562 422 599 Veteris
443 563 530 599 vini
552 561 769 599 Gilbcrtus
794 575 911 598 meus
935 562 1030 611 plus
1051 562 1235 599 adduxit.
1257 576 1385 612 quam
1406 563 1570 600 vellem.
1634 564 1694 602 Dc
1717 577 1830 602 nouo

199 634 238 654 10
256 617 500 654 curabimus
522 618 562 653 in
586 616 925 666 quadragesima.
987 617 1044 653 Vt
1064 622 1209 654 autem
1233 619 1340 654 scias
1363 623 1552 667 quantus
1573 619 1651 656 sim
1674 618 1828 656 οἰνοπό-

257 687 339 720 της,
372 671 457 708 duo
487 684 589 708 vasa
618 671 732 711 mihi,
763 673 795 708 si
825 671 939 708 solus
971 671 1127 715 bibam,
1158 673 1373 709 sufficiunt
1405 673 1444 709 in
1478 673 1621 710 decem
1653 686 1828 711 menses.

258 726 371 763 Malo
392 730 536 763 tamen
559 738 776 774 superesse
798 738 848 762 ne
870 725 981 762 desit
1006 726 1166 774 poticis‚
1185 726 1367 768 farnulis,
1387 727 1691 775 liguritoribu&
1711 729 1831 777 vapis

255 786 299 818 et
326 781 581 818 acrimoniae
612 793 687 817 sua
718 781 871 829 portio.
934 780 1083 817 Habeo
1112 782 1294 829 gratiam
1327 782 1440 830 quod
1474 794 1538 819 me
1570 782 1694 819 doces
1726 795 1827 832 quo-

257 835 384 872 modo
406 835 649 884 vapcscenti
672 836 772 872 vino
796 836 980 871 vinaceis
1003 835 1159 872 mederi
1181 835 1372 873 debeam.

201 905 237 934 15
314 890 427 927 Illud
459 890 565 927 serio
596 889 674 927 tibi
706 890 961 938 persuadeas
993 889 1131 934 velim,
1159 891 1215 927 mi
1248 891 1520 935 Richardote,
1550 895 1673 928 tuum
1703 892 1832 929 istum

257 945 474 989 affectum,
497 957 621 993 quem
647 944 800 981 litteris
823 945 908 981 tuis
930 944 1140 991 significas
1166 946 1305 982 verius
1334 958 1463 994 quam
1495 947 1707 996 exprimis,
1731 946 1833 983 mihi

258 1012 347 1037 esse
379 1000 680 1048 gratissimum.
742 999 830 1035 Risi
868 1011 942 1036 nec
978 999 1169 1036 intellexi
1206 1005 1362 1041 tamen,
1399 1000 1514 1049 quod
1556 1014 1621 1038 me
1658 1002 1834 1038 tertium

259 1055 528 1103 eloquentiae
557 1053 701 1090 lumen
725 1053 927 1102 appellas.
989 1053 1177 1091 Nimium
1208 1054 1308 1091 mihi
1338 1055 1503 1099 tribuis,
1533 1056 1566 1092 si
1596 1060 1725 1104 putas
1757 1055 1833 1093 hoc

259 1109 401 1146 seculo
427 1121 509 1146 non
531 1121 619 1145 esse
642 1109 721 1145 nisi
743 1108 850 1144 duos
880 1108 1054 1145 Erasmo
1082 1108 1361 1146 facundiores.
1424 1110 1632 1159 Equidem
1666 1123 1731 1147 me
1762 1111 1833 1147 vix

200 1178 241 1199 20
260 1163 530 1201 millesimum
557 1176 645 1199 esse
673 1163 811 1207 credo,
839 1164 918 1200 nisi
946 1163 1062 1212 quod
1092 1164 1227 1211 magis
1256 1164 1441 1201 arbitror
1472 1178 1537 1201 me
1568 1177 1663 1202 cum
1697 1165 1834 1213 Mega-

260 1218 452 1255 rensibus
474 1217 592 1254 nullo
613 1218 654 1254 in
676 1230 853 1254 numero
874 1218 1118 1267 ponendum
1141 1231 1243 1255 esse.
1305 1219 1478 1256 Vtinam
1502 1219 1612 1256 hisce
1635 1220 1834 1268 tempori-

260 1273 340 1310 bus
363 1277 450 1309 tam
474 1272 725 1309 effloruisset
746 1272 988 1309 Christiana
1011 1273 1147 1321 pietas
1169 1285 1297 1321 quam
1320 1274 1504 1311 effloruit
1524 1274 1780 1323 eloquentia.

316 1327 428 1364 Audi
450 1339 537 1364 rem
560 1326 663 1363 mihi
681 1326 918 1370 molestam,
937 1327 1010 1364 sed
1033 1327 1112 1364 tibi
1130 1332 1273 1364 tamen
1292 1329 1394 1365 risui
1411 1328 1616 1366 futuram.
1663 1329 1837 1366 Praeter

261 1382 345 1419 alia
376 1381 643 1418 incommoda
676 1381 830 1430 quibus
864 1386 1004 1418 aestas
1037 1386 1078 1418 et
1113 1386 1348 1419 autumnus
1384 1396 1449 1420 me
1485 1383 1649 1427 afflixit,
1682 1383 1763 1420 fuit
1795 1384 1835 1420 in

202 1450 241 1480 25
261 1436 439 1474 aedibus
461 1437 563 1473 meis
585 1440 708 1473 tanta
731 1436 1140 1485 improbissimorum
1170 1436 1358 1485 pulicum
1389 1438 1451 1474 vis
1480 1442 1528 1475 vt
1559 1450 1632 1487 per
1662 1450 1732 1475 cos
1762 1450 1837 1475 nec
1862 1438 1865 1446 ’

262 1491 445 1528 dormire
477 1490 622 1527 liceret
651 1503 727 1527 nec
760 1490 896 1537 legere
929 1496 1006 1528 aut
1041 1491 1232 1528 scribere.
1294 1491 1416 1537 Quod
1450 1492 1609 1529 malum
1646 1492 1836 1529 nondum

262 1546 427 1583 factum
463 1549 527 1582 est
562 1546 721 1583 mitius.
793 1544 915 1583 Soleo
956 1558 1030 1595 per
1070 1546 1209 1583 iocum
1250 1547 1396 1583 amicis
1437 1547 1586 1592 dicere,
1624 1560 1709 1584 non
1748 1559 1838 1584 esse

262 1600 422 1650 pulices
439 1600 511 1637 sed
529 1599 769 1637 daemones
816 1600 911 1637 Non
929 1604 1022 1637 erat
1038 1600 1108 1637 ille
1125 1601 1240 1637 iocus
1257 1601 1329 1638 sed
1351 1601 1573 1638 diuinatio.
1621 1601 1838 1650 Siquidem

263 1659 363 1692 ante
384 1655 472 1692 dies
493 1654 660 1703 aliquot
688 1659 841 1692 exusta
863 1659 928 1692 est
950 1654 1100 1692 mulier
1121 1667 1243 1704 quae,
1267 1668 1398 1704 quum
1422 1656 1597 1694 haberet
1621 1657 1837 1701 maritum,

205 1723 246 1753 30
264 1709 499 1747 octodecim
516 1710 639 1746 annis
656 1709 867 1746 furtiuum
885 1710 1185 1746 commercium
1205 1709 1355 1747 habuit
1369 1723 1465 1747 cum
1482 1710 1605 1748 riuali
1619 1711 1837 1748 daemone.

264 1764 327 1801 Ea
355 1765 466 1801 inter
496 1763 580 1800 alia
610 1764 787 1800 crimina
817 1767 860 1800 et
891 1763 996 1801 illud
1028 1764 1220 1801 confessa
1248 1768 1325 1809 est,
1349 1765 1464 1814 quod
1495 1778 1569 1814 per
1600 1770 1839 1803 amatorem

264 1831 387 1855 suum
421 1819 464 1855 in
497 1818 575 1856 hoe
608 1818 813 1868 oppidum
850 1819 1012 1855 miserit
1044 1818 1210 1868 aliquot
1244 1832 1419 1868 magnos
1452 1832 1595 1857 saccos
1636 1819 1838 1869 pulicum.

265 1873 432 1910 Nomen
462 1873 544 1910 vici
572 1873 644 1909 vbi
671 1878 825 1910 exusta
852 1877 929 1917 est,
952 1873 1109 1910 dicitur
1135 1873 1373 1922 Kylchoue,
1397 1874 1519 1912 abest
1548 1874 1643 1912 hinc
1672 1874 1841 1911 duabus

266 1927 406 1965 leucis.
467 1927 583 1964 Haec
613 1932 731 1964 stans
760 1927 910 1972 scribo,
937 1932 981 1965 et
1009 1932 1155 1965 tamen
1181 1928 1367 1977 vndique
1397 1933 1595 1978 pungunt
1619 1930 1661 1966 in
1684 1928 1840 1978 caligis,

205 1994 245 2025 35
266 1983 309 2019 in
331 1982 497 2020 indusio
523 1983 633 2019 circa
658 1982 828 2027 collum,
851 1986 896 2019 et
923 1986 1121 2031 pungunt
1147 1995 1262 2020 more
1291 1983 1475 2029 insolito,
1499 1988 1589 2021 tam
1618 1983 1761 2033 pusilli
1792 1987 1841 2020 vt

266 2036 415 2086 prendi
430 2049 515 2074 non
530 2041 703 2085 queant.
734 2036 977 2074 Tantumne
992 2038 1244 2086 permissum
1255 2050 1345 2075 esse
1356 2038 1581 2076 maleficis?
1608 2038 1721 2075 Bene
1733 2037 1839 2075 vale.

322 2091 515 2141 Friburgi
546 2091 761 2141 Brisgoiae
791 2091 1072 2129 decimonono
1105 2091 1171 2130 die
1207 2091 1477 2138 Nouembris,
1510 2093 1634 2131 Anno
1670 2093 1842 2130 Domini

266 2157 526 2184 M.D.XXX111.

698 2311 827 2348 2881.
893 2307 960 2347 ΤΟ
988 2306 1141 2348 SIMON
1175 2308 1405 2348 LAGNIER.

318 2398 526 2442 Epistolae
548 2397 771 2431 Vniuersae
791 2409 829 2442 p.
855 2408 892 2431 11
905 2409 960 2431 12.
1477 2399 1683 2443 Freiburg.

317 2447 444 2481 Lond.
465 2447 588 2480 xxvii.
611 2448 678 2490 48:
710 2447 792 2480 LB.
818 2450 922 2480 1262.
1373 2458 1416 2488 19
1436 2448 1666 2482 November
1688 2457 1794 2491 1533.

311 2526 618 2565 [Contemporary
635 2525 725 2555 with
744 2525 812 2565 Ep.
832 2526 928 2555 2880.
978 2525 1102 2556 Simon
1126 2525 1281 2565 Lagnier
1304 2536 1344 2556 or
1367 2525 1524 2565 Laynier
1545 2535 1704 2566 appears
1724 2526 1759 2555 in
1783 2526 1846 2556 the

267 2570 430 2610 Chapter
448 2569 624 2599 Archives
643 2573 683 2599 at
703 2569 908 2609 Besanqon,
928 2569 970 2599 G.
993 2578 1066 2608 193,
1084 2569 1121 2598 ff.
1141 2578 1205 2599 210
1222 2571 1289 2605 v0.‚
1310 2578 1384 2607 215,
1403 2579 1442 2599 as
1464 2574 1598 2610 notary
1619 2569 1693 2600 and
1714 2569 1846 2600 citizen

862 2657 959 2687 2880.
986 2666 1038 2696 30.
1065 2656 1179 2687 riuale
1197 2657 1244 2687 N.

314 2751 410 2781 2880.
438 2760 467 2789 5.
494 2751 693 2795 Verulano]
748 2752 870 2782 Ennio
928 2752 1020 2782 Filo·
1091 2757 1195 2791 story
1214 2752 1252 2782 of
1276 2752 1340 2782 the
1360 2752 1470 2783 witch
1493 2751 1530 2782 of
1555 2751 1751 2787 Schiltach,
1774 2752 1845 2792 Ep.

271 2795 387 2825 nardi.
426 2795 613 2825 Erasmus'
630 2795 740 2825 letter
753 2797 783 2825 is
797 2801 862 2826 not
877 2800 1021 2826 extant.
1092 2797 1341 2835 2846.124-52.
1375 2796 1447 2826 Ina
1458 2796 1614 2826 letterto
1624 2796 1800 2826 Erasmus
1809 2795 1847 2826 of

315 2847 344 2877 7.
371 2838 566 2876 famulum]
607 2839 849 2879 Presumably
884 2839 1022 2879 Cogna-
1093 2849 1133 2878 24
1164 2839 1250 2869 Feb.
1285 2841 1367 2878 1536
1396 2839 1504 2876 (EE2.
1535 2840 1610 2879 148)
1641 2839 1846 2869 Richardot

270 2886 344 2913 tus.
393 2882 469 2912 The
487 2882 597 2912 letter
615 2883 644 2912 is
662 2887 725 2913 not
745 2886 888 2913 extant.
1092 2883 1220 2913 recalls
1243 2883 1335 2913 both
1352 2883 1415 2913 the
1436 2883 1522 2913 fleas
1545 2883 1618 2913 and
1640 2883 1703 2913 the
1722 2883 1844 2913 witch.

316 2925 1022 2966 20—1.Megarensibus]SeeAdaq.1079.
1094 2927 1164 2957 For
1195 2936 1243 2956 an
1275 2926 1402 2956 earlier
1436 2926 1569 2966 plague
1599 2926 1637 2956 of
1668 2926 1756 2956 fleas
1787 2936 1845 2957 see

315 2979 367 3008 29.
394 2969 538 3007 mulier]
564 2969 629 2999 We
654 2980 739 3010 may
764 2980 935 3010 compare
960 2970 1023 3000 the
1092 2970 1189 3010 Epp.
1211 2979 1304 3009 2329.
1325 2979 1376 3009 77,
1397 2972 1492 3009 2362.
1513 2970 1587 3009 7-8,
1606 2979 1702 3010 2394.
1725 2978 1795 3009 137.
