1966 3379
261 136 338 174 362
717 137 975 177 LETTERS
1006 138 1077 177 OF
1107 137 1374 178 ERASMUS
1707 141 1830 191 [1534

223 253 242 284 5
261 240 362 278 dum
385 241 544 287 vixero,
576 241 784 288 futurum,
811 255 936 291 quem
963 246 1009 280 tu
1036 244 1260 288 sincerum,
1283 247 1331 280 vt
1356 243 1553 289 arbitror,
1579 245 1829 294 cognouisti.

261 295 395 333 Laeta
415 308 462 333 ac
483 295 649 334 foelicia
670 298 813 334 omnia
835 298 911 334 tibi
935 298 1109 347 perinde
1130 310 1178 335 ac
1201 297 1302 334 mihi
1325 299 1460 348 cupio.

316 349 418 388 Vale
440 350 666 389 Bruxellae
689 362 739 400 23
761 352 979 390 Februarii
1003 362 1119 402 1534.

615 526 744 563 2910.
810 523 947 563 FROM
981 523 1216 563 BERNARD
1250 522 1478 564 GRAVIUS.

314 607 481 641 Breslau
500 607 582 642 MS.
604 607 734 641 Rehd.
758 618 838 652 254.
862 617 918 651 27.
1537 608 1722 653 Cologne.

312 656 412 690 EE2.
438 667 517 700 113.
1479 668 1493 691 1
1516 658 1657 691 March
1680 668 1783 702 1534.

605 724 679 762 [An
695 724 849 765 original
866 724 986 761 letter,
1005 725 1215 765 autograph
1232 724 1490 765 throughout]

318 782 356 821 S.
381 783 426 821 P.
477 783 560 821 Cur
582 784 660 829 hic,
683 785 740 821 mi
764 784 938 821 Erasme
959 784 1256 829 eruditissime,
1280 789 1321 821 te
1346 784 1530 821 Romani
1557 784 1698 834 eloqui
1723 798 1833 822 sum—

265 851 382 876 mum
419 842 637 888 parentem
674 838 888 888 appellare
922 838 1128 883 dubitem,
1161 852 1256 876 cum
1289 852 1373 876 non
1403 832 1539 876 sol'um
1570 852 1658 889 ego,
1691 840 1763 876 sed
1793 844 1835 877 et

265 906 412 931 omnes
433 895 475 930 in
498 893 716 930 Musarum
745 893 885 930 stadio
912 893 1184 931 decurrentes
1214 894 1293 930 tibi
1323 895 1482 943 gratias
1510 907 1698 943 agamus,
1721 894 1835 943 quod

267 952 439 985 tantum
459 948 694 997 pomerium
710 947 862 985 Latine
877 948 1017 997 lingue
1033 948 1205 985 floribus
1219 952 1474 985 exornatum
1489 949 1682 986 dilataris
1697 949 1834 986 nobis-

228 1017 246 1047 5
267 1015 349 1052 que
380 1002 661 1052 patefeceris?
711 1001 882 1040 Summe
911 1002 1178 1040 inciuilitatis
1208 1007 1330 1047 esset,
1362 1004 1405 1039 ni
1436 1003 1722 1040 saluberrimis
1752 1004 1837 1040 tuis

267 1057 318 1095 de
343 1056 535 1094 fontibus
561 1060 686 1106 prata
712 1058 880 1106 rigasse,
903 1061 980 1094 tuo
1005 1057 1138 1094 ductu
1161 1057 1356 1103 directos,
1379 1059 1464 1095 tuis
1489 1058 1697 1107 suffragiis
1719 1057 1835 1095 adiu-

267 1116 347 1157 tos,
371 1116 447 1149 tuo
468 1111 648 1160 denique
673 1124 750 1150 nos
774 1113 943 1149 nomine
968 1112 1205 1149 illustratos
1233 1113 1411 1161 ingenue
1436 1112 1744 1149 confiteremur.
1796 1111 1837 1149 Si

268 1166 392 1204 diuus
423 1166 711 1214 Hieronymus
740 1166 912 1203 Donato
940 1171 1214 1216 praeceptore
1243 1180 1285 1204 se
1311 1180 1432 1204 vsum
1462 1167 1588 1204 fuisse
1619 1167 1837 1216 gloriatur,

269 1221 302 1258 si
323 1220 543 1270 apostolus
566 1220 724 1258 Paulus
745 1221 800 1258 ad
821 1220 1064 1258 Gamalielis
1086 1221 1213 1271 pedes
1235 1234 1324 1258 sese
1341 1222 1556 1258 eruditum
1578 1221 1705 1259 fuisse
1722 1221 1838 1259 laudi

210 1289 249 1310 10
268 1276 347 1313 sibi
368 1275 498 1320 ducit,
521 1275 669 1324 quidni
689 1276 819 1313 etiam
840 1275 1107 1325 gloriandum
1125 1277 1180 1313 sit
1197 1276 1298 1313 mihi
1316 1277 1388 1325 qui
1405 1289 1557 1326 magno
1574 1276 1645 1313 illo
1663 1277 1839 1313 Erasmo

268 1334 515 1380 preceptore
536 1343 636 1367 vsus
658 1331 769 1367 sim?
800 1343 926 1380 quem
955 1331 996 1367 in
1026 1330 1103 1368 hoc
1132 1331 1377 1368 mortalium
1405 1331 1576 1368 theatro
1603 1335 1700 1380 post
1727 1330 1838 1368 Cice-

269 1397 391 1422 rones
411 1388 454 1422 et
475 1384 628 1422 Fabios
649 1384 793 1422 nullus
813 1386 972 1430 extitit,
995 1386 1068 1434 qui
1089 1385 1243 1423 diuinis
1269 1385 1548 1434 humanisque
1574 1385 1776 1423 doctrinis
1797 1389 1841 1423 et

270 1439 510 1477 admirabili
541 1438 786 1488 eloquentia
816 1444 1032 1489 aequaret,
1065 1453 1116 1477 ne
1147 1440 1284 1477 dicam
1316 1441 1511 1490 praeiret.
1562 1439 1666 1478 Cum
1699 1441 1838 1489 igitur,

270 1494 328 1531 mi
348 1497 598 1544 praeceptor
619 1494 975 1543 candidiss<im>e,
1005 1494 1086 1533 h'uc
1109 1507 1241 1544 Vsque
1269 1495 1310 1532 in
1339 1495 1555 1532 Musarum
1585 1494 1724 1532 stadio
1752 1495 1840 1532 siue

213 1561 251 1591 15
271 1548 458 1599 palestra
479 1552 556 1586 tua
577 1561 706 1598 opera
733 1552 864 1598 atque
890 1549 1127 1587 eruditione
1155 1562 1401 1599 progressus
1428 1550 1519 1595 sim,
1548 1553 1621 1587 tue
1649 1549 1839 1586 humani-

271 1604 375 1641 tatis
405 1604 486 1640 erit
516 1603 819 1653 catastrophen
850 1616 1039 1641 meorum
1068 1604 1307 1642 studiorum
1337 1605 1563 1654 imponere.
1616 1604 1665 1641 Id
1695 1604 1779 1649 fiet,
1808 1605 1841 1641 si

271 1658 383 1708 patri
415 1658 547 1707 (quod
576 1661 620 1695 et
651 1659 854 1708 proximis
884 1658 1016 1696 literis
1047 1659 1222 1696 summis
1253 1659 1364 1696 votis
1394 1671 1419 1696 a
1449 1662 1492 1696 te
1524 1658 1840 1707 contenderam)

272 1713 540 1762 persuaseris,
556 1717 605 1750 vt
621 1725 687 1750 me
705 1713 759 1750 ad
776 1713 1085 1750 nobilissimum
1102 1713 1208 1750 illud
1225 1716 1291 1760 (vt
1308 1713 1459 1761 fertur)
1477 1713 1741 1751 Louaniense
1757 1726 1840 1750 em-

272 1768 438 1817 porium
467 1768 628 1813 mittat,
658 1767 773 1816 quod
801 1768 1109 1805 ardentissimis
1130 1769 1243 1806 votis
1271 1781 1480 1818 cuperem,
1509 1767 1842 1817 rectioribusque

212 1835 254 1856 20
273 1822 426 1859 studiis
446 1826 489 1859 et
510 1822 612 1859 mihi
633 1823 840 1872 imprimis
861 1822 1183 1871 consul<u>eris
1235 1822 1285 1860 In
1307 1822 1370 1860 his
1398 1835 1483 1871 quo
1508 1822 1755 1867 Bernhardi,
1779 1823 1843 1859 tui

273 1876 449 1922 clientis,
472 1877 708 1914 meminisse
729 1877 846 1923 velis5
864 1881 964 1927 peto
986 1882 1035 1914 vt
1056 1878 1128 1927 qui
1153 1878 1349 1915 maxime.
1400 1877 1525 1915 Noua
1546 1890 1570 1914 a
1591 1882 1711 1927 patre
1737 1878 1841 1914 acci-

273 1932 373 1981 pies.
424 1931 712 1969 Munstrosam
734 1931 953 1969 literarum
975 1933 1211 1982 congeriem
1233 1932 1333 1970 boni
1353 1932 1535 1977 consule,
1558 1933 1615 1969 mi
1637 1936 1828 1981 patrone.

329 1985 507 2036 Raptim
528 1999 580 2024 ex
601 1985 777 2024 aedibus
798 1987 998 2036 paternis,
1021 1987 1145 2024 Anno
1170 1996 1273 2036 1534
1294 1987 1395 2037 ipsis
1416 1986 1601 2024 calendis
1624 1987 1800 2024 Martiis.

936 2041 1221 2087 Bernhardus,
1243 2046 1345 2079 tuus
1366 2041 1627 2078 humillimus
1648 2041 1788 2078 cliens.

214 2124 254 2154 25
329 2111 699 2150 Excellentissimo
739 2112 843 2158 viro,
886 2112 1058 2150 domino
1098 2112 1276 2150 Erasmo
1320 2112 1622 2158 Roterodamo,
1663 2116 1845 2162 patrono

274 2166 610 2216 incomparabili.

702 2305 907 2346 2⁸⁶229ll.
972 2306 1039 2346 To
1071 2306 1202 2347 JOHN
1235 2306 1412 2347 LASKY.

325 2389 554 2433 Leningrad
573 2389 655 2424 MS.
677 2390 767 2423 Lat.
789 2390 832 2424 F.
854 2390 949 2424 xvii.
971 2399 1029 2433 57,
1050 2391 1077 2424 f.
1099 2401 1145 2432 99
1164 2396 1222 2424 v0.
1542 2389 1747 2433 Freiburg.

1490 2449 1509 2481 5
1529 2439 1669 2472 March
1692 2449 1797 2482 1534.

321 2517 445 2554 [From
474 2517 538 2547 the
563 2527 663 2548 same
691 2527 818 2548 souree
845 2528 886 2548 as
911 2518 981 2557 Ep.
1010 2526 1112 2557 1954:
1150 2517 1230 2548 first
1255 2517 1403 2557 printed
1428 2517 1478 2557 by
1502 2517 1569 2547 Th.
1595 2517 1847 2551 VVierbowski,

276 2561 479 2600 Materyaty
507 2561 551 2591 do
576 2561 719 2601 dziejo'w
744 2560 1034 2600 piamiennictwa
1062 2561 1248 2600 Polskieqo
1273 2562 1295 2596 i,
1324 2570 1418 2598 1900,
1446 2572 1482 2602 p.
1512 2572 1565 2601 44,
1592 2561 1667 2591 and
1694 2560 1771 2591 also
1798 2561 1848 2600 by

277 2604 523 2640 Miaskowski‚
542 2605 835 2645 Korrespondenz
851 2606 911 2636 des
928 2605 1104 2636 Erasmus
1121 2606 1187 2636 mit
1202 2605 1324 2641 Pelen,
1346 2614 1440 2642 1901,
1460 2615 1496 2645 p.
1515 2605 1607 2644 331.]

520 2686 685 2712 ERASMI
706 2665 764 2713 Ab
786 2686 1012 2713 REVEREN.
1037 2687 1076 2713 D.
1100 2686 1377 2713 PREPOSITVM
1399 2677 1609 2723 G<NEsN.>

334 2741 550 2778 EPISTOLA
573 2744 649 2778 tua
670 2741 855 2779 multum
877 2742 1043 2790 quesita
1063 2741 1201 2778 noluit
1222 2741 1364 2778 venire
1382 2740 1436 2777 ad
1459 2753 1644 2777 manum.
1695 2739 1849 2789 Accepi

279 2795 457 2833 anulum
487 2795 803 2846 Archiepiscopi
832 2796 1047 2846 quondam
1079 2799 1307 2845 gestamen.
1359 2795 1531 2832 Vtinam
1561 2798 1607 2832 tu
1637 2795 1679 2831 in
1707 2794 1850 2844 patrui

645 2867 742 2897 2910.
771 2877 821 2898 11.
847 2878 957 2908 quern
974 2878 1061 2898 corr.
1079 2867 1280 2898 Enthoven:
1307 2877 1379 2907 quo
1399 2866 1479 2896 MS.

324 2944 422 2974 2910.
446 2952 495 2983 17.
517 2943 709 2983 proximis]
720 2943 840 2974 Notin
850 2943 920 2984 Ep.
933 2945 1029 2983 2893,
1099 2944 1169 2976 but
1185 2944 1222 2974 in
1239 2953 1338 2975 some
1356 2943 1427 2974 lost
1444 2942 1563 2974 letter.

279 2988 399 3021 where
419 2987 494 3017 this
515 2990 664 3032 request
686 2987 773 3018 does
794 2991 860 3019 not
879 2998 1030 3028 appear,
