1966 3379
279 113 357 150 314
707 114 963 151 LETTERS
994 114 1064 152 OF
1095 113 1359 153 ERASMUS

1719 117 1840 164 [1533

333 216 371 253 S.
396 216 438 253 Si
460 217 524 254 1110
547 216 706 265 Viglius
728 217 951 254 offenderit
974 223 1015 255 te
1038 218 1226 255 Basileae
1250 230 1349 266 rogo
1371 222 1418 255 vt
1440 218 1664 255 candorem
1687 219 1841 267 ingenii

280 271 355 315 tui,
387 283 509 319 quem
544 271 584 307 in
617 284 762 308 omnes
799 272 929 308 bonos
960 286 1006 309 ae
1038 272 1186 309 doctos
1217 285 1463 321 expromere
1499 272 1618 316 soles,
1654 273 1695 309 in
1731 273 1840 309 hunc

280 325 559 374 conduplices,
602 338 686 374 quo
732 326 834 362 nihil
880 327 1060 363 inueniri
1106 330 1248 375 potest
1291 326 1524 363 candidius
1587 326 1713 364 Plura
1758 339 1839 364 non

279 378 447 417 addam.
472 392 521 416 ne
544 379 644 416 mihi
671 384 815 429 pereat
843 380 919 417 hoc
949 393 1112 429 operae.
1168 380 1451 430 Expectamus
1480 381 1677 429 teipsum.
1730 381 1841 418 Bene

240 447 258 476 5
280 433 384 470 vale.
436 433 592 471 Basilio
613 434 652 472 S.
676 434 913 483 plurimam.

335 488 538 536 Friburgi.
562 494 682 525 sexto
704 489 771 526 die
792 489 1022 526 Nouembr.
1050 498 1164 536 1533.

1327 544 1526 581 Erasmus
1551 544 1648 581 Rot.
1672 548 1785 581 tuus.

335 612 383 649 D.
408 612 627 650 Bonifacio
648 613 939 651 Amerbachio.
990 613 1240 661 Bas<ileae>.

654 804 783 840 2876.
848 800 915 840 To
948 800 1142 840 CONRAD
1178 800 1464 840 GoeLENnrs.

329 889 423 922 Vita
443 889 601 922 Erasmi
621 901 658 933 p.
684 900 762 931 115.

327 937 388 970 Οἳ.
411 949 448 981 p.
471 948 561 981 254:
594 938 718 971 Lond.
740 950 832 971 xxx.
853 942 921 971 02:
953 939 1034 972 LB.
1060 941 1162 980 1258.

1490 890 1693 933 Freiburg.

1396 948 1414 981 7
1434 938 1663 972 November
1687 948 1791 981 1533.

499 1031 1041 1058 ERASMxS‘ROTERODAMVS
1065 1032 1626 1059 D.CONRADO‹JQCLENH)S.

334 1090 427 1136 Qvo
459 1091 585 1128 modo
613 1096 655 1128 te
683 1091 854 1129 saluto?
885 1091 973 1128 ὄνον
1000 1091 1024 1140 ἦ
1050 1091 1245 1140 βασιλέα,·
1279 1092 1427 1129 Terret
1456 1105 1521 1129 me
1549 1104 1672 1128 omen
1702 1092 1842 1128 exusti

279 1145 427 1194 templi
454 1146 726 1195 Antuerpiae,
754 1147 787 1182 si
813 1158 937 1183 verus
963 1146 1043 1183 huc
1070 1159 1213 1184 rumor
1237 1147 1471 1184 aduolauit.
1524 1146 1703 1183 Ioannes
1730 1146 1840 1183 Dan-

278 1201 410 1237 tiscus
450 1200 683 1249 Episcopus
722 1200 868 1237 scribit
908 1200 1112 1250 oppidum
1153 1202 1272 1238 cuius
1310 1205 1403 1238 erat
1442 1200 1650 1245 dominus,
1691 1204 1734 1238 et
1770 1200 1840 1237 vbi

278 1254 465 1292 habebat
486 1267 638 1300 arcem,
661 1255 718 1292 sic
739 1255 1019 1304 conflagrasse
1041 1259 1089 1292 vt
1115 1259 1283 1305 praeter
1307 1255 1461 1292 rudera
1482 1260 1525 1292 et
1547 1256 1713 1292 moenia
1738 1254 1841 1291 nihil

241 1320 258 1349 5
279 1310 472 1358 supersit.
524 1308 665 1346 Antea
686 1309 965 1358 conflagrauit
985 1309 1194 1355 Culmum,
1209 1309 1455 1359 μητρόπολις
1482 1309 1604 1346 illius.
1655 1309 1840 1346 Narran-

279 1367 350 1400 tur
379 1363 556 1400 diuersis
585 1363 685 1400 locis
716 1363 882 1401 diuersa
909 1376 957 1401 ae
985 1364 1227 1413 prodigiosa
1258 1364 1460 1401 incendia.
1514 1364 1605 1401 Hoc
1633 1363 1735 1412 quid
1763 1363 1842 1400 sibi

279 1417 394 1462 velit,
430 1419 591 1456 nescio:
633 1419 714 1455 nisi
749 1418 863 1467 quod
903 1418 1263 1467 quemadmodum
1304 1419 1403 1456 olim
1445 1418 1600 1461 Africa,
1635 1419 1694 1455 ita
1730 1430 1841 1455 nune

279 1472 561 1521 Euangelium
585 1472 662 1509 1100
683 1472 874 1521 quotidie
895 1473 1035 1510 adfert
1055 1473 1217 1522 aliquid
1239 1474 1350 1510 noui.

334 1526 513 1563 Ioannes
535 1526 779 1575 Campensis
804 1528 901 1571 iam,
927 1532 975 1564 vt
1003 1528 1164 1576 opinor,
1194 1528 1365 1577 reliquit
1394 1527 1625 1571 Poloniam.
1655 1539 1727 1576 per
1754 1539 1840 1563 am-

222 1593 260 1613 10
280 1580 405 1629 bages
426 1581 594 1618 visurus
617 1581 849 1625 Venetiam,
867 1585 915 1618 vt
933 1581 1201 1630 colloquatur
1218 1595 1313 1619 eum
1331 1581 1490 1619 Iudaeo
1507 1581 1706 1630 quodam,
1725 1582 1842 1617 euius

279 1636 444 1684 copiam
467 1635 527 1672 illi
548 1636 742 1684 promisit
767 1635 989 1681 Aleander,
1012 1637 1083 1685 qui
1108 1649 1219 1673 nune
1242 1636 1443 1673 Venetiae
1468 1636 1591 1685 plane
1613 1636 1721 1672 viuit
1744 1635 1841 1684 Epi-

279 1702 465 1733 cureum,
488 1702 573 1727 non
595 1691 682 1727 sine
703 1690 914 1739 dignitate
939 1695 1096 1728 tamen.
1147 1690 1394 1740 Campensis
1422 1691 1678 1728 mentionem
1700 1689 1779 1726 feei
1800 1691 1841 1726 in

280 1745 482 1793 proximis
521 1744 574 1781 ad
616 1745 868 1781 Dantiscum
909 1744 1041 1782 literis
1082 1745 1368 1782 honorificam.
1432 1745 1494 1782 Eo
1534 1745 1701 1781 nomine
1740 1743 1843 1780 mihi

279 1800 437 1847 gratias
459 1800 546 1847 agit
567 1799 770 1847 ingenteS,
792 1811 878 1836 non
899 1799 1169 1837 dissimulans
1194 1812 1235 1836 se
1265 1800 1527 1849 suspicatum
1553 1811 1618 1836 me
1644 1798 1841 1847 implaca-

222 1864 258 1893 15
281 1853 352 1889 bili
374 1854 415 1889 in
438 1853 557 1898 illum
579 1853 676 1890 odio
692 1854 837 1898 teneri,
856 1853 969 1902 quod
991 1858 1086 1891 toto
1102 1854 1395 1903 quinquennio
1416 1866 1635 1902 nunquam
1654 1853 1842 1889 iusserim

279 1907 397 1944 illum
419 1907 592 1945 saluere.
644 1907 723 1945 Hie
744 1908 814 1944 risi
835 1909 949 1952 satis,
972 1921 1105 1957 quum
1127 1908 1178 1946 de
1200 1908 1297 1946 odio
1319 1909 1361 1945 in
1382 1908 1501 1945 illum
1525 1920 1575 1944 ne
1597 1907 1842 1944 somniarim

279 1961 450 2009 quidem
487 1974 688 2011 vnquam.
744 1961 888 1999 Sentio
925 1962 1096 1999 Parisiis
1126 1975 1215 2000 esse
1246 1962 1491 2000 sodalitium
1522 1961 1841 2003 Germanorum,

280 2017 345 2052 eui
381 2016 592 2065 praesidet
627 2015 815 2060 Carinus,
852 2016 1095 2054 declamans
1131 2030 1259 2065 quam
1291 2017 1452 2054 atrocia
1485 2016 1708 2053 commissa
1739 2015 1842 2052 mihi

279 2070 529 2107 condonarit
556 2071 609 2108 ob
637 2070 866 2108 Christum.
918 2071 997 2108 Est
1025 2071 1106 2108 11110
1129 2070 1373 2108 Guinterius
1402 2070 1659 2113 Anderaeus,
1681 2082 1702 2106 e
1724 2070 1842 2106 cuius

219 2135 260 2156 20
279 2123 412 2161 literis
441 2125 632 2174 intelligo
662 2125 936 2162 Paschasium
966 2125 1210 2174 frequenter
1240 2125 1294 2162 ad
1325 2126 1463 2174 ipsum
1494 2124 1686 2161 scribere.
1747 2123 1841 2160 Tibi

281 2179 481 2228 prudenti
498 2192 581 2216 non
599 2183 662 2216 est
680 2192 785 2228 opus
800 2181 1022 2217 monitore.
1074 2179 1267 2217 Obruent
1284 2184 1325 2217 te
1344 2179 1531 2223 tandem,
1549 2179 1583 2215 si
1600 2178 1842 2227 frequenter

280 2232 334 2270 ad
354 2233 449 2270 illos
469 2234 695 2282 scripseris.

335 2287 636 2325 Melanehthon
658 2292 836 2326 vocatus
859 2292 924 2325 est
945 2289 987 2325 in
1017 2288 1248 2326 Poloniam.
1300 2287 1350 2325 Id
1375 2287 1429 2325 ad
1455 2300 1520 2324 me
1549 2287 1715 2336 scripsit
1743 2286 1838 2335 Epi-

325 2418 420 2447 2876.
447 2427 477 2447 2.
504 2418 646 2458 templi]
672 2418 725 2448 Cf.
750 2418 846 2459 Epp.
874 2419 969 2458 2877.
993 2428 1025 2455 9,

283 2463 376 2499 2906.
393 2470 489 2497 91-2.

1142 2419 1191 2448 18.
1218 2418 1385 2455 Carinus]
1415 2418 1478 2448 See
1511 2417 1579 2457 Ep.
1613 2426 1676 2453 920
1709 2416 1842 2446 introd.

1096 2462 1140 2492 In
1154 2463 1250 2502 spite
1264 2462 1300 2492 of
1315 2462 1370 2492 his
1384 2466 1538 2501 rupture
1552 2461 1641 2490 with
1656 2460 1843 2494 Erasinus,

324 2513 353 2543 3.
380 2504 521 2542 scribit]
535 2505 591 2535 No
602 2505 711 2536 letter
722 2505 815 2536 from
830 2506 1027 2536 Dantiseus

281 2552 321 2579 to
341 2548 515 2578 Erasmus
537 2549 566 2578 is
588 2553 738 2584 extant;
765 2559 823 2579 see
842 2549 909 2589 Ep.
930 2552 1025 2588 2643.

280 2602 337 2631 411.

295 2648 297 2651 v
323 2645 354 2672 9.
380 2635 608 2674 Campensis]
626 2635 683 2665 He
699 2635 772 2665 had
789 2636 825 2666 in
840 2644 922 2675 1533
936 2646 1027 2675 gone

281 2683 321 2709 to
344 2679 501 2713 Cracow,
524 2688 564 2708 as
587 2679 770 2718 professor
793 2679 831 2709 of
856 2680 1026 2715 Hebrew,

281 2722 349 2752 but
366 2721 486 2752 would
509 2726 575 2752 not
597 2726 692 2761 stay,
710 2732 750 2752 as
767 2722 812 2752 he
828 2723 965 2752 wished
987 2727 1026 2753 to

280 2765 394 2805 study
417 2765 506 2795 with
535 2765 634 2795 Elias
661 2766 792 2796 Levita
819 2766 854 2796 in
880 2766 1025 2796 Venice.

280 2808 357 2838 The
391 2808 500 2838 letter
534 2812 573 2839 to
608 2809 806 2839 Dantiscus
841 2810 877 2839 in
909 2809 1026 2839 which

281 2852 456 2882 Erasmus
480 2851 587 2882 made
614 2852 838 2882 honourable
862 2853 1027 2883 mention

281 2896 318 2925 of
335 2895 547 2935 Campensis
564 2896 593 2925 is
611 2900 676 2926 not
694 2900 837 2926 extant.
878 2896 942 2926 See
957 2896 1025 2936 Ep.

281 2941 376 2978 2644.
396 2947 473 2978 23n.

1095 2506 1248 2536 Carinus
1265 2505 1337 2535 had
1358 2506 1505 2535 written
1526 2505 1688 2544 praising
1708 2504 1781 2533 him
1805 2509 1844 2533 to

1096 2549 1174 2579 Nic.
1193 2549 1400 2579 Borbonius
1418 2549 1454 2578 in
1474 2548 1559 2578 Feb.
1578 2547 1615 2577 of
1632 2547 1706 2577 this
1723 2556 1819 2586 year.

1143 2601 1193 2629 19.
1218 2592 1445 2628 Guinterius]
1475 2590 1671 2621 Identified
1703 2590 1752 2629 by
1780 2590 1842 2619 Dr.

1096 2635 1152 2666 W.
1166 2635 1304 2665 Kohler
1314 2635 1403 2665 with
1415 2635 1514 2664 John
1522 2634 1675 2667 &Vinten
1687 2643 1707 2663 a
1716 2633 1844 2663 doctor

1095 2679 1133 2709 of
1157 2678 1346 2713 medicine,
1370 2679 1450 2708 who
1475 2678 1511 2707 in
1532 2686 1614 2716 1544
1638 2676 1780 2707 resided
1804 2682 1842 2706 at

1096 2722 1327 2761 Strasbourg.
1368 2721 1433 2751 We
1445 2721 1538 2751 have
1550 2720 1664 2750 found
1679 2730 1725 2750 no
1738 2720 1845 2750 other

1096 2766 1261 2796 mention
1289 2765 1326 2795 of
1354 2765 1429 2794 him
1455 2765 1490 2794 in
1517 2763 1702 2794 Erasmus'
1728 2773 1842 2793 corre·

1094 2809 1313 2849 spondenee.

1141 2862 1193 2882 20.
1219 2851 1470 2889 Paschasium]
1503 2850 1567 2881 See
1596 2850 1663 2890 Ep.
1697 2851 1759 2889 674
1792 2850 1843 2879 in-

1097 2896 1191 2926 trod.
