1966 3379
127 131 247 178 2907]
498 126 657 164 FROM
688 124 971 164 BONIFACE
1002 124 1321 162 AMERBACH
1611 123 1686 160 361

123 233 354 277 auersaris;
386 231 464 269 tibi
486 235 598 268 certe
616 230 682 267 vel
704 230 757 267 ob
780 229 1033 279 singularem
1055 232 1175 266 tuam
1198 229 1239 265 in
1261 241 1326 265 me
1348 227 1690 265 beneuolentiam

124 287 229 325 nihil
250 299 334 324 non
355 286 500 323 debeo.
551 285 687 330 Quam
708 284 952 333 frequenter
974 283 1052 320 tibi
1078 295 1206 332 opera
1230 284 1461 319 amicorum
1485 295 1590 331 opus
1612 286 1688 327 est,

125 346 214 379 tam
236 353 387 391 puram
409 345 451 377 et
473 353 524 377 ex
546 340 687 377 animo
708 339 993 388 profecta<m>
1015 351 1040 374 a
1061 350 1126 374 me
1142 341 1340 386 expectes
1358 349 1470 385 rogo.
1512 337 1690 374 Erasmo

125 396 347 433 inseruisse
369 394 618 432 beneficium
640 397 758 443 puto,
781 396 824 429 et
845 392 1016 441 quidem
1038 404 1122 429 non
1144 392 1329 441 vulgare.
1710 404 1751 424 20

178 449 361 488 Calamis
389 462 454 486 me
476 461 598 486 vsum
620 449 662 484 in
685 447 907 485 scribendo
935 459 1019 483 non
1047 447 1231 483 memini.
1285 445 1466 483 Proinde
1494 445 1595 482 dum
1623 445 1690 482 hic

124 504 310 553 vndique
331 504 545 540 vndenam
568 502 712 540 haberi
733 502 898 551 possint
926 505 969 538 et
997 501 1234 550 comparari
1263 500 1429 548 inquiro
1458 502 1550 545 (nec
1578 500 1689 536 enim

124 562 338 596 nostrates
378 558 516 594 idonei
555 559 684 604 sunt),
721 557 762 592 in
797 555 1106 604 Hieronymum
1145 554 1335 591 Rhetum
1371 553 1481 591 forte
1516 553 1691 591 fortuna

122 613 263 657 incidi,
287 613 359 661 qui
381 624 424 649 se
444 611 608 661 aliquot
630 611 784 656 habere
805 610 975 647 dicebat
997 609 1096 646 olim
1123 609 1202 646 sibi
1227 608 1302 645 abs
1331 614 1373 646 te
1402 608 1514 646 dono
1539 608 1687 645 datos:

122 679 227 716 quos
263 671 312 704 vt
351 666 430 704 tibi
464 667 558 703 vsui
592 678 681 703 esse
721 665 898 714 possint,
939 669 1015 701 tuo
1050 667 1092 701 te
1128 675 1301 700 munere
1342 667 1690 700 remuneraturus
1710 675 1750 705 25

121 722 315 759 remittit.
366 720 480 759 Bene
502 720 608 758 vale.

435 909 641 948 ²⁹0⁷2908.
705 907 772 948 To
806 908 1049 948 BONIFAOE
1083 906 1367 947 AMERBACH.

170 999 289 1032 Basle
307 999 390 1033 MS.
411 999 498 1032 AN.
520 998 597 1032 ΙΙΙ.
622 1007 677 1040 15.
698 999 757 1042 84.
1314 996 1519 1039 Freiburg.

167 1048 212 1088 Q.
235 1059 293 1091 31.
1194 1056 1235 1079 21
1258 1046 1468 1089 February
1489 1051 1639 1089 0534>

165 1131 239 1169 [An
255 1132 408 1172 original
425 1132 546 1167 letter,
561 1131 771 1171 autograph
788 1130 1032 1170 throughout,
1050 1130 1200 1160 written
1213 1130 1251 1160 in
1266 1130 1383 1160 haste.
1426 1130 1497 1160 For
1510 1129 1573 1160 the
1588 1139 1688 1169 year-

119 1175 206 1206 date
224 1186 282 1206 see
299 1176 369 1216 Ep.
385 1185 465 1213 2901
487 1175 638 1213 introd]

174 1251 283 1296 ΑΘΕ,
305 1252 445 1301 patiar
466 1251 531 1288 hic
553 1263 721 1300 quoque
742 1254 785 1288 te
807 1250 987 1295 vincere,
1009 1249 1181 1299 quando
1208 1250 1269 1286 ita
1291 1250 1379 1294 vis3
1410 1249 1484 1286 sed
1511 1249 1690 1299 posthac

119 1318 204 1343 non
238 1305 350 1343 dabo
385 1305 464 1343 tib'i
500 1305 679 1342 similem
715 1305 989 1342 occasionem.
1041 1304 1408 1341 Dissimulandum
1439 1308 1544 1347 erat,
1575 1304 1690 1352 quod

120 1360 223 1397 mihi
257 1364 479 1410 pararetur
513 1360 581 1397 ille
615 1359 769 1409 puluis,
821 1359 1073 1396 Extrudunt
1103 1371 1201 1396 suas
1235 1359 1437 1396 materias
1471 1358 1688 1396 euanidas.

119 1414 242 1460 Quod
263 1416 307 1452 in
327 1414 404 1452 hoc
426 1414 599 1464 puluere
627 1415 877 1464 precipuum
905 1418 982 1459 est,
1012 1413 1301 1458 rebarbarum,
1330 1414 1372 1450 ni
1398 1413 1534 1458 fallor,
1564 1417 1690 1463 putre

117 1472 193 1507 est.
245 1468 378 1514 Quem
400 1469 640 1518 Ephorinus
662 1470 842 1514 curauit,
864 1472 956 1505 erat
977 1468 1157 1517 elegans.
1208 1467 1397 1505 Medicus
1417 1472 1522 1506 erat.
1709 1486 1728 1516 5

173 1522 353 1561 Gratum
375 1528 439 1561 est
459 1525 608 1561 missos
628 1536 718 1561 esse
745 1523 943 1561 calamos.
996 1522 1109 1560 Rcto
1136 1523 1201 1572 egi
1227 1523 1399 1572 gratias,
1429 1523 1496 1560 cui
1524 1522 1690 1560 curabis

117 1578 375 1616 reddendam
395 1578 632 1628 epistolam.

174 1631 348 1670 Gaudeo
379 1633 457 1670 tibi
491 1637 663 1671 auctam
698 1632 917 1670 fortunam
953 1645 1049 1669 cum
1080 1632 1302 1681 (lignitate.
1354 1631 1488 1682 Cupio
1519 1635 1562 1670 te
1593 1645 1689 1669 cum

117 1687 197 1724 tibi
217 1687 472 1725 charissimis
493 1700 621 1736 quam
643 1688 923 1737 prosperrime
945 1687 1097 1724 valere.

172 1742 378 1791 Friburgi.
403 1753 450 1779 21
474 1741 540 1779 die
562 1742 682 1780 Febr.
1711 1761 1750 1782 10

1170 1796 1373 1833 Erasmus
1396 1796 1495 1833 Roti.
1518 1800 1632 1834 tuus.

173 1883 359 1922 Clarriss.
383 1883 433 1921 D.
458 1883 675 1922 Bonifacio
697 1883 991 1922 Amerbachio.
1042 1883 1246 1922 Basileae.

505 2073 633 2111 2909.
699 2071 836 2112 FROM
869 2071 1115 2112 NICHOLAS
1146 2070 1296 2111 OLAH.

166 2160 389 2205 Esterhazy
409 2160 491 2194 MS.
514 2169 595 2203 557.
1332 2161 1524 2194 Brussels.

165 2209 248 2243 OE.
269 2220 352 2254 459.
1233 2221 1276 2254 23
1297 2210 1507 2254 February
1531 2221 1636 2254 1534.

160 2293 252 2330 [The
268 2292 355 2323 date
372 2303 456 2332 may
475 2293 519 2323 be
536 2293 723 2333 accepted.
772 2294 829 2324 On
847 2296 888 2324 26
907 2294 994 2325 Feb.
1017 2303 1098 2334 1534
1122 2294 1251 2325 Schets
1274 2294 1478 2325 forwarded
1496 2297 1536 2324 to
1554 2294 1647 2325 Olah
1664 2305 1686 2325 a

115 2336 225 2367 letter
243 2337 336 2367 from
354 2337 530 2367 Erasmus
548 2336 631 2377 (Ep.
652 2337 774 2375 2898);
800 2348 859 2368 see
877 2338 952 2368 OE.
973 2348 1009 2378 p.
1028 2338 1119 2378 459]

325 2424 367 2450 N.
391 2423 491 2449 OLAI
512 2423 570 2450 AD
591 2423 866 2451 DESIDERIVM
889 2424 1100 2451 ERASMVM
1122 2425 1473 2452 ROTERODAMVM.

171 2482 215 2521 S1
237 2483 341 2522 bene
363 2483 443 2521 tibi
464 2487 528 2521 est
550 2483 762 2533 valesquc,
791 2497 842 2522 ex
867 2485 1010 2522 animo
1032 2484 1180 2522 laetor.
1231 2485 1429 2522 Admiror
1454 2485 1685 2535 plurimum

114 2550 181 2574 me
211 2551 236 2575 a
266 2538 469 2576 diuturno
499 2538 602 2575 satis
630 2538 712 2576 iam
741 2543 931 2589 tempore
958 2539 1062 2577 nihil
1091 2552 1115 2577 a
1143 2543 1184 2577 te
1214 2539 1433 2577 literarum
1461 2541 1683 2589 accepisse.

115 2591 198 2629 Oro
233 2597 287 2637 te,
323 2593 379 2630 mi
411 2592 597 2637 Erasme,
629 2596 677 2630 vt
707 2593 758 2630 de
789 2597 907 2631 statu
939 2607 987 2631 ac
1018 2594 1315 2632 incolumitate
1346 2598 1423 2631 tua
1453 2594 1583 2631 facias
1618 2607 1685 2631 me

114 2647 351 2685 cerciorem.
403 2647 534 2692 Quem
552 2648 658 2684 scito
679 2660 774 2685 eum
797 2649 980 2686 amicum
1001 2653 1046 2686 et
1066 2661 1177 2686 nunc
1200 2649 1278 2686 tibi
1300 2661 1388 2686 esse
1409 2654 1451 2685 et
1473 2649 1682 2698 deinceps,

157 2745 252 2775 2907.
279 2755 331 2784 23.
358 2746 626 2784 Hieronymum
683 2745 863 2785 Rhetuin]
932 2747 989 2777 He
1003 2748 1086 2777 diod
1105 2748 1139 2777 in
1164 2757 1240 2786 1541
1258 2748 1295 2777 of
1313 2748 1375 2777 the
1391 2747 1532 2787 pingue.
1567 2747 1684 2777 There

112 2788 259 2819 Jerome
292 2789 449 2829 Artolph
481 2790 518 2819 of
548 2789 658 2825 (Thur,
691 2799 712 2819 a
744 2790 863 2820 friend
931 2791 961 2821 is
985 2801 1006 2821 a
1034 2791 1143 2821 letter
1172 2792 1264 2821 froin
1295 2792 1369 2821 him
1401 2795 1440 2821 to
1469 2790 1617 2829 Zwingli
1646 2791 1684 2821 of

112 2831 186 2862 and
213 2836 495 2872 contemporary
524 2833 561 2862 of
590 2833 784 2863 Bonifacc:
819 2834 863 2864 he
935 2844 968 2864 11
1006 2835 1098 2865 Nov.
1131 2844 1212 2872 1519
1242 2835 1328 2871 (Zw.
1363 2834 1404 2864 E.
1437 2834 1507 2867 ool.
1541 2834 1613 2863 mid
1646 2835 1681 2864 in

112 2876 370 2905 inatriculated
393 2879 433 2906 at
455 2876 561 2906 Baslc
585 2885 744 2913 1500-10,
770 2877 859 2907 RA.
930 2878 1069 2908 Beatus
1080 2877 1616 2917 Rhenanus*correspondence
1627 2878 1682 2908 his

116 2927 210 2956 1511.
242 2919 337 2949 M.A.
367 2928 460 2958 1513,
488 2920 623 2950 Rector
647 2921 740 2958 1538,
766 2921 859 2951 ‹lcan
930 2932 1036 2951 name
1054 2932 1180 2952 occurs
1198 2922 1351 2961 sending
1368 2922 1561 2959 groetings.

112 2962 150 2992 of
168 2963 231 2992 tho
250 2963 518 3004 Philosophical
538 2963 677 3004 faculty
700 2973 858 3003 1539—40.
973 2966 1069 2996 2908.
1098 2975 1126 3006 7.
1153 2965 1362 3006 epistolam]
1383 2965 1455 2995 Not
1474 2970 1618 2995 extant.
