1966 3379
152 121 274 170 2853]
881 119 952 158 TO
983 123 999 158 ’ἰ
1641 120 1719 157 283

151 224 376 263 manifesto
393 225 603 269 mortalia,
621 228 664 261 et
680 225 752 273 qui
773 227 898 261 cauet
915 236 965 261 ne
982 223 1097 272 quod
1113 223 1278 260 facinus
1294 223 1476 272 capitale
1497 224 1716 262 admittat.

151 279 213 316 De
231 279 480 328 Purgatorio
501 280 542 316 in
565 291 640 316 suo
657 279 834 327 quisque
855 291 978 315 sensu
996 277 1200 322 abundet,
1217 290 1301 314 non
1322 281 1387 314 est
1404 278 1515 326 quod
1540 278 1593 315 ob
1616 278 1717 315 haec

151 333 370 371 scindatur
399 332 638 371 Christiana
669 333 865 370 charitas,
926 332 987 369 De
1019 332 1170 369 Libero
1199 331 1389 368 Arbitrio
1422 332 1644 381 disputent
1674 333 1716 369 in
1738 345 1777 375 35

151 387 340 425 Sorbona
360 387 557 436 theologi,
581 387 674 424 laici
696 387 944 436 simpliciter
967 386 1191 423 ambulent
1217 390 1261 423 et
1289 385 1560 423 confidenter.
1621 385 1716 424 Siue

151 441 382 479 iustificent
410 441 521 479 bona
549 454 688 490 opera,
715 442 802 478 siue
826 453 924 485 non,
953 440 1056 477 nihil
1084 440 1225 485 refert,
1255 440 1381 477 modo
1409 441 1635 477 conueniat
1662 441 1716 478 ad

151 496 332 534 salutem
366 509 449 533 non
481 496 668 533 sufficere
700 495 825 533 fidem
859 495 945 532 sine
978 495 1098 532 bonis
1132 495 1343 544 operibus.
1404 494 1465 531 De
1502 494 1716 544 baptismo

150 554 355 595 seruetur,
384 550 498 599 quod
529 554 597 587 tot
623 549 772 587 seculis
803 550 992 587 seruauit
1020 549 1219 586 Ecclesia.
1281 549 1429 586 Posset
1457 553 1601 586 tamen
1627 550 1715 586 vni-

150 605 302 654 cuique
319 605 485 654 parenti
502 604 683 653 relinqui
704 604 895 649 liberum,
915 608 1060 641 Vtrum
1077 603 1200 641 malit
1217 603 1365 640 statim
1383 603 1489 652 tingi
1510 603 1715 640 infantem
1737 618 1778 647 40

150 671 288 703 suum,
310 672 364 696 an
386 659 543 696 differri
566 672 698 708 vsque
719 658 773 695 ad
794 657 1137 703 adolescentiam,
1155 657 1282 695 modo
1303 658 1473 694 interim
1495 657 1718 706 diligenter

150 714 403 751 instituatur
433 714 474 750 in
502 713 773 763 dogmatibus
801 712 1050 750 orthodoxis
1081 716 1126 749 et
1156 713 1315 750 sanctis
1346 711 1544 749 moribus.
1605 712 1715 749 Ana-

150 768 365 817 baptistae
393 768 511 805 nullo
536 767 662 805 modo
685 766 846 804 ferendi
873 771 985 804 sunt.
1045 766 1241 816 Apostoli
1268 766 1417 804 iubent
1444 778 1521 803 nos
1549 766 1718 803 obedire

149 823 482 871 magistratibus,
513 827 557 859 et
586 823 657 860 isti
685 825 921 871 grauantur
951 821 1119 859 obedire
1154 821 1420 870 Principibus
1453 819 1715 858 Christianis.

149 875 399 914 communio
421 877 629 914 bonorum
651 877 706 914 sit
730 889 781 913 ex
807 876 1030 921 charitate,
1053 877 1259 925 possessio
1286 880 1330 912 et
1357 876 1420 912 ius
1445 875 1718 925 dispensandi
1738 890 1778 920 45

148 935 320 968 maneat
340 944 466 981 penes
487 931 826 981 proprietarium.
886 929 928 968 Si
950 930 1001 968 de
1022 930 1291 967 Eucharistia
1312 930 1369 967 sic
1391 931 1502 966 inter
1523 942 1565 966 se
1585 929 1717 972 ambi-

147 989 265 1034 gunt,
298 990 346 1023 vt
379 985 569 1035 quotidie
603 986 773 1035 pariant
808 997 941 1022 nouas
973 989 1016 1022 et
1047 984 1255 1022 absurdas
1290 985 1520 1034 opiniones,
1554 988 1719 1033 quanto

147 1040 383 1077 consultius
417 1044 510 1078 erat
541 1052 710 1078 manere
742 1040 784 1076 in
817 1044 958 1077 vetere
994 1040 1219 1085 sententia,
1253 1039 1385 1076 donec
1420 1038 1483 1075 vel
1522 1038 1719 1087 Synodus

148 1095 409 1139 vniuersalis,
444 1094 510 1132 vel
545 1094 749 1132 reuelatio
781 1093 1001 1139 diuinitus,
1035 1093 1198 1143 aliquid
1231 1094 1394 1143 aperiat
1428 1094 1595 1130 certius.
1657 1092 1718 1130 De

146 1148 366 1186 adorando
394 1149 616 1198 scrupulus
641 1148 763 1186 facile
792 1148 986 1186 soluitur.
1046 1148 1182 1185 Nemo
1209 1148 1363 1185 adorat
1392 1147 1717 1190 Eucharistiam,
1739 1160 1780 1189 50

146 1204 225 1241 nisi
256 1204 313 1240 ibi
344 1204 399 1241 sit
429 1208 547 1241 totus
578 1203 782 1241 Christus.
843 1203 930 1240 Nec
967 1203 1193 1252 quisquam
1230 1207 1319 1240 tam
1355 1202 1527 1239 demens
1561 1206 1638 1247 est,
1671 1206 1719 1238 vt

147 1257 380 1296 humanam
419 1257 574 1296 Christi
614 1262 812 1295 naturam
853 1257 1003 1295 adoret
1042 1270 1118 1307 pro
1158 1257 1314 1294 diuina.
1375 1257 1534 1294 Diuina
1573 1261 1718 1293 autem

146 1325 357 1362 nusquam
394 1325 478 1350 non
517 1317 582 1350 est
621 1325 829 1362 praesens.
890 1312 1061 1350 Abusus
1096 1312 1221 1350 huius
1256 1311 1511 1349 sacramenti
1546 1316 1719 1361 possent

146 1368 307 1416 corrigi.
369 1366 478 1405 Olim
501 1380 584 1404 non
607 1367 920 1412 ostentabatur,
943 1367 1016 1404 sed
1041 1366 1294 1404 seruabatur
1320 1366 1529 1403 inclusum
1556 1367 1597 1402 in
1627 1365 1719 1402 loco

146 1421 318 1459 mundo.
378 1422 465 1459 Nec
495 1421 873 1459 circumferebatur
903 1422 945 1459 in
974 1421 1097 1466 ludis,
1129 1426 1205 1458 aut
1234 1433 1308 1470 per
1337 1433 1459 1470 agros
1490 1420 1543 1457 ab
1574 1421 1718 1469 equite
1738 1433 1778 1463 55

146 1476 376 1514 sacerdote.
437 1475 687 1514 Volentibus
726 1489 905 1521 sumere,
947 1476 1255 1526 porrigebatur.
1315 1475 1440 1512 Nunc
1484 1476 1526 1512 in
1566 1474 1718 1524 Anglia

145 1530 263 1568 nulla
290 1535 355 1568 est
379 1531 543 1576 domus,
568 1530 686 1568 nulla
715 1543 920 1580 caupona,
950 1543 1056 1581 pene
1087 1531 1277 1568 dixeram
1309 1530 1500 1580 lupanar,
1530 1529 1602 1566 vbi
1634 1542 1718 1567 non

146 1585 417 1624 sacrificetur.
474 1585 589 1623 Haec
611 1585 804 1623 vendunt
825 1586 1039 1623 cortisani.

201 1640 253 1677 In
275 1641 451 1677 caeteris
478 1641 578 1678 item
605 1641 637 1677 si
664 1641 862 1689 vtrinque
887 1640 1162 1678 adhiberetur
1186 1639 1438 1683 moderatio,
1459 1638 1652 1676 fortassis
1677 1638 1719 1675 hi

146 1695 359 1732 tumultus
381 1695 589 1744 paulatim
610 1695 795 1732 redirent
817 1696 859 1732 in
880 1695 1065 1744 aliquem
1087 1694 1369 1744 tranquillum
1398 1698 1574 1731 statum.
1626 1692 1718 1730 Hoc
1739 1699 1781 1727 60

146 1749 366 1787 consilium
389 1753 595 1798 sequutus
615 1753 679 1787 est
700 1749 799 1786 Dux
822 1749 1080 1795 Iuliacensis,
1097 1754 1141 1787 et
1162 1749 1324 1787 fatetur
1340 1761 1538 1798 prospere
1559 1747 1717 1785 cedere.

146 1803 234 1841 Neo
252 1804 416 1849 dubito,
435 1805 537 1853 quin
555 1804 665 1841 idem
682 1804 850 1841 factura
867 1805 923 1841 sit
939 1808 1084 1842 vestra
1105 1804 1270 1849 ciuitas,
1289 1804 1323 1840 si
1345 1816 1418 1852 per
1439 1802 1719 1840 Ecclesiastas

146 1858 302 1896 liceret.
355 1859 520 1904 Vereor,
539 1871 589 1896 ne
611 1858 671 1896 illi
693 1871 817 1896 suum
838 1863 969 1908 agant
990 1859 1221 1909 negotium,
1240 1862 1289 1896 vt
1310 1859 1396 1896 sint
1418 1858 1459 1895 in
1482 1861 1592 1895 tuto.
1614 1889 1620 1894 .
1642 1888 1648 1894 .
1671 1888 1678 1895 .

447 2059 652 2100 2⁸¹⁰2854.
717 2059 854 2099 FROM
888 2058 1087 2099 anms
1121 2057 1415 2098 ZUICHEMUS.

196 2149 313 2184 VZE.
334 2159 393 2194 45.
1433 2145 1586 2180 Padua.

1343 2207 1362 2230 2
1384 2197 1541 2240 August
1563 2205 1668 2238 1533.

201 2264 381 2303 SEMPER
402 2265 597 2314 equidem
619 2265 760 2314 magni
788 2264 978 2302 beneficii
1007 2263 1099 2301 loco
1127 2263 1244 2309 duxi,
1268 2263 1306 2300 D
1329 2263 1516 2306 Emsme,
1539 2265 1717 2312 patrone

147 2321 336 2357 omnium
370 2320 554 2357 maxime
589 2324 633 2356 et
668 2319 1043 2364 honorandissime,
1075 2318 1191 2368 quod
1225 2317 1280 2355 ad
1315 2330 1382 2355 me
1418 2317 1598 2354 scribere
1632 2328 1717 2352 non

146 2375 393 2424 grauareris.
454 2374 577 2411 Nunc
599 2378 743 2411 autem
766 2374 881 2423 quod
903 2378 993 2411 tam
1022 2373 1209 2423 prolixiS,
1233 2371 1485 2416 honorificis,
1508 2371 1716 2420 benignis-

147 2442 228 2478 que
250 2429 383 2467 literis
404 2430 559 2466 iterum
581 2433 712 2478 atque
734 2429 889 2467 iterum
912 2441 977 2466 me
999 2429 1054 2465 sis
1075 2427 1287 2476 dignatus,
1305 2427 1493 2464 maxima
1510 2425 1589 2463 tibi
1610 2438 1634 2462 a
1651 2437 1716 2462 me

147 2485 285 2533 gratia
307 2483 500 2521 habetur.
549 2483 659 2520 Nam
682 2488 834 2520 mutuo
856 2482 1065 2520 scribendi
1088 2482 1224 2520 officio
1245 2481 1351 2519 adeo
1373 2481 1453 2518 tibi
1474 2479 1716 2517 satisfacere
1736 2492 1753 2522 5

147 2551 322 2587 nequeo,
346 2542 394 2575 vt
415 2537 585 2575 abunde
606 2550 682 2575 suo
703 2538 838 2575 officio
859 2537 1032 2575 functae
1055 2537 1202 2574 literae
1220 2548 1337 2573 meae
1355 2535 1458 2572 mihi
1476 2535 1715 2577 videantur,

147 2593 180 2629 si
210 2593 337 2630 modo
369 2592 471 2630 nihil
503 2597 544 2629 te
575 2591 842 2638 offenderint,
869 2596 912 2629 et
943 2591 1112 2641 qualem
1144 2591 1313 2640 qualem
1345 2590 1607 2628 occasionem
1638 2588 1716 2625 tibi

147 2647 435 2696 praebuerint,
454 2660 538 2696 quo
560 2647 637 2684 hoc
655 2659 753 2696 erga
774 2660 840 2684 me
862 2646 1111 2684 beneficium
1134 2646 1175 2683 in
1197 2650 1414 2695 posterum
1433 2656 1601 2693 quoque
1618 2655 1714 2679 con-

148 2702 298 2739 tinues.
359 2701 481 2747 Quod
504 2702 537 2738 si
559 2706 702 2738 autem
726 2702 838 2739 votis
860 2702 963 2739 meis
985 2700 1135 2750 Superi
1156 2700 1398 2744 annuerint,
1427 2699 1467 2735 id
1496 2703 1573 2741 est,
1597 2701 1645 2734 vt
1672 2701 1715 2734 et

148 2760 190 2793 te
212 2756 284 2793 diu
304 2756 425 2794 nobis
448 2755 700 2793 incolumem
722 2760 765 2793 et
786 2756 1059 2806 superstitem
1082 2759 1266 2800 seruent,
1295 2758 1339 2791 et
1368 2753 1468 2790 mihi
1498 2752 1714 2789 fortunam
1740 2770 1777 2791 10

528 2833 624 2863 2853.
650 2835 702 2864 62.
729 2833 874 2864 factura
890 2833 1125 2873 scripsimus:
1152 2832 1279 2862 futura
1296 2832 1333 2861 O.

191 2922 287 2952 2853.
314 2930 365 2959 51.
393 2921 466 2951 Nec
487 2945 493 2950 .
514 2945 519 2950 .
541 2944 547 2950 .
578 2922 630 2959 58.
656 2921 894 2958 sacrificetur]
963 2920 1036 2951 and
1056 2920 1284 2951 Ecclesiastcs
1302 2918 1374 2949 LB.
1394 2928 1427 2947 v.
1446 2918 1596 2956 840A-D.

146 2965 281 2996 Cf.L2‘b.
295 2966 334 2996 de
343 2975 429 2995 sarr.
440 2965 516 2995 eccl.
527 2975 619 2995 conc.
633 2964 703 2995 LB.
714 2975 747 2995 v.
758 2973 894 3004 50411νῦ
