1966 3379
262 98 341 135 220
696 97 953 136 LETTERS
984 97 1055 137 OF
1085 97 1353 137 ERASMUS
1715 102 1839 149 [1533

262 201 381 239 illum
400 202 441 239 in
458 214 507 239 eo
527 202 656 239 etiam
676 215 789 239 nunc
806 215 932 240 cursu
953 215 1041 240 esse
1059 216 1184 252 quem
1203 202 1454 240 iamdudum
1472 216 1626 252 magna
1643 217 1719 242 sua
1740 217 1836 242 cum

180 270 240 300 105
260 256 393 305 gloria
410 261 539 294 tenet.
601 257 680 294 Hic
703 258 736 294 si
758 261 930 295 tantum
948 257 1062 307 apud
1085 271 1182 295 suos
1204 258 1470 296 authoritate
1488 258 1603 296 valet
1625 264 1837 308 quantum

259 310 469 348 excellens
490 312 579 348 eius
601 311 796 349 doctrina
816 317 859 349 et
881 313 1029 357 virtus,
1049 325 1158 361 quae
1176 325 1260 349 vno
1282 314 1472 350 omnium
1494 325 1564 351 ore
1586 313 1837 359 celebratur,

260 365 465 415 postulat,
487 370 531 404 et
551 366 823 415 gaudendum
846 371 911 404 est
933 372 1044 404 certe
1067 367 1264 404 omnibus
1287 367 1408 405 bonis
1430 372 1474 405 et
1500 368 1713 417 praeclare
1739 382 1835 406 cum

258 419 406 457 Galliis
426 421 528 470 ipsis
547 422 700 469 agitur.

315 475 431 513 Haec
453 475 539 513 fere
561 476 614 513 ad
636 476 862 525 epistolam
886 480 1018 514 tuam.
1080 476 1171 515 Iam
1203 489 1303 514 vero
1331 490 1381 514 ne
1410 482 1451 515 te
1480 477 1617 526 fugiat
1645 490 1729 527 quo
1757 478 1835 516 loci

179 544 239 565 110
259 530 344 567 sint
372 543 436 567 res
465 535 648 576 nostrae,
678 532 735 568 sic
764 531 933 576 habeto,
957 531 1198 580 religionem
1227 531 1449 581 aliquanto
1478 532 1835 582 perturbatiorem

257 597 358 630 esse,
377 598 505 634 quam
528 585 611 623 fuit
631 585 825 631 antehac,
844 591 887 623 et
908 591 1028 623 ortus
1049 590 1115 623 est
1135 599 1270 636 nuper
1290 588 1430 624 nescio
1452 588 1546 636 quis
1567 592 1704 625 terrae
1725 587 1836 625 filius

258 640 330 688 qui
352 644 532 677 conatur
553 653 713 678 nouum
736 641 897 678 malum
920 641 1128 678 inuehere.
1188 641 1329 690 Negat
1349 643 1460 679 enim
1488 643 1723 679 necessaria
1747 655 1835 680 esse

257 694 313 731 ad
342 694 655 733 Eucharistiam
685 696 814 733 verba
839 695 1008 740 Christi,
1035 696 1190 745 quibus
1220 708 1270 734 ea
1300 701 1593 740 consecretur;
1628 698 1730 746 quin
1760 710 1834 735 nec

258 750 436 799 spetiem
470 750 591 799 panis
620 754 697 787 aut
729 751 815 787 vini
847 752 1126 788 necessariam
1158 763 1258 795 esse,
1291 751 1363 788 sed
1395 752 1499 789 satis
1530 764 1618 789 esse
1649 753 1682 789 si
1713 757 1833 789 motu

178 817 237 847 115
258 804 449 842 interiori
470 805 607 842 cordis
626 805 895 842 Eucharistia
912 806 1118 855 capiatur.
1162 805 1232 843 Ita
1253 818 1349 843 cum
1368 806 1432 843 hic
1450 806 1505 844 ad
1522 806 1834 856 spirit<u>alem

257 859 631 897 manducationem
674 860 829 897 referat
864 861 1019 904 omnia,
1055 860 1095 897 id
1129 861 1217 909 agit
1258 864 1307 897 vt
1347 861 1482 910 possit
1518 867 1834 899 sacramentum

257 914 395 963 ipsum
418 914 612 952 funditus
635 914 794 952 tollere.
855 914 935 952 Sed
959 914 1062 952 deus
1085 919 1229 952 tamen
1252 928 1328 965 pro
1350 928 1427 953 sua
1448 916 1736 954 misericordia
1757 929 1833 954 nos

256 970 455 1018 respexit,
478 970 597 1007 cuius
619 969 765 1006 diuino
789 969 986 1007 benefitio
1007 970 1207 1008 effectum
1229 975 1294 1008 est
1316 975 1365 1008 vt
1390 971 1572 1008 authore
1598 972 1640 1008 in
1663 971 1833 1009 vincula

256 1024 449 1062 coniecto
480 1024 581 1062 haec
612 1024 795 1062 haeresis
825 1037 1026 1074 oppressa
1061 1025 1116 1062 sit
1150 1029 1278 1063 antea
1310 1038 1439 1075 quam
1475 1026 1517 1063 in
1550 1025 1704 1075 vulgus
1739 1039 1832 1076 pro-

175 1092 235 1113 120
253 1077 448 1116 ferretur.

308 1132 421 1171 Noui
450 1138 669 1184 praeterea
696 1134 811 1184 quod
839 1135 1020 1172 scribam
1048 1134 1153 1172 nihil
1185 1147 1285 1172 sane
1315 1139 1404 1181 est3
1441 1140 1484 1173 et
1514 1135 1701 1173 arbitror
1731 1137 1834 1173 satis

254 1188 393 1226 multa
413 1201 501 1226 esse
524 1189 638 1234 haec,
662 1191 911 1239 praesertim
940 1189 995 1227 ad
1017 1194 1058 1227 te
1080 1190 1219 1228 virum
1251 1203 1473 1240 nunquam
1501 1191 1605 1228 satis
1633 1203 1831 1229 vacuum.

254 1241 335 1281 Sed
370 1244 501 1281 malui
533 1248 678 1282 tamen
709 1243 872 1282 multus
901 1257 990 1282 esse
1021 1257 1150 1294 quam
1175 1257 1267 1284 non
1298 1245 1513 1283 declarare
1543 1258 1609 1283 me
1645 1246 1693 1283 iis
1724 1258 1833 1295 quae

254 1299 459 1348 scripsisti
490 1299 615 1336 valde
650 1298 876 1345 delectari;
914 1299 965 1337 de
996 1299 1152 1349 quibus
1182 1304 1294 1337 certe
1325 1304 1467 1338 tecum
1499 1301 1622 1350 quasi
1654 1300 1832 1350 loquens

173 1367 233 1398 125
254 1358 417 1402 quanta
439 1353 666 1403 voluptate
691 1354 888 1404 perfusus
916 1355 994 1392 sim
1022 1354 1120 1392 inde
1148 1355 1375 1405 perspitias
1402 1355 1539 1401 facile,
1562 1355 1677 1404 quod
1704 1355 1830 1393 finem

253 1407 420 1446 dicendi
434 1421 555 1458 aegre
570 1408 752 1446 fecerim.
804 1409 901 1446 Non
916 1410 1046 1459 igitur
1062 1410 1165 1447 mihi
1180 1411 1296 1447 visus
1312 1423 1355 1448 es
1372 1411 1530 1459 garrire
1546 1413 1647 1459 (qua
1665 1414 1713 1448 tu
1728 1423 1831 1448 voce

253 1464 399 1511 vteris)
426 1463 498 1501 sed
523 1464 742 1513 aptissime
767 1465 1100 1514 grauissimeque
1126 1464 1256 1514 loqui,
1285 1469 1329 1502 et
1358 1469 1484 1503 tanto
1512 1478 1578 1503 me
1607 1465 1830 1503 vehemen-

252 1518 338 1555 tius
359 1531 514 1563 amare,
540 1523 705 1568 quanto
730 1518 937 1568 longiores
962 1519 1138 1557 fuerunt
1159 1519 1306 1557 literae
1327 1524 1440 1558 tuae.
1491 1519 1629 1566 Quare
1651 1525 1741 1557 tam
1764 1533 1830 1558 me

251 1572 331 1610 tibi
349 1572 547 1610 benefitio
569 1573 824 1612 obstrictum
842 1587 931 1611 esse
948 1575 1086 1612 sentio
1103 1587 1232 1624 quam
1250 1587 1375 1624 quem
1394 1576 1591 1613 maxime.
1638 1574 1830 1625 Cumque

171 1641 232 1672 130
251 1626 354 1664 nihil
377 1627 479 1665 mihi
501 1641 589 1666 esse
611 1629 746 1678 possit
766 1630 986 1678 antiquius
1007 1642 1137 1678 quam
1160 1634 1209 1667 vt
1230 1629 1538 1680 gratitudinem
1567 1642 1704 1668 meam
1732 1643 1830 1680 erga

251 1685 292 1719 te
315 1683 640 1732 quibuscunque
662 1685 818 1733 possim
845 1684 970 1721 rebus
991 1683 1204 1730 testificer,
1227 1697 1429 1734 magnum
1454 1685 1556 1722 mihi
1582 1684 1829 1723 benefitium

250 1736 414 1775 dederis
435 1739 469 1775 si
490 1738 726 1776 ostenderis
748 1740 789 1776 in
811 1751 896 1788 qua
917 1752 959 1777 re
981 1740 1162 1777 offitium
1184 1752 1325 1777 meum
1347 1740 1427 1777 tibi
1448 1741 1629 1790 prestari
1650 1739 1767 1777 velis.

305 1791 420 1838 Vale,
442 1792 540 1830 Citii
563 1794 605 1831 iii
626 1793 735 1831 Non.
760 1794 873 1839 Maii,
896 1794 1021 1832 Anno
1043 1805 1301 1832 M.D.XXX111.

1482 1849 1617 1887 Iulius
1640 1849 1772 1900 Pflug.

662 2040 791 2078 2807.
858 2037 926 2078 To
950 2036 1209 2078 ⁶?STEPHEN
1232 2037 1408 2078 LORET.

295 2126 559 2172 Copenhagen
578 2127 661 2161 MS.
683 2127 829 2163 ΘΚΒ,
849 2137 896 2170 95
917 2127 1016 2168 Ἐο1.,
1037 2128 1064 2162 f.
1090 2129 1170 2162 182.
1522 2127 1729 2171 Freiburg.

1485 2187 1524 2210 11
1547 2177 1645 2221 May
1668 2187 1774 2220 1533.

291 2243 364 2281 [An
382 2245 593 2284 autograph
610 2244 858 2284 rough-draft,
879 2245 1037 2275 without
1055 2255 1076 2275 a
1094 2244 1265 2284 heading.

290 2288 367 2318 The
392 2298 523 2328 person
549 2288 748 2319 addressed
775 2289 803 2319 is
828 2288 962 2329 clearly
985 2289 1048 2320 the
1074 2289 1289 2329 ‘theologus
1309 2312 1315 2318 .
1337 2312 1343 2318 .
1366 2312 1372 2318 .
1391 2298 1410 2318 e
1427 2298 1534 2328 grege
1555 2287 1764 2318 Nauarrae'
1787 2288 1826 2318 of

245 2331 315 2372 Ep.
334 2332 432 2370 2805,
451 2333 571 2362 whom
590 2332 827 2372 Herminjard
846 2333 909 2369 (iii,
926 2343 962 2373 p.
978 2333 1034 2371 58)
1049 2333 1278 2372 conjectures
1291 2337 1331 2363 to
1346 2332 1390 2362 be
1405 2331 1568 2372 Stephen
1584 2332 1705 2362 Loret.
1747 2331 1825 2362 The

243 2375 453 2415 conjecture
471 2376 500 2406 is
517 2380 584 2406 not
602 2377 637 2406 in
656 2377 731 2407 fact
748 2376 947 2407 confirmed
967 2377 1015 2416 by
1031 2377 1216 2417 anything
1232 2377 1269 2407 in
1287 2377 1351 2407 the
1369 2376 1489 2406 letter.

289 2419 334 2450 In
350 2420 414 2450 the
435 2419 496 2450 list
515 2420 553 2450 of
577 2420 739 2450 scholars
764 2421 801 2450 in
826 2431 1022 2461 grammar,
1047 2425 1137 2457 arts,
1164 2420 1239 2451 and
1264 2420 1440 2461 theology
1464 2424 1504 2450 at
1529 2419 1593 2450 the
1618 2419 1761 2460 College
1786 2419 1825 2450 of

287 2480 384 2510 2806.
414 2489 485 2519 123.
511 2490 569 2510 me
594 2481 664 2511 add
686 2479 718 2519 β.
884 2482 956 2511 128.
983 2493 1023 2511 a:
1049 2481 1119 2511 hae
1144 2481 1271 2512 literae
1295 2480 1326 2518 β.
1496 2489 1567 2517 129.
1594 2490 1672 2511 esse
1696 2490 1764 2511 om.
1789 2479 1821 2519 β.

246 2533 318 2563 130.
343 2524 433 2554 mihi
459 2524 549 2554 nihil
573 2523 605 2563 β.
746 2534 818 2564 133.
844 2524 930 2555 Litii
946 2523 979 2564 β.
1120 2534 1194 2565 134.
1222 2524 1338 2555 Iulius
1356 2524 1462 2564 Pflug
1478 2534 1545 2555 om.
1563 2523 1596 2563 β.

287 2612 384 2642 2806.
405 2621 478 2642 111.
504 2612 625 2642 nescio
643 2612 739 2652 quis]
755 2613 817 2643 Dr.
831 2612 998 2643 Walther
1065 2612 1262 2654 published
1275 2613 1324 2653 by
1334 2612 1425 2643 Otto
1436 2611 1669 2642 Melanderin
1682 2613 1821 2651 1603—5.

242 2655 383 2686 Kohler
399 2655 582 2686 identifies
598 2656 673 2686 him
688 2657 776 2686 with
797 2657 997 2697 Dionysius
1110 2656 1287 2687 Erasmus
1330 2655 1451 2686 would
1495 2665 1593 2686 seem
1640 2660 1679 2686 to
1726 2656 1822 2687 have

242 2699 441 2734 Melander‚
459 2709 481 2730 a
501 2700 718 2730 Dominican
740 2700 777 2730 of
797 2700 895 2735 Ulm,
915 2701 997 2730 who
1065 2700 1203 2741 Pflug's
1225 2700 1336 2731 letter
1358 2700 1394 2730 in
1416 2699 1520 2730 mind
1539 2700 1645 2730 when
1669 2699 1714 2729 he
1736 2709 1821 2740 says

242 2743 279 2773 in
314 2752 396 2782 1525
427 2753 502 2774 was
533 2743 738 2783 appointed
774 2744 998 2784 evangelical
1065 2745 1101 2774 in
1114 2744 1178 2775 the
1191 2744 1231 2775 de
1245 2769 1250 2774 .
1267 2768 1273 2774 .
1288 2768 1294 2774 .
1309 2744 1485 2774 Ecclesiae
1495 2743 1698 2774 concordia:
1713 2743 1821 2773 ‘Nam

242 2787 418 2827 preacher
427 2791 467 2818 at
479 2787 532 2818 St.
543 2787 848 2818 Bartholomew's
859 2789 996 2818 church
1065 2792 1103 2819 et
1120 2798 1238 2828 nuper
1255 2792 1408 2818 exortus
1420 2791 1477 2818 est
1490 2787 1554 2827 qui
1571 2790 1650 2818 tam
1666 2787 1820 2827 impiam

241 2835 281 2861 at
296 2831 509 2861 Frankfort.
551 2831 595 2861 In
610 2840 692 2870 1535
707 2831 752 2862 he
763 2841 837 2861 was
851 2831 995 2871 obliged
1064 2832 1109 2862 de
1128 2832 1196 2862 hoc
1219 2835 1450 2862 sacramento
1474 2831 1699 2861 sententiam
1723 2840 1818 2861 com-

242 2878 281 2904 to
295 2874 397 2905 leave
412 2874 697 2905 Frankfortand
712 2875 994 2906 becamecourt-
1063 2880 1212 2906 meritus
1254 2879 1323 2910 est,
1369 2879 1412 2906 vt
1454 2879 1578 2906 totum
1625 2874 1818 2905 sustulerit

242 2919 467 2958 preaeherto
486 2918 656 2958 Philipof
675 2918 803 2949 Hesse.
853 2919 995 2949 Hewas
1063 2919 1370 2954 sacramentum’,
1412 2919 1486 2949 LB.
1525 2929 1561 2949 v.
1603 2926 1703 2958 5043.
1761 2917 1816 2949 Cf.

240 2962 304 2993 the
324 2962 459 2993 author
478 2962 516 2993 of
538 2966 636 2994 most
653 2962 691 2993 of
712 2963 776 2993 the
795 2962 996 2994 deco-seria
1062 2963 1160 3004 Epp.
1179 2964 1275 3003 2825.
1294 2965 1389 3001 15-6,
1408 2963 1505 3003 2845.
1524 2972 1578 3002 ²3·
