1966 3379
252 118 332 156 240
685 114 944 154 LETTERS
974 114 1045 153 OF
1074 113 1341 153 ERASMUS
1700 116 1822 163 [1533

252 222 377 259 affert
408 234 562 265 secum,
591 221 759 258 etiamsi
790 220 963 258 aliunde
992 219 1096 257 nihil
1124 219 1313 263 accedat,
1342 222 1391 256 vt
1419 218 1624 255 diuinitus
1654 218 1819 256 affatim

253 278 294 314 in
316 282 358 314 tc
381 276 560 314 collatas
588 276 718 313 animi
745 275 867 313 dotes
895 275 949 312 ad
977 287 1245 312 communem
1273 272 1537 311 Christianae
1566 272 1820 322 reipublicae

252 332 440 369 fructum
470 331 602 381 possis
627 343 808 368 exerere.
869 329 903 367 O
931 330 1097 378 quoties
1126 328 1228 366 mihi
1255 329 1459 377 gemitum
1481 328 1563 365 ciet
1590 327 1702 365 illius
1730 329 1820 365 voti

254 386 504 429 recordatio,
526 385 640 434 quod
664 384 929 422 Vtenhouius
951 385 1060 421 inter
1084 383 1168 420 alia
1195 387 1365 432 optasse
1387 386 1430 420 te
1457 382 1579 427 dixit,
1604 387 1651 419 vt
1680 387 1820 420 tecum

171 457 234 478 200
254 441 354 478 mihi
378 441 624 488 contigisset
645 444 833 477 aetatem
856 440 1033 486 exigere,
1057 439 1096 475 id
1121 438 1234 487 quod
1262 450 1338 486 ego
1366 449 1536 486 quoque
1566 436 1659 486 plus
1688 437 1821 474 milies

253 497 413 545 optaui.
474 495 596 541 Quod
625 500 769 532 tamen
799 495 831 531 si
860 494 1118 542 contigisset,
1148 498 1196 530 vt
1222 505 1298 541 ego
1326 491 1448 529 facile
1477 495 1669 541 poteram
1699 504 1750 529 ex
1779 496 1821 529 te

253 551 419 588 doctior
444 549 674 599 meliorque
700 549 892 594 euadere,
916 550 976 586 ita
1004 561 1086 585 non
1115 548 1239 585 video
1266 559 1475 596 quaenam
1504 546 1629 584 rebus
1657 547 1742 584 tuis
1769 559 1820 583 ex

253 618 318 643 me
341 605 604 655 prouenisset
626 605 820 642 accessio.

308 660 387 698 Sed
412 660 491 697 heu
516 660 640 697 miser
661 660 702 696 in
727 659 849 696 hasce
877 658 1102 708 compedes
1130 657 1374 706 imprudens
1402 656 1523 693 inieci
1551 656 1679 706 pedes
1707 656 1822 705 prius

172 728 234 758 205
254 716 383 752 etiam
406 727 535 763 quam
558 714 625 751 vel
648 714 750 751 mihi
774 718 901 751 notus
923 726 1055 750 essem
1079 712 1143 750 vel
1173 713 1320 749 scirem
1344 711 1444 760 quid
1473 716 1582 748 esset
1609 710 1820 748 monachi-

255 783 383 814 smus,
416 771 500 807 imo
532 769 661 818 (quod
693 769 780 818 ipse
811 781 980 817 quoque
1009 780 1120 805 nunc
1153 768 1295 814 miror)
1325 766 1426 815 quid
1458 766 1519 802 ita
1549 766 1821 815 properarini,

256 829 350 862 toto
392 824 561 861 biennio
596 824 733 861 minor
767 836 896 872 quam
938 823 1033 860 huic
1076 823 1276 859 instituto
1318 833 1469 858 nomen
1511 820 1611 857 dare
1654 819 1820 857 licebat.

256 879 395 925 Quum
417 880 528 916 enim
552 878 639 928 lege
660 877 913 916 Cartusiana
942 882 1147 915 caueatur
1174 889 1224 914 ne
1253 888 1406 926 pucros
1431 875 1823 912 adolescentulosue

257 935 477 984 recipiant,
509 934 581 971 sed
615 934 728 970 viros
763 934 835 982 qui
869 934 991 970 iuxta
1028 935 1303 982 praeceptum
1340 930 1509 967 Domini
1543 943 1617 979 per
1648 942 1821 967 manum

174 1008 238 1029 210
257 989 362 1026 Mosi
385 990 536 1036 viginti
561 988 715 1034 (dicam
736 989 821 1025 suis
844 987 999 1035 verbis)
1021 987 1074 1024 ad
1098 988 1237 1024 minus
1263 998 1472 1022 annorum
1502 985 1555 1022 ad
1583 998 1702 1022 sacra
1730 998 1821 1034 pos-

257 1045 341 1081 sint
360 1043 471 1081 bella
488 1043 733 1093 procedere:
756 1055 832 1092 ego
850 1043 921 1079 vix
940 1055 1098 1079 annum
1117 1054 1246 1091 agens
1263 1040 1655 1089 duodeuigesimum
1674 1044 1824 1089 captus

257 1112 348 1137 sum
381 1100 509 1146 (nosti
540 1098 700 1136 scilicet
730 1110 945 1135 sacrorum
980 1097 1174 1144 verbum)
1206 1095 1320 1133 haud
1353 1096 1514 1132 inuitus
1547 1094 1719 1143 quidem
1752 1094 1824 1131 sed

258 1158 403 1192 tamen
432 1153 690 1203 imprudens.
751 1152 843 1198 Qua
871 1152 922 1189 de
951 1164 993 1189 re
1021 1155 1129 1195 tota,
1159 1151 1214 1191 ὡς
1242 1149 1372 1199 ἔγωγε
1400 1150 1563 1198 γνώμης
1591 1149 1684 1198 ἔχω,
1714 1148 1825 1186 εἶπον

257 1208 328 1257 μὲν
350 1208 410 1252 ἅν,
433 1207 467 1246 εἶ
488 1207 653 1245 δυνατὸν
679 1207 726 1256 ἦν
752 1206 873 1256 μόνον
896 1206 1005 1256 μόνῳ
1034 1205 1302 1255 διαλεχθῆναι,
1324 1208 1381 1254 τῷ
1407 1204 1450 1242 δὲ
1477 1204 1615 1253 μέλανι
1643 1204 1714 1241 οὐκ
1742 1203 1826 1241 ἔστι

176 1282 237 1312 215
258 1268 524 1313 παραστῆσαι.
570 1263 746 1300 Τοσοῦτο
761 1261 896 1311 μέντοι
915 1261 1036 1310 μόνον
1051 1260 1175 1298 εἰπεῖν
1196 1260 1236 1297 ἐν
1252 1264 1308 1308 τῷ
1326 1263 1390 1296 νῦν
1407 1259 1504 1297 εἶναι
1521 1258 1662 1305 ἔξεστι.
1708 1258 1827 1296 λύκον

258 1319 313 1359 ὡς
334 1317 492 1368 ἀληθῶς
513 1321 592 1355 τῶν
612 1317 728 1354 ὤτων
747 1321 897 1366 κρατῶ,
919 1316 1002 1354 οὔτ’
1024 1315 1128 1365 ἔχειν
1149 1315 1240 1352 ἄνευ
1266 1314 1447 1364 μεγάλης
1474 1313 1721 1363 δυσχερείας,
1743 1313 1826 1350 οὔτ’

259 1373 413 1421 ἀφεῖναι
444 1373 536 1410 ἄνευ
565 1371 760 1421 μεγίστης
793 1371 981 1421 αἰσχύνης
1012 1370 1242 1419 δυνάμενος,
1272 1373 1464 1407 τοσοῦτον
1494 1368 1568 1418 ἤδη
1599 1368 1740 1418 χρόνον
1770 1372 1827 1417 τῷ

258 1428 464 1477 πράγματι
485 1426 854 1476 προσῳκείωμένος.
918 1426 970 1463 Τὸ
993 1425 1034 1463 δὲ
1055 1425 1178 1462 ΚαΚὸν
1197 1424 1378 1474 γνωστὸν
1399 1423 1624 1473 ΚράΤισΤΟν.

315 1483 461 1532 Neque
492 1488 635 1520 tamen
668 1482 734 1519 hic
764 1482 938 1519 omnino
969 1481 1048 1518 tibi
1077 1481 1282 1518 assentire
1308 1480 1424 1525 libet,
1451 1480 1610 1529 optime
1639 1479 1825 1523 Erasme,

178 1557 240 1578 220
260 1551 284 1576 a
306 1551 390 1587 quo
418 1539 489 1575 vix
520 1537 605 1574 vlla
634 1538 675 1574 in
705 1550 747 1575 re
776 1536 933 1586 alioqui
960 1536 1073 1574 soleo
1101 1536 1336 1579 dissentire,
1359 1535 1410 1572 de
1440 1534 1681 1572 istiusmodi
1710 1534 1825 1572 vitae

258 1593 495 1642 ergastulis
556 1592 701 1630 Fuisse
723 1592 894 1641 quidem
917 1592 1038 1628 initio
1058 1604 1151 1628 reor
1172 1595 1317 1628 sancte
1339 1595 1382 1627 et
1404 1594 1553 1627 autore
1578 1589 1667 1626 Deo
1695 1589 1825 1625 intro-

260 1648 402 1693 ducta,
437 1648 509 1685 sed
543 1652 591 1684 vt
627 1660 691 1684 res
722 1647 808 1684 fere
845 1651 945 1684 sunt
987 1645 1249 1691 mortalium,
1283 1644 1494 1694 paulatim
1530 1643 1825 1693 refrigescente

260 1703 469 1740 charitate
498 1707 612 1740 retro
632 1702 835 1752 sublapsa
856 1702 898 1738 in
920 1702 1038 1751 peius
1061 1702 1205 1738 ruisse.
1256 1700 1315 1737 Ac
1337 1700 1498 1737 semina
1519 1699 1690 1748 quidem
1718 1698 1827 1735 bona

262 1758 366 1795 bene
399 1758 511 1794 iacta
538 1757 735 1801 arbitror,
763 1756 834 1794 sed
865 1756 1020 1805 quibus
1051 1756 1152 1805 ipsis
1183 1759 1328 1793 tamen
1358 1754 1514 1792 artifex
1546 1754 1615 1791 ille
1646 1752 1827 1790 Satanas

179 1829 241 1859 225
263 1813 350 1861 (qui
379 1825 470 1849 mos¹
501 1816 565 1850 est
593 1813 739 1862 ipsius)
763 1811 995 1861 plurimum
1027 1811 1285 1848 zizaniorum
1313 1808 1541 1858 λεληθότως
1569 1808 1825 1846 interseruit.

262 1867 376 1913 Quae
391 1868 547 1904 nostris
561 1867 736 1904 tandem
750 1867 1014 1916 temporibus
1029 1865 1270 1914 vsqueadeo
1287 1864 1563 1902 inualuerunt
1577 1868 1624 1900 vt
1640 1863 1827 1911 vndique

263 1928 270 1940 ‘
287 1922 432 1959 infelix
449 1922 594 1959 lolium
611 1926 653 1959 et
669 1921 832 1959 steriles
846 1921 1122 1958 dominentur
1135 1933 1296 1958 auenae
1310 1920 1330 1957 ³.
1375 1919 1476 1957 Plus
1493 1919 1827 1956 ceremoniarum

263 1977 408 2014 videas
429 1981 472 2014 et
494 1977 808 2026 superstitionis
830 1989 958 2025 quam
981 1988 1182 2025 syncerae
1206 1975 1390 2024 pietatis.
1451 1973 1501 2011 Id
1523 1973 1636 2023 quod
1659 1985 1827 2010 necesse

262 2036 326 2069 est
343 2032 524 2077 euenire,
543 2032 613 2068 vbi
632 2031 727 2081 plus
750 2031 956 2068 tribuitur
977 2031 1173 2068 humanis
1196 2030 1336 2067 nescio
1354 2041 1534 2078 quorum
1556 2028 1825 2066 constitutio-

180 2108 244 2138 230
263 2087 388 2124 nibus
417 2099 544 2135 quam
576 2087 815 2136 praeceptis
843 2086 1010 2130 diuinis,
1039 2086 1295 2134 grauiusque
1326 2085 1503 2134 punitur
1534 2084 1575 2120 in
1606 2083 1826 2120 hominum

263 2146 505 2179 commenta
527 2141 770 2190 delinquere
791 2153 919 2190 quam
941 2139 1097 2178 Christi
1119 2140 1252 2189 legem
1275 2138 1494 2188 negligere.

319 2196 409 2233 Iam
425 2196 520 2233 vide
534 2209 662 2245 quam
678 2196 799 2245 longe
814 2196 949 2233 absim
967 2208 990 2232 a
1006 2200 1081 2232 tua
1098 2195 1358 2243 cogitatione
1373 2206 1481 2243 quae
1500 2206 1582 2230 non
1596 2191 1826 2230 admodum

264 2255 456 2288 rarenter
478 2252 665 2288 animum
684 2263 852 2300 quoque
874 2262 1015 2288 meum
1038 2251 1193 2299 tetigit.
1243 2248 1468 2287 Caeterum
1490 2248 1592 2285 mihi
1615 2246 1742 2284 semel
1764 2250 1829 2283 est

264 2319 513 2356 persuasum
544 2307 756 2343 neminem
784 2318 872 2343 esse
901 2306 973 2354 qui
1002 2317 1086 2342 non
1114 2309 1245 2354 queat
1273 2305 1315 2341 in
1343 2303 1536 2353 quolibet
1562 2302 1829 2339 Christianae

182 2379 244 2409 235
265 2361 380 2398 vitae
398 2361 599 2398 instituto
616 2361 682 2410 pie
699 2362 854 2405 viuere,
870 2360 996 2398 modo
1013 2364 1262 2397 constanter
1278 2359 1331 2396 ad
1349 2357 1598 2408 perferenda
1612 2356 1829 2406 quaelibet

264 2415 442 2452 aduersa
471 2416 525 2452 sit
551 2420 765 2453 armatum
794 2419 942 2465 pectus
970 2419 1013 2452 et
1041 2427 1140 2464 erga
1167 2413 1324 2452 Christi
1350 2413 1621 2450 voluntatem
1649 2411 1829 2459 fidenter

264 2470 462 2508 addictus
490 2471 670 2507 animus.
730 2471 862 2508 Porro
888 2470 961 2507 illa
989 2469 1083 2518 ἀγχὶ
1110 2469 1220 2518 σχὼν
1247 2467 1423 2517 κεφαλὴν
1447 2467 1547 2512 dixi,
1571 2467 1630 2504 ἵνα
1657 2465 1712 2515 μὴ
1737 2481 1828 2502 πευ-

266 2523 392 2561 θοίαθ’
423 2524 462 2562 οἱ
491 2525 616 2562 ἄλλοι,
676 2525 769 2563 Hoc
800 2530 945 2562 autem
977 2525 1225 2562 institutum
1256 2523 1460 2573 plurimas
1490 2534 1631 2559 secum
1662 2520 1745 2557 fert
1775 2519 1829 2557 ad

266 2579 403 2617 bonae
431 2581 586 2617 mentis
614 2580 804 2618 studium
834 2579 1103 2617 retinendum
1133 2577 1473 2621 commoditates
1497 2577 1530 2613 si
1559 2577 1653 2625 quis
1682 2574 1828 2612 solitu-

185 2649 247 2681 240
265 2634 377 2672 dinis
407 2635 545 2672 ocium
578 2636 691 2672 norit
722 2647 806 2672 non
839 2635 976 2672 ociose
1007 2646 1216 2684 peragere.
1278 2632 1504 2681 Principio,
1533 2636 1581 2668 vt
1611 2643 1662 2668 ne
1690 2630 1828 2667 dicam

266 2689 371 2727 illud
394 2689 509 2739 qnod
537 2690 643 2727 citra
672 2689 803 2727 vllam
832 2689 1161 2727 sollicitudinem
1192 2688 1243 2725 de
1274 2687 1400 2725 rebus
1428 2686 1482 2724 ad
1510 2687 1673 2723 victum
1702 2685 1828 2722 vesti-

532 2768 593 2797 218
619 2766 908 2806 προσῳκειωμένος
925 2767 1158 2806 scripsimus:
1186 2763 1464 2804 προσῳκειομέιός
1482 2763 1562 2794 MS.

312 2864 386 2893 207.
414 2855 561 2893 licebat]
595 2856 644 2886 At
677 2856 740 2886 the
773 2856 851 2886 foot
883 2855 920 2886 Of
952 2855 1016 2885 the
1084 2853 1183 2890 MS.)
1208 2852 1296 2892 ἀνδρὶ
1320 2852 1404 2892 ταχύ
1430 2866 1460 2882 τι
1484 2854 1548 2882 τῶν
1572 2851 1662 2882 ἰδίων
1686 2851 1832 2891 ἁγιάσαι,

268 2910 360 2940 page
387 2899 546 2929 Levinus
574 2900 716 2930 writes:
752 2901 759 2912 ‘
773 2899 1016 2936 Prouer<bia>
1082 2897 1163 2938 μετὰ
1182 2897 1264 2928 δὲτὸ
1280 2896 1432 2935 εὔξασθαι
1448 2899 1617 2935 μετανοεῖιῐ
1631 2895 1779 2934 γίνεται.’

268 2953 309 2974 20
321 2946 416 2982 (25).
456 2943 592 2973 Contra
604 2944 691 2973 haec
704 2948 800 2973 recte
812 2943 903 2973 dixit
919 2943 1015 2973 Solo·
1131 2951 1202 2980 227.
1229 2941 1371 2978 infelix]
1389 2941 1494 2980 Verg.
1515 2940 1552 2970 G.
1574 2950 1601 2970 1.
1623 2949 1694 2980 154.

267 2997 366 3024 mon,
391 2991 433 3018 vt
454 2991 510 3018 est
533 2988 569 3017 in
592 2986 750 3017 Graeco:
777 2986 886 3026 Παγὶς
903 2985 1017 3024 (Ταθίς
1128 2994 1201 3025 237.
1228 2984 1320 3025 ἀγχὶ]
1338 2985 1447 3015 Hom.
1468 2984 1528 3015 Od.
1551 2994 1577 3015 1.
1599 2992 1670 3024 157.
