1966 3379
234 104 313 144 344
661 106 917 147 LETTERS
948 109 1018 147 OF
1049 108 1313 149 ERAsMUs
1673 112 1796 160 [1534

235 211 348 248 solus
378 210 699 249 solertissimum
732 213 956 251 Erasmum
990 214 1104 263 apud
1138 214 1435 252 Desideratum
1468 214 1686 253 officialem
1719 216 1793 252 im-

174 277 215 314 65
236 266 541 315 pudentissime
563 267 827 305 traduxerat.

289 320 367 365 Qui
397 319 669 358 Desideratus
697 323 778 358 iam
811 335 944 372 nuper
974 323 1114 360 factus
1146 324 1327 360 nominis
1358 325 1421 360 tui
1452 322 1789 361 studiosissimus

235 376 394 423 optimc
423 375 473 411 de
502 380 543 412 te
569 377 755 413 sentiens
780 382 1010 425 antequam
1042 377 1096 414 ad
1128 378 1261 414 vitam
1293 377 1548 415 faeliciorem
1576 380 1790 415 transiret.

235 428 311 465 Cui
343 430 422 466 iste
454 429 696 467 Guerardus
730 430 1018 468 inculcauerat
1055 431 1167 468 haud
1205 433 1427 479 ignauiter,
1465 437 1505 469 te
1541 445 1673 469 vnum
1706 445 1795 469 esse

235 481 386 520 leniter
426 485 693 533 papisticum,
731 498 861 533 quum
899 485 1040 522 nullus
1076 485 1369 535 theologorum
1408 487 1547 523 verius
1583 487 1795 536 exprimat

175 554 216 586 70
236 538 369 574 vitam
401 539 687 587 euangelicam
722 539 922 580 Erasino:
958 540 1128 589 insuper
1159 541 1271 589 quod
1303 553 1415 577 esses
1445 541 1632 578 Luthero
1653 554 1677 578 a
1699 554 1793 577 con-

235 591 337 628 siliis
364 598 407 629 et
434 592 667 637 familiaris,
690 594 807 630 cuius
835 607 1003 631 seruum
1035 594 1259 632 arbitrium
1292 595 1537 643 longissimo
1568 595 1795 632 interuallo

234 646 288 683 ab
320 646 482 684 Erasmi
515 647 645 684 libero
678 647 820 692 distet,
851 652 895 685 ct
929 648 1013 686 alia
1045 649 1226 697 quedam
1264 649 1435 698 nugalia
1468 654 1709 687 monstrosa
1740 650 1793 686 ab

235 700 381 738 eodem
391 700 857 739 Guerardocommenta
868 716 993 752 super
1009 704 1420 752 precatiuncula<m>
1430 709 1473 741 ct
1485 704 1611 741 beata
1622 705 1791 741 viscera.

235 754 390 792 Verum
414 755 454 792 hi
476 756 707 793 rumusculi
730 757 921 793 vaniores
948 758 1115 806 penitus
1137 763 1415 803 euanuerunt,
1439 759 1547 796 versi
1570 760 1609 795 in
1632 758 1792 795 albissi-

174 827 215 858 75
236 822 324 846 mos
373 810 568 855 calculos,
610 811 731 859 longe
780 823 898 848 secus
947 824 1073 860 quam
1123 812 1346 862 euulgarat
1387 813 1543 850 author
1583 818 1625 850 et
1666 818 1795 862 caput

235 864 490 912 tragoediae,
514 866 652 902 verius
674 866 926 911 comoediae,
949 865 1203 903 Guerardus.
1263 866 1351 912 Que
1377 868 1517 904 omnia
1544 867 1792 917 exploratis-

235 919 341 955 sima
363 919 649 968 superioribus
672 919 821 956 (liebus
843 920 1133 965 intellexisses,
1152 922 1230 958 nisi
1248 934 1359 958 mors
1381 926 1607 971 properata
1628 922 1795 959 fecisset

236 973 431 1010 iniuriam
459 973 710 1011 Desiderato
738 974 903 1011 ossiciali
926 979 968 1011 et
991 975 1066 1012 tibi
1093 976 1181 1012 eius
1211 976 1483 1025 benignitatis
1511 976 1792 1025 dispendium.

234 1025 362 1064 Cuius
394 1027 697 1077 benignitatem
730 1034 931 1078 expertus
961 1028 1110 1066 fuisses
1140 1031 1189 1076 (si
1218 1043 1290 1079 per
1315 1031 1448 1068 vitam
1474 1031 1676 1078 licuisset)
1699 1043 1793 1069 con-

174 1090 216 1120 80
235 1081 459 1119 ciliationis
500 1087 639 1119 tecum
680 1083 996 1132 indagatricem.
1071 1084 1179 1121 Nam
1230 1085 1357 1134 paulo
1397 1090 1629 1134 antequam
1671 1086 1795 1123 rebus

235 1136 430 1173 humanis
457 1138 724 1181 eximeretur,
748 1142 1028 1187 proposuerat
1056 1139 1156 1175 dare
1179 1139 1257 1176 tibi
1278 1139 1429 1176 nobilis
1453 1141 1538 1176 vini
1561 1140 1645 1177 duo
1667 1152 1768 1177 vasa
1787 1154 1792 1182 ;

236 1191 354 1228 cuius
396 1190 627 1228 liberalitas
662 1192 897 1240 pestilitate
937 1198 1171 1242 praeuenta
1206 1194 1568 1243 interceptafuit.
1639 1193 1795 1232 Omnes

234 1246 424 1282 canonici
445 1245 583 1283 solent
603 1245 840 1295 adprimere
861 1247 969 1284 sinui
992 1251 1035 1284 et
1057 1247 1248 1285 lectitare
1271 1252 1393 1285 tuum
1415 1248 1533 1286 illum
1556 1248 1710 1286 librum
1733 1249 1795 1285 De

234 1298 466 1337 Concordia
497 1313 592 1337 cum
624 1300 794 1349 reliquis
825 1302 1032 1338 omnibus.
1094 1301 1244 1347 Quare,
1274 1302 1345 1339 vbi
1377 1304 1559 1352 primum
1591 1303 1795 1341 valetudo

174 1361 215 1401 85
235 1353 394 1399 tulerit,
413 1355 602 1403 accinges
625 1359 666 1392 te
689 1355 839 1393 itineri.
887 1355 966 1392 Hic
989 1360 1089 1393 sunt
1110 1357 1248 1394 multa
1269 1358 1456 1407 speciosa
1482 1357 1665 1407 hospitia
1687 1370 1795 1406 quae

235 1408 312 1445 tibi
344 1413 583 1458 patescunt,
610 1414 653 1446 et
681 1409 790 1447 inter
818 1409 889 1446 illa
917 1411 1138 1448 innumera
1167 1423 1321 1455 meum,
1344 1412 1457 1461 quod
1489 1413 1621 1461 magis
1651 1412 1793 1449 vendi-

235 1462 349 1499 cabis
371 1467 506 1500 tuum.
551 1463 739 1501 Tandem
762 1464 827 1501 hic
848 1463 951 1501 nihil
973 1469 1037 1502 est
1059 1478 1217 1503 nouum
1235 1466 1348 1515 quod
1371 1470 1413 1503 te
1431 1466 1641 1504 delectare
1662 1467 1795 1516 possit

234 1517 527 1565 abs[c]entem,
558 1518 636 1554 nisi
671 1518 786 1567 quod
821 1519 1013 1556 obtestor
1045 1524 1169 1557 tuum
1204 1520 1395 1558 fauorem
1428 1522 1470 1558 in
1506 1521 1690 1558 amando
1720 1525 1796 1558 tuo

235 1570 451 1620 Stephano
472 1573 535 1609 sui
557 1572 734 1609 similem
756 1585 938 1623 pergere,
961 1575 1032 1623 qui
1055 1575 1236 1611 vicissim
1259 1576 1300 1612 in
1323 1575 1552 1612 Dominum
1572 1576 1794 1612 Erasmum

174 1640 217 1668 90
236 1629 328 1662 toto
361 1626 501 1664 animo
533 1627 853 1676 complectendo
885 1641 928 1665 se
963 1629 1100 1678 ipsum
1135 1629 1324 1678 quotidie
1358 1630 1523 1667 vincere
1557 1630 1790 1667 conabitur.

235 1679 311 1717 Cui
343 1693 488 1730 precor
520 1682 683 1730 optimo
715 1682 829 1731 quod
869 1686 934 1719 est
967 1684 1177 1732 optimum
1218 1696 1313 1721 cum
1355 1685 1576 1733 Vtriusque
1617 1684 1796 1721 hominis

236 1735 399 1784 integra
420 1735 557 1772 salute
580 1736 693 1773 vltra
721 1749 911 1786 pensum,
934 1741 977 1774 et
1000 1737 1298 1775 Vesontionem
1322 1739 1576 1788 remigrandi
1598 1739 1795 1776 volunta-

235 1793 334 1834 tem,
353 1789 424 1826 vbi
446 1789 619 1827 dabitur
640 1791 754 1828 vitae
775 1792 1041 1840 integerrime
1062 1796 1183 1830 actae
1200 1794 1458 1830 conscientia
1475 1793 1795 1842 multorumque

235 1843 549 1881 admirabilium
572 1844 808 1882 facinorum
831 1846 1135 1884 iucundissima
1157 1847 1448 1885 recordatione
1469 1847 1640 1897 perfrui.

174 1910 216 1941 95
291 1897 557 1944 Vesontione,
581 1899 712 1948 pridie
737 1912 870 1937 nonas
893 1900 1079 1938 Ianuarii
1100 1902 1224 1939 Anno
1246 1914 1270 1939 a
1292 1902 1486 1951 Virgineo
1508 1907 1635 1952 partu
1659 1902 1794 1939 Trice-

236 1953 341 1989 simo
363 1957 528 2002 quarto.

291 2005 531 2056 Stephanus
561 2021 586 2045 a
618 2008 756 2045 Pratis
788 2012 907 2046 totus
940 2022 991 2046 ex
1025 2011 1166 2047 animo
1198 2015 1311 2056 tuus,
1344 2011 1415 2060 qui
1448 2015 1490 2048 te
1522 2011 1797 2048 inuictissime

235 2060 348 2106 colit,
372 2061 422 2098 de
444 2073 528 2110 quo
549 2062 731 2112 digneris
752 2064 894 2101 omnia
917 2063 995 2101 tibi
1017 2064 1216 2114 polliceri.

290 2125 340 2163 D.
374 2126 423 2163 D.
462 2126 638 2164 Erasmo
678 2127 970 2166 Roterodamo
1010 2129 1332 2179 paraphrastae,
1373 2132 1585 2175 assertori,
1628 2130 1797 2176 vindici,

156 2198 218 2220 100
236 2181 515 2229 mysticarum
537 2181 778 2220 litterarum
801 2184 1020 2232 insigniter
1044 2185 1212 2229 eximio,
1235 2185 1289 2222 ad
1312 2185 1563 2222 miraculum
1586 2185 1796 2234 theologo,

236 2235 432 2272 omnibus
453 2235 603 2273 seculis
625 2237 889 2283 celebrando,
909 2237 1277 2288 humanarumque
1295 2239 1571 2277 disertissimo
1588 2241 1796 2277 instaura-

236 2290 330 2339 tori,
353 2290 466 2339 apud
489 2290 742 2340 Friburgum
765 2291 977 2342 Brisgoiae
999 2293 1228 2343 superbum
1251 2295 1404 2343 agenti.

641 2449 770 2487 2896.
834 2447 900 2487 To
933 2447 1160 2489 ERAsMUs
1193 2447 1386 2489 SeHE'rs.

286 2528 439 2562 British
456 2528 640 2563 Museum
659 2530 741 2566 MS.
762 2531 865 2565 Add.
887 2532 1018 2574 38512,
1039 2532 1065 2565 f.
1088 2533 1146 2576 84.
1454 2532 1658 2577 Freiburg.

1367 2592 1411 2624 23
1431 2581 1617 2625 January
1642 2591 1746 2625 1534.

281 2644 354 2682 [An
371 2645 522 2683 original
540 2645 660 2682 letter,
677 2647 885 2687 autograph
902 2648 1143 2687 throughout.
1191 2647 1268 2678 The
1288 2647 1374 2678 date
1394 2649 1423 2678 is
1443 2648 1641 2679 confirmed
1663 2649 1713 2689 by
1735 2649 1799 2680 the

236 2686 417 2718 reference
435 2691 473 2718 to
493 2688 695 2720 Herborn's
712 2690 822 2726 book,
841 2691 914 2721 and
931 2691 980 2731 by
997 2692 1061 2722 the
1078 2695 1249 2722 contents
1266 2691 1477 2732 generally]

280 2765 332 2794 66.
358 2763 610 2802 Desideratus]
665 2765 748 2797 Des.
799 2766 981 2797 Morellus.
1095 2767 1799 2807 73.precatiunculametbeataviscera]

237 2806 300 2846 †23
328 2807 417 2846 July
448 2816 550 2846 1533:
590 2818 648 2838 see
677 2809 745 2849 Ep.
779 2819 872 2849 1534.
902 2820 981 2847 29n‚
1051 2810 1123 2841 For
1142 2811 1216 2841 this
1237 2814 1338 2850 story
1358 2821 1417 2841 see
1439 2811 1535 2851 Epp.
1562 2814 1655 2842 1610.
1679 2821 1797 2851 7-114,

237 2850 306 2881 but
337 2851 400 2881 the
432 2861 529 2881 news
556 2856 657 2882 must
685 2853 778 2883 have
804 2853 984 2884 travelled
1054 2856 1147 2892 1956.
1167 2863 1284 2893 24-35.

237 2893 374 2934 slowly,
398 2894 454 2924 for
476 2894 651 2925 Erasmus
671 2900 783 2926 wrote
806 2897 875 2936 Ep.
900 2898 984 2936 2870
1095 2907 1147 2934 91.
1174 2899 1365 2937 vtriusque
1407 2898 1579 2936 hominis]
1623 2898 1688 2929 See
1727 2899 1796 2938 Ep.

237 2941 276 2968 to
293 2937 463 2968 Morellus
480 2947 527 2968 on
547 2947 584 2968 12
603 2939 683 2969 Oct.
706 2948 799 2978 1533.
1052 2950 1148 2981 2441.
1170 2942 1333 2980 117-1811,
