<?xml version="1.0" encoding="UTF-8"?>
<!DOCTYPE html PUBLIC "-//W3C//DTD XHTML 1.0 Transitional//EN"
    "http://www.w3.org/TR/xhtml1/DTD/xhtml1-transitional.dtd">
<html xmlns="http://www.w3.org/1999/xhtml" xml:lang="en" lang="en">
 <head>
  <title>
</title>
<meta http-equiv="Content-Type" content="text/html;charset=utf-8" />
  <meta name='ocr-system' content='tesseract 3.04.00' />
  <meta name='ocr-capabilities' content='ocr_page ocr_carea ocr_par ocr_line ocrx_word'/>
</head>
<body>
  <div class='ocr_page' id='page_1' title='image "./opusepistolarum10eras_0315.png"; bbox 0 0 1966 3379; ppageno 0'>
   <div class='ocr_carea' id='block_1_1' title="bbox 520 119 1680 162">
    <p class='ocr_par' dir='ltr' id='par_1_1' title="bbox 520 119 1680 162">
     <span class='ocr_line' id='line_1_1' title="bbox 520 119 1680 162; baseline -0.006 0"><span class='ocrx_word' id='word_1_1' title='bbox 520 123 678 162; x_wconf 87' lang='lat' dir='ltr'><strong>FROM</strong></span> <span class='ocrx_word' id='word_1_2' title='bbox 708 121 942 161; x_wconf 88' lang='lat' dir='ltr'><strong>CONRAD</strong></span> <span class='ocrx_word' id='word_1_3' title='bbox 971 119 1290 159; x_wconf 80' lang='lat' dir='ltr'>GOCLENIUS</span> <span class='ocrx_word' id='word_1_4' title='bbox 1603 119 1680 156; x_wconf 85' lang='lat'>279</span> 
     </span>
    </p>
   </div>
   <div class='ocr_carea' id='block_1_2' title="bbox 121 126 1754 1853">
    <p class='ocr_par' dir='ltr' id='par_1_2' title="bbox 121 126 1680 441">
     <span class='ocr_line' id='line_1_2' title="bbox 122 126 242 175; baseline 0 -11"><span class='ocrx_word' id='word_1_5' title='bbox 122 126 242 175; x_wconf 87' lang='lat'>2851]</span> 
     </span>
     <span class='ocr_line' id='line_1_3' title="bbox 121 221 1679 279; baseline -0.006 -12"><span class='ocrx_word' id='word_1_6' title='bbox 121 242 248 279; x_wconf 88' lang='lat' dir='ltr'>quam</span> <span class='ocrx_word' id='word_1_7' title='bbox 266 233 315 266; x_wconf 86' lang='lat' dir='ltr'>vt</span> <span class='ocrx_word' id='word_1_8' title='bbox 331 233 372 266; x_wconf 93' lang='lat' dir='ltr'>te</span> <span class='ocrx_word' id='word_1_9' title='bbox 390 227 619 266; x_wconf 71' lang='lat' dir='ltr'>reduceret.</span> <span class='ocrx_word' id='word_1_10' title='bbox 661 226 772 276; x_wconf 87' lang='lat' dir='ltr'>Opto</span> <span class='ocrx_word' id='word_1_11' title='bbox 790 230 839 263; x_wconf 82' lang='lat' dir='ltr'>Vt</span> <span class='ocrx_word' id='word_1_12' title='bbox 855 225 909 262; x_wconf 91' lang='lat' dir='ltr'>sit</span> <span class='ocrx_word' id='word_1_13' title='bbox 925 225 1114 262; x_wconf 86' lang='lat' dir='ltr'>faustum</span> <span class='ocrx_word' id='word_1_14' title='bbox 1131 227 1174 261; x_wconf 91' lang='lat' dir='ltr'>et</span> <span class='ocrx_word' id='word_1_15' title='bbox 1190 222 1303 260; x_wconf 82' lang='lat' dir='ltr'>felix.</span> <span class='ocrx_word' id='word_1_16' title='bbox 1345 221 1430 259; x_wconf 91' lang='lat' dir='ltr'>Nec</span> <span class='ocrx_word' id='word_1_17' title='bbox 1453 223 1679 271; x_wconf 90' lang='lat' dir='ltr'>quicquam</span> 
     </span>
     <span class='ocr_line' id='line_1_4' title="bbox 121 276 1680 332; baseline -0.006 -11"><span class='ocrx_word' id='word_1_18' title='bbox 121 284 279 321; x_wconf 78' lang='lat' dir='ltr'>sinistri</span> <span class='ocrx_word' id='word_1_19' title='bbox 306 295 478 332; x_wconf 91' lang='lat' dir='ltr'>possum</span> <span class='ocrx_word' id='word_1_20' title='bbox 503 282 712 331; x_wconf 89' lang='lat' dir='ltr'>augurari,</span> <span class='ocrx_word' id='word_1_21' title='bbox 741 279 921 318; x_wconf 88' lang='lat' dir='ltr'>sublatis</span> <span class='ocrx_word' id='word_1_22' title='bbox 948 279 1033 316; x_wconf 87' lang='lat' dir='ltr'>fere</span> <span class='ocrx_word' id='word_1_23' title='bbox 1062 277 1258 316; x_wconf 87' lang='lat' dir='ltr'>omnibus</span> <span class='ocrx_word' id='word_1_24' title='bbox 1283 277 1355 325; x_wconf 87' lang='lat' dir='ltr'>qui</span> <span class='ocrx_word' id='word_1_25' title='bbox 1384 276 1680 313; x_wconf 84' lang='lat' dir='ltr'>immedicabili</span> 
     </span>
     <span class='ocr_line' id='line_1_5' title="bbox 122 330 1680 383; baseline -0.006 -8"><span class='ocrx_word' id='word_1_26' title='bbox 122 338 218 376; x_wconf 92' lang='lat' dir='ltr'>odio</span> <span class='ocrx_word' id='word_1_27' title='bbox 239 341 388 375; x_wconf 88' lang='lat' dir='ltr'>contra</span> <span class='ocrx_word' id='word_1_28' title='bbox 409 340 450 374; x_wconf 90' lang='lat' dir='ltr'>te</span> <span class='ocrx_word' id='word_1_29' title='bbox 471 336 741 380; x_wconf 75' lang='lat' dir='ltr'>aestuabant,</span> <span class='ocrx_word' id='word_1_30' title='bbox 765 335 920 383; x_wconf 91' lang='lat' dir='ltr'>quique</span> <span class='ocrx_word' id='word_1_31' title='bbox 941 332 1187 371; x_wconf 76' lang='lat' dir='ltr'>autoritatis</span> <span class='ocrx_word' id='word_1_32' title='bbox 1204 330 1364 379; x_wconf 85' lang='lat' dir='ltr'>aliquid</span> <span class='ocrx_word' id='word_1_33' title='bbox 1381 330 1622 368; x_wconf 89' lang='lat' dir='ltr'>habuerunt</span> <span class='ocrx_word' id='word_1_34' title='bbox 1639 330 1680 366; x_wconf 90' lang='lat' dir='ltr'>in</span> 
     </span>
     <span class='ocr_line' id='line_1_6' title="bbox 123 384 1679 441; baseline -0.006 -12"><span class='ocrx_word' id='word_1_35' title='bbox 123 392 273 430; x_wconf 90' lang='lat' dir='ltr'>animis</span> <span class='ocrx_word' id='word_1_36' title='bbox 288 391 506 441; x_wconf 84' lang='lat' dir='ltr'>imperitae</span> <span class='ocrx_word' id='word_1_37' title='bbox 524 389 812 427; x_wconf 76' lang='lat' dir='ltr'>multitudinis</span> <span class='ocrx_word' id='word_1_38' title='bbox 825 387 1029 425; x_wconf 90' lang='lat' dir='ltr'>aduersus</span> <span class='ocrx_word' id='word_1_39' title='bbox 1045 386 1201 424; x_wconf 85' lang='lat' dir='ltr'>bonam</span> <span class='ocrx_word' id='word_1_40' title='bbox 1217 397 1388 422; x_wconf 90' lang='lat' dir='ltr'>causam</span> <span class='ocrx_word' id='word_1_41' title='bbox 1406 384 1679 421; x_wconf 85' lang='lat' dir='ltr'>concitandis.</span> 
     </span>
    </p>

    <p class='ocr_par' dir='ltr' id='par_1_3' title="bbox 122 437 1749 1417">
     <span class='ocr_line' id='line_1_7' title="bbox 178 437 1682 492; baseline -0.006 -9"><span class='ocrx_word' id='word_1_42' title='bbox 178 445 472 484; x_wconf 90' lang='lat' dir='ltr'>Titelmannus</span> <span class='ocrx_word' id='word_1_43' title='bbox 510 448 634 482; x_wconf 85' lang='lat' dir='ltr'>extra</span> <span class='ocrx_word' id='word_1_44' title='bbox 667 456 743 481; x_wconf 90' lang='lat' dir='ltr'>sua</span> <span class='ocrx_word' id='word_1_45' title='bbox 777 446 924 492; x_wconf 87' lang='lat' dir='ltr'>saepta</span> <span class='ocrx_word' id='word_1_46' title='bbox 957 441 1095 490; x_wconf 85' lang='lat' dir='ltr'>friget.</span> <span class='ocrx_word' id='word_1_47' title='bbox 1150 440 1212 477; x_wconf 90' lang='lat' dir='ltr'>De</span> <span class='ocrx_word' id='word_1_48' title='bbox 1248 439 1464 476; x_wconf 86' lang='lat' dir='ltr'>Hermano</span> <span class='ocrx_word' id='word_1_49' title='bbox 1500 437 1682 475; x_wconf 86' lang='lat' dir='ltr'>Buschio</span> 
     </span>
     <span class='ocr_line' id='line_1_8' title="bbox 122 493 1682 546; baseline -0.006 -8"><span class='ocrx_word' id='word_1_50' title='bbox 122 513 280 538; x_wconf 90' lang='lat' dir='ltr'>meram</span> <span class='ocrx_word' id='word_1_51' title='bbox 301 499 491 537; x_wconf 90' lang='lat' dir='ltr'>fabulam</span> <span class='ocrx_word' id='word_1_52' title='bbox 513 498 682 536; x_wconf 88' lang='lat' dir='ltr'>audisti.</span> <span class='ocrx_word' id='word_1_53' title='bbox 723 497 870 546; x_wconf 88' lang='lat' dir='ltr'>Neque</span> <span class='ocrx_word' id='word_1_54' title='bbox 887 495 955 533; x_wconf 90' lang='lat' dir='ltr'>ille</span> <span class='ocrx_word' id='word_1_55' title='bbox 972 507 1160 544; x_wconf 87' lang='lat' dir='ltr'>vnquam</span> <span class='ocrx_word' id='word_1_56' title='bbox 1178 494 1258 531; x_wconf 92' lang='lat' dir='ltr'>huc</span> <span class='ocrx_word' id='word_1_57' title='bbox 1276 493 1416 538; x_wconf 89' lang='lat' dir='ltr'>venit;</span> <span class='ocrx_word' id='word_1_58' title='bbox 1448 496 1491 530; x_wconf 89' lang='lat' dir='ltr'>et</span> <span class='ocrx_word' id='word_1_59' title='bbox 1512 493 1573 530; x_wconf 86' lang='lat' dir='ltr'>ita</span> <span class='ocrx_word' id='word_1_60' title='bbox 1594 493 1682 529; x_wconf 86' lang='lat' dir='ltr'>eius</span> 
     </span>
     <span class='ocr_line' id='line_1_9' title="bbox 123 546 1684 592; baseline -0.006 0"><span class='ocrx_word' id='word_1_61' title='bbox 123 567 275 592; x_wconf 90' lang='lat' dir='ltr'>nomen</span> <span class='ocrx_word' id='word_1_62' title='bbox 295 553 553 591; x_wconf 87' lang='lat' dir='ltr'>celebratum</span> <span class='ocrx_word' id='word_1_63' title='bbox 574 556 639 590; x_wconf 92' lang='lat' dir='ltr'>est</span> <span class='ocrx_word' id='word_1_64' title='bbox 660 553 769 589; x_wconf 91' lang='lat' dir='ltr'>inter</span> <span class='ocrx_word' id='word_1_65' title='bbox 789 550 968 588; x_wconf 89' lang='lat' dir='ltr'>furiosos</span> <span class='ocrx_word' id='word_1_66' title='bbox 995 549 1122 587; x_wconf 88' lang='lat' dir='ltr'>duces</span> <span class='ocrx_word' id='word_1_67' title='bbox 1148 552 1359 586; x_wconf 85' lang='lat' dir='ltr'>sectarum</span> <span class='ocrx_word' id='word_1_68' title='bbox 1381 551 1430 584; x_wconf 88' lang='lat' dir='ltr'>vt</span> <span class='ocrx_word' id='word_1_69' title='bbox 1451 559 1535 584; x_wconf 90' lang='lat' dir='ltr'>non</span> <span class='ocrx_word' id='word_1_70' title='bbox 1555 546 1684 584; x_wconf 85' lang='lat' dir='ltr'>fuerit</span> 
     </span>
     <span class='ocr_line' id='line_1_10' title="bbox 124 601 1683 658; baseline -0.006 -12"><span class='ocrx_word' id='word_1_71' title='bbox 124 609 293 658; x_wconf 92' lang='lat' dir='ltr'>impune</span> <span class='ocrx_word' id='word_1_72' title='bbox 314 609 356 645; x_wconf 88' lang='lat' dir='ltr'>in</span> <span class='ocrx_word' id='word_1_73' title='bbox 377 607 588 657; x_wconf 80' lang='lat' dir='ltr'>Belgicam</span> <span class='ocrx_word' id='word_1_74' title='bbox 610 610 826 644; x_wconf 88' lang='lat' dir='ltr'>venturus.</span> <span class='ocrx_word' id='word_1_75' title='bbox 876 604 1030 653; x_wconf 88' lang='lat' dir='ltr'>Itaque</span> <span class='ocrx_word' id='word_1_76' title='bbox 1051 603 1195 641; x_wconf 79' lang='lat' dir='ltr'>literas</span> <span class='ocrx_word' id='word_1_77' title='bbox 1216 602 1270 639; x_wconf 92' lang='lat' dir='ltr'>ad</span> <span class='ocrx_word' id='word_1_78' title='bbox 1291 614 1387 638; x_wconf 89' lang='lat' dir='ltr'>eum</span> <span class='ocrx_word' id='word_1_79' title='bbox 1409 601 1621 650; x_wconf 82' lang='lat' dir='ltr'>suppressi</span> <span class='ocrx_word' id='word_1_80' title='bbox 1643 601 1683 637; x_wconf 91' lang='lat' dir='ltr'>in</span> 
     </span>
     <span class='ocr_line' id='line_1_11' title="bbox 123 656 1682 707; baseline -0.006 -7"><span class='ocrx_word' id='word_1_81' title='bbox 123 666 246 700; x_wconf 88' lang='lat' dir='ltr'>tuum</span> <span class='ocrx_word' id='word_1_82' title='bbox 268 662 514 699; x_wconf 89' lang='lat' dir='ltr'>aduentum.</span> <span class='ocrx_word' id='word_1_83' title='bbox 556 661 634 698; x_wconf 86' lang='lat' dir='ltr'>Est</span> <span class='ocrx_word' id='word_1_84' title='bbox 654 664 797 698; x_wconf 90' lang='lat' dir='ltr'>autem</span> <span class='ocrx_word' id='word_1_85' title='bbox 815 659 923 696; x_wconf 90' lang='lat' dir='ltr'>alius</span> <span class='ocrx_word' id='word_1_86' title='bbox 944 658 1119 707; x_wconf 89' lang='lat' dir='ltr'>quidam</span> <span class='ocrx_word' id='word_1_87' title='bbox 1137 657 1288 694; x_wconf 89' lang='lat' dir='ltr'>Petrus</span> <span class='ocrx_word' id='word_1_88' title='bbox 1310 656 1556 700; x_wconf 83' lang='lat' dir='ltr'>Busconius,</span> <span class='ocrx_word' id='word_1_89' title='bbox 1578 656 1682 692; x_wconf 91' lang='lat' dir='ltr'>iure-</span> 
     </span>
     <span class='ocr_line' id='line_1_12' title="bbox 123 709 1745 765; baseline -0.006 -10"><span class='ocrx_word' id='word_1_90' title='bbox 123 717 355 761; x_wconf 83' lang='lat' dir='ltr'>consultus,</span> <span class='ocrx_word' id='word_1_91' title='bbox 379 717 469 765; x_wconf 87' lang='lat' dir='ltr'>ipsa</span> <span class='ocrx_word' id='word_1_92' title='bbox 500 716 633 753; x_wconf 89' lang='lat' dir='ltr'>Moria</span> <span class='ocrx_word' id='word_1_93' title='bbox 663 715 859 757; x_wconf 86' lang='lat' dir='ltr'>insanior,</span> <span class='ocrx_word' id='word_1_94' title='bbox 882 725 1007 762; x_wconf 85' lang='lat' dir='ltr'>quem</span> <span class='ocrx_word' id='word_1_95' title='bbox 1038 717 1086 750; x_wconf 91' lang='lat' dir='ltr'>tu</span> <span class='ocrx_word' id='word_1_96' title='bbox 1118 711 1218 748; x_wconf 91' lang='lat' dir='ltr'>olim</span> <span class='ocrx_word' id='word_1_97' title='bbox 1240 724 1264 748; x_wconf 91' lang='lat' dir='ltr'>a</span> <span class='ocrx_word' id='word_1_98' title='bbox 1289 709 1546 747; x_wconf 83' lang='lat' dir='ltr'>carminibus</span> <span class='ocrx_word' id='word_1_99' title='bbox 1577 722 1684 758; x_wconf 90' lang='lat' dir='ltr'>quae</span> <span class='ocrx_word' id='word_1_100' title='bbox 1708 723 1745 752; x_wconf 81' lang='lat'>15</span> 
     </span>
     <span class='ocr_line' id='line_1_13' title="bbox 125 763 1685 819; baseline -0.006 -10"><span class='ocrx_word' id='word_1_101' title='bbox 125 771 203 809; x_wconf 88' lang='lat' dir='ltr'>tibi</span> <span class='ocrx_word' id='word_1_102' title='bbox 225 783 308 808; x_wconf 88' lang='lat' dir='ltr'>non</span> <span class='ocrx_word' id='word_1_103' title='bbox 334 770 623 819; x_wconf 85' lang='lat' dir='ltr'>infrequenter</span> <span class='ocrx_word' id='word_1_104' title='bbox 646 768 877 806; x_wconf 82' lang='lat' dir='ltr'>exhibebat</span> <span class='ocrx_word' id='word_1_105' title='bbox 904 767 1069 804; x_wconf 85' lang='lat' dir='ltr'>solebas</span> <span class='ocrx_word' id='word_1_106' title='bbox 1097 765 1343 804; x_wconf 88' lang='lat' dir='ltr'>metrarium</span> <span class='ocrx_word' id='word_1_107' title='bbox 1368 763 1592 814; x_wconf 86' lang='lat' dir='ltr'>appellare.</span> <span class='ocrx_word' id='word_1_108' title='bbox 1645 763 1685 800; x_wconf 91' lang='lat' dir='ltr'>Is</span> 
     </span>
     <span class='ocr_line' id='line_1_14' title="bbox 123 818 1685 875; baseline -0.006 -12"><span class='ocrx_word' id='word_1_109' title='bbox 123 829 342 875; x_wconf 90' lang='lat' dir='ltr'>pertaesus</span> <span class='ocrx_word' id='word_1_110' title='bbox 363 824 631 875; x_wconf 78' lang='lat' dir='ltr'>professionis</span> <span class='ocrx_word' id='word_1_111' title='bbox 661 836 761 860; x_wconf 88' lang='lat' dir='ltr'>suae</span> <span class='ocrx_word' id='word_1_112' title='bbox 790 822 940 871; x_wconf 81' lang='lat' dir='ltr'>incipit</span> <span class='ocrx_word' id='word_1_113' title='bbox 970 821 1134 870; x_wconf 90' lang='lat' dir='ltr'>poetari</span> <span class='ocrx_word' id='word_1_114' title='bbox 1163 824 1206 858; x_wconf 93' lang='lat' dir='ltr'>et</span> <span class='ocrx_word' id='word_1_115' title='bbox 1235 819 1451 869; x_wconf 83' lang='lat' dir='ltr'>apologias</span> <span class='ocrx_word' id='word_1_116' title='bbox 1481 818 1685 861; x_wconf 85' lang='lat' dir='ltr'>scribere;</span> 
     </span>
     <span class='ocr_line' id='line_1_15' title="bbox 124 872 1684 924; baseline -0.006 -7"><span class='ocrx_word' id='word_1_117' title='bbox 124 893 243 917; x_wconf 88' lang='lat' dir='ltr'>orsus</span> <span class='ocrx_word' id='word_1_118' title='bbox 264 893 289 917; x_wconf 88' lang='lat' dir='ltr'>a</span> <span class='ocrx_word' id='word_1_119' title='bbox 316 879 521 924; x_wconf 90' lang='lat' dir='ltr'>Turnoto,</span> <span class='ocrx_word' id='word_1_120' title='bbox 544 879 586 916; x_wconf 90' lang='lat' dir='ltr'>in</span> <span class='ocrx_word' id='word_1_121' title='bbox 612 878 731 916; x_wconf 87' lang='lat' dir='ltr'>cuius</span> <span class='ocrx_word' id='word_1_122' title='bbox 758 876 876 914; x_wconf 91' lang='lat' dir='ltr'>libris</span> <span class='ocrx_word' id='word_1_123' title='bbox 905 876 1045 913; x_wconf 89' lang='lat' dir='ltr'>nescio</span> <span class='ocrx_word' id='word_1_124' title='bbox 1075 874 1178 924; x_wconf 91' lang='lat' dir='ltr'>quid</span> <span class='ocrx_word' id='word_1_125' title='bbox 1209 874 1427 911; x_wconf 88' lang='lat' dir='ltr'>haereseos</span> <span class='ocrx_word' id='word_1_126' title='bbox 1458 872 1684 922; x_wconf 87' lang='lat' dir='ltr'>deprehen-</span> 
     </span>
     <span class='ocr_line' id='line_1_16' title="bbox 124 927 1686 983; baseline -0.006 -11"><span class='ocrx_word' id='word_1_127' title='bbox 124 934 258 971; x_wconf 86' lang='lat' dir='ltr'>derat.</span> <span class='ocrx_word' id='word_1_128' title='bbox 302 933 400 971; x_wconf 87' lang='lat' dir='ltr'>Mox</span> <span class='ocrx_word' id='word_1_129' title='bbox 423 933 501 971; x_wconf 90' lang='lat' dir='ltr'>sibi</span> <span class='ocrx_word' id='word_1_130' title='bbox 522 932 727 983; x_wconf 85' lang='lat' dir='ltr'>plaudens</span> <span class='ocrx_word' id='word_1_131' title='bbox 748 931 887 969; x_wconf 88' lang='lat' dir='ltr'>nescio</span> <span class='ocrx_word' id='word_1_132' title='bbox 909 929 1011 979; x_wconf 92' lang='lat' dir='ltr'>quid</span> <span class='ocrx_word' id='word_1_133' title='bbox 1028 930 1071 967; x_wconf 92' lang='lat' dir='ltr'>in</span> <span class='ocrx_word' id='word_1_134' title='bbox 1087 928 1311 979; x_wconf 89' lang='lat' dir='ltr'>epistolam</span> <span class='ocrx_word' id='word_1_135' title='bbox 1329 927 1544 977; x_wconf 86' lang='lat' dir='ltr'>quandam</span> <span class='ocrx_word' id='word_1_136' title='bbox 1567 932 1686 964; x_wconf 89' lang='lat' dir='ltr'>tuam</span> 
     </span>
     <span class='ocr_line' id='line_1_17' title="bbox 124 982 1748 1037; baseline -0.006 -11"><span class='ocrx_word' id='word_1_137' title='bbox 124 991 367 1033; x_wconf 87' lang='lat' dir='ltr'>annotarat,</span> <span class='ocrx_word' id='word_1_138' title='bbox 393 987 507 1037; x_wconf 91' lang='lat' dir='ltr'>quod</span> <span class='ocrx_word' id='word_1_139' title='bbox 532 986 741 1036; x_wconf 89' lang='lat' dir='ltr'>quaedam</span> <span class='ocrx_word' id='word_1_140' title='bbox 770 985 932 1035; x_wconf 90' lang='lat' dir='ltr'>possint</span> <span class='ocrx_word' id='word_1_141' title='bbox 957 984 1127 1021; x_wconf 91' lang='lat' dir='ltr'>breuius</span> <span class='ocrx_word' id='word_1_142' title='bbox 1152 983 1233 1023; x_wconf 87' lang='lat' dir='ltr'>dici</span> <span class='ocrx_word' id='word_1_143' title='bbox 1259 987 1303 1020; x_wconf 93' lang='lat' dir='ltr'>et</span> <span class='ocrx_word' id='word_1_144' title='bbox 1330 982 1685 1031; x_wconf 82' lang='lat' dir='ltr'>circumspectius.</span> <span class='ocrx_word' id='word_1_145' title='bbox 1710 995 1748 1016; x_wconf 76' lang='lat'>20</span> 
     </span>
     <span class='ocr_line' id='line_1_18' title="bbox 125 1035 1687 1090; baseline -0.006 -9"><span class='ocrx_word' id='word_1_146' title='bbox 125 1042 240 1088; x_wconf 84' lang='lat' dir='ltr'>Quae</span> <span class='ocrx_word' id='word_1_147' title='bbox 261 1042 435 1080; x_wconf 84' lang='lat' dir='ltr'>fuerunt</span> <span class='ocrx_word' id='word_1_148' title='bbox 451 1041 656 1079; x_wconf 86' lang='lat' dir='ltr'>eiusmodi</span> <span class='ocrx_word' id='word_1_149' title='bbox 673 1044 722 1078; x_wconf 87' lang='lat' dir='ltr'>vt</span> <span class='ocrx_word' id='word_1_150' title='bbox 737 1040 825 1090; x_wconf 91' lang='lat' dir='ltr'>ipse</span> <span class='ocrx_word' id='word_1_151' title='bbox 842 1051 925 1076; x_wconf 91' lang='lat' dir='ltr'>non</span> <span class='ocrx_word' id='word_1_152' title='bbox 940 1038 1068 1076; x_wconf 84' lang='lat' dir='ltr'>fueris</span> <span class='ocrx_word' id='word_1_153' title='bbox 1081 1051 1131 1076; x_wconf 91' lang='lat' dir='ltr'>ea</span> <span class='ocrx_word' id='word_1_154' title='bbox 1147 1038 1234 1075; x_wconf 90' lang='lat' dir='ltr'>sine</span> <span class='ocrx_word' id='word_1_155' title='bbox 1249 1036 1471 1086; x_wconf 85' lang='lat' dir='ltr'>voluptate</span> <span class='ocrx_word' id='word_1_156' title='bbox 1489 1035 1687 1081; x_wconf 89' lang='lat' dir='ltr'>lecturus,</span> 
     </span>
     <span class='ocr_line' id='line_1_19' title="bbox 125 1090 1687 1145; baseline -0.005 -10"><span class='ocrx_word' id='word_1_157' title='bbox 125 1101 240 1135; x_wconf 91' lang='lat' dir='ltr'>certo</span> <span class='ocrx_word' id='word_1_158' title='bbox 261 1097 358 1135; x_wconf 88' lang='lat' dir='ltr'>scio.</span> <span class='ocrx_word' id='word_1_159' title='bbox 400 1096 541 1145; x_wconf 89' lang='lat' dir='ltr'>Atque</span> <span class='ocrx_word' id='word_1_160' title='bbox 563 1096 657 1133; x_wconf 93' lang='lat' dir='ltr'>hinc</span> <span class='ocrx_word' id='word_1_161' title='bbox 679 1098 785 1144; x_wconf 91' lang='lat' dir='ltr'>puto</span> <span class='ocrx_word' id='word_1_162' title='bbox 806 1094 859 1131; x_wconf 89' lang='lat' dir='ltr'>ad</span> <span class='ocrx_word' id='word_1_163' title='bbox 882 1098 923 1130; x_wconf 83' lang='lat' dir='ltr'>te</span> <span class='ocrx_word' id='word_1_164' title='bbox 945 1105 1138 1130; x_wconf 85' lang='lat' dir='ltr'>manasse</span> <span class='ocrx_word' id='word_1_165' title='bbox 1159 1104 1370 1129; x_wconf 90' lang='lat' dir='ltr'>rumorem</span> <span class='ocrx_word' id='word_1_166' title='bbox 1398 1090 1522 1140; x_wconf 87' lang='lat' dir='ltr'>plane</span> <span class='ocrx_word' id='word_1_167' title='bbox 1546 1091 1687 1128; x_wconf 88' lang='lat' dir='ltr'>euani-</span> 
     </span>
     <span class='ocr_line' id='line_1_20' title="bbox 124 1145 1690 1200; baseline -0.005 -11"><span class='ocrx_word' id='word_1_168' title='bbox 124 1151 239 1191; x_wconf 83' lang='lat' dir='ltr'>dum.</span> <span class='ocrx_word' id='word_1_169' title='bbox 280 1151 497 1200; x_wconf 84' lang='lat' dir='ltr'>Exceptus</span> <span class='ocrx_word' id='word_1_170' title='bbox 522 1150 605 1188; x_wconf 84' lang='lat' dir='ltr'>fuit</span> <span class='ocrx_word' id='word_1_171' title='bbox 629 1149 793 1198; x_wconf 90' lang='lat' dir='ltr'>aliquot</span> <span class='ocrx_word' id='word_1_172' title='bbox 813 1147 1144 1198; x_wconf 84' lang='lat' dir='ltr'>epigrammatis,</span> <span class='ocrx_word' id='word_1_173' title='bbox 1169 1146 1242 1184; x_wconf 91' lang='lat' dir='ltr'>sed</span> <span class='ocrx_word' id='word_1_174' title='bbox 1266 1146 1438 1183; x_wconf 89' lang='lat' dir='ltr'>frustra.</span> <span class='ocrx_word' id='word_1_175' title='bbox 1489 1145 1690 1194; x_wconf 86' lang='lat' dir='ltr'>Argutias</span> 
     </span>
     <span class='ocr_line' id='line_1_21' title="bbox 124 1198 1687 1254; baseline -0.006 -10"><span class='ocrx_word' id='word_1_176' title='bbox 124 1207 236 1243; x_wconf 88' lang='lat' dir='ltr'>enim</span> <span class='ocrx_word' id='word_1_177' title='bbox 257 1218 341 1243; x_wconf 91' lang='lat' dir='ltr'>non</span> <span class='ocrx_word' id='word_1_178' title='bbox 364 1205 574 1254; x_wconf 89' lang='lat' dir='ltr'>intelligit,</span> <span class='ocrx_word' id='word_1_179' title='bbox 592 1217 667 1241; x_wconf 91' lang='lat' dir='ltr'>nec</span> <span class='ocrx_word' id='word_1_180' title='bbox 689 1206 892 1254; x_wconf 87' lang='lat' dir='ltr'>praestat.</span> <span class='ocrx_word' id='word_1_181' title='bbox 944 1202 1071 1240; x_wconf 87' lang='lat' dir='ltr'>Mitto</span> <span class='ocrx_word' id='word_1_182' title='bbox 1092 1201 1147 1239; x_wconf 88' lang='lat' dir='ltr'>ad</span> <span class='ocrx_word' id='word_1_183' title='bbox 1169 1205 1211 1238; x_wconf 88' lang='lat' dir='ltr'>te</span> <span class='ocrx_word' id='word_1_184' title='bbox 1233 1213 1402 1238; x_wconf 88' lang='lat' dir='ltr'>carmen</span> <span class='ocrx_word' id='word_1_185' title='bbox 1423 1200 1554 1249; x_wconf 87' lang='lat' dir='ltr'>ipsius</span> <span class='ocrx_word' id='word_1_186' title='bbox 1575 1198 1687 1236; x_wconf 86' lang='grc' dir='ltr'>αὐτό-</span> 
     </span>
     <span class='ocr_line' id='line_1_22' title="bbox 125 1253 1749 1310; baseline -0.005 -12"><span class='ocrx_word' id='word_1_187' title='bbox 125 1260 290 1310; x_wconf 83' lang='grc' dir='ltr'>γραφον,</span> <span class='ocrx_word' id='word_1_188' title='bbox 326 1259 441 1309; x_wconf 88' lang='lat' dir='ltr'>quod</span> <span class='ocrx_word' id='word_1_189' title='bbox 476 1260 666 1309; x_wconf 84' lang='lat' dir='ltr'>proxime</span> <span class='ocrx_word' id='word_1_190' title='bbox 701 1258 868 1308; x_wconf 88' lang='lat' dir='ltr'>scripsit</span> <span class='ocrx_word' id='word_1_191' title='bbox 899 1257 954 1295; x_wconf 90' lang='lat' dir='ltr'>ad</span> <span class='ocrx_word' id='word_1_192' title='bbox 989 1256 1208 1306; x_wconf 82' lang='lat' dir='ltr'>Reginam,</span> <span class='ocrx_word' id='word_1_193' title='bbox 1246 1268 1330 1292; x_wconf 90' lang='lat' dir='ltr'>non</span> <span class='ocrx_word' id='word_1_194' title='bbox 1361 1259 1410 1292; x_wconf 84' lang='lat' dir='ltr'>vt</span> <span class='ocrx_word' id='word_1_195' title='bbox 1440 1254 1603 1292; x_wconf 88' lang='lat' dir='ltr'>leonem</span> <span class='ocrx_word' id='word_1_196' title='bbox 1634 1253 1688 1290; x_wconf 92' lang='lat' dir='ltr'>ab</span> <span class='ocrx_word' id='word_1_197' title='bbox 1711 1267 1749 1297; x_wconf 86' lang='lat'>25</span> 
     </span>
     <span class='ocr_line' id='line_1_23' title="bbox 126 1308 1689 1364; baseline -0.006 -11"><span class='ocrx_word' id='word_1_198' title='bbox 126 1315 337 1364; x_wconf 87' lang='lat' dir='ltr'>vnguibus</span> <span class='ocrx_word' id='word_1_199' title='bbox 358 1314 432 1352; x_wconf 90' lang='lat' dir='ltr'>sed</span> <span class='ocrx_word' id='word_1_200' title='bbox 453 1319 502 1351; x_wconf 89' lang='lat' dir='ltr'>vt</span> <span class='ocrx_word' id='word_1_201' title='bbox 522 1313 760 1351; x_wconf 90' lang='lat' dir='ltr'>Cumanum</span> <span class='ocrx_word' id='word_1_202' title='bbox 781 1312 947 1349; x_wconf 88' lang='lat' dir='ltr'>asinum</span> <span class='ocrx_word' id='word_1_203' title='bbox 972 1311 1027 1348; x_wconf 88' lang='lat' dir='ltr'>ab</span> <span class='ocrx_word' id='word_1_204' title='bbox 1054 1310 1254 1348; x_wconf 86' lang='lat' dir='ltr'>auriculis</span> <span class='ocrx_word' id='word_1_205' title='bbox 1279 1309 1448 1347; x_wconf 90' lang='lat' dir='ltr'>iudices.</span> <span class='ocrx_word' id='word_1_206' title='bbox 1500 1308 1579 1346; x_wconf 88' lang='lat' dir='ltr'>Hic</span> <span class='ocrx_word' id='word_1_207' title='bbox 1605 1320 1689 1345; x_wconf 92' lang='lat' dir='ltr'>non</span> 
     </span>
     <span class='ocr_line' id='line_1_24' title="bbox 125 1366 1131 1417; baseline -0.005 -10"><span class='ocrx_word' id='word_1_208' title='bbox 125 1369 249 1407; x_wconf 90' lang='lat' dir='ltr'>aliter</span> <span class='ocrx_word' id='word_1_209' title='bbox 269 1369 433 1406; x_wconf 84' lang='lat' dir='ltr'>ridetur</span> <span class='ocrx_word' id='word_1_210' title='bbox 454 1381 582 1417; x_wconf 89' lang='lat' dir='ltr'>quam</span> <span class='ocrx_word' id='word_1_211' title='bbox 604 1367 741 1405; x_wconf 90' lang='lat' dir='ltr'>solent</span> <span class='ocrx_word' id='word_1_212' title='bbox 762 1366 888 1416; x_wconf 90' lang='lat' dir='ltr'>vulgo</span> <span class='ocrx_word' id='word_1_213' title='bbox 909 1366 1131 1403; x_wconf 91' lang='lat' dir='ltr'>moriones.</span> 
     </span>
    </p>

    <p class='ocr_par' dir='ltr' id='par_1_4' title="bbox 124 1418 1691 1580">
     <span class='ocr_line' id='line_1_25' title="bbox 181 1418 1691 1471; baseline -0.005 -10"><span class='ocrx_word' id='word_1_214' title='bbox 181 1423 416 1461; x_wconf 89' lang='lat' dir='ltr'>Damianus</span> <span class='ocrx_word' id='word_1_215' title='bbox 454 1422 561 1460; x_wconf 85' lang='lat' dir='ltr'>Goes</span> <span class='ocrx_word' id='word_1_216' title='bbox 600 1435 625 1460; x_wconf 86' lang='lat' dir='ltr'>a</span> <span class='ocrx_word' id='word_1_217' title='bbox 664 1434 758 1471; x_wconf 87' lang='lat' dir='ltr'>rege</span> <span class='ocrx_word' id='word_1_218' title='bbox 793 1433 869 1458; x_wconf 90' lang='lat' dir='ltr'>suo</span> <span class='ocrx_word' id='word_1_219' title='bbox 904 1424 1129 1458; x_wconf 88' lang='lat' dir='ltr'>reuocatus</span> <span class='ocrx_word' id='word_1_220' title='bbox 1164 1423 1229 1457; x_wconf 89' lang='lat' dir='ltr'>est</span> <span class='ocrx_word' id='word_1_221' title='bbox 1264 1419 1306 1456; x_wconf 93' lang='lat' dir='ltr'>in</span> <span class='ocrx_word' id='word_1_222' title='bbox 1341 1418 1606 1455; x_wconf 82' lang='lat' dir='ltr'>Lusitaniam</span> <span class='ocrx_word' id='word_1_223' title='bbox 1643 1421 1691 1454; x_wconf 85' lang='lat' dir='ltr'>vt</span> 
     </span>
     <span class='ocr_line' id='line_1_26' title="bbox 126 1472 1689 1528; baseline -0.004 -12"><span class='ocrx_word' id='word_1_224' title='bbox 126 1478 284 1528; x_wconf 88' lang='lat' dir='ltr'>praesit</span> <span class='ocrx_word' id='word_1_225' title='bbox 306 1478 527 1515; x_wconf 87' lang='lat' dir='ltr'>thesauris.</span> <span class='ocrx_word' id='word_1_226' title='bbox 579 1477 777 1514; x_wconf 89' lang='lat' dir='ltr'>Promisit</span> <span class='ocrx_word' id='word_1_227' title='bbox 799 1488 841 1513; x_wconf 91' lang='lat' dir='ltr'>se</span> <span class='ocrx_word' id='word_1_228' title='bbox 862 1475 981 1512; x_wconf 90' lang='lat' dir='ltr'>breui</span> <span class='ocrx_word' id='word_1_229' title='bbox 1002 1478 1118 1512; x_wconf 86' lang='lat' dir='ltr'>certo</span> <span class='ocrx_word' id='word_1_230' title='bbox 1139 1473 1281 1523; x_wconf 88' lang='lat' dir='ltr'>aliquo</span> <span class='ocrx_word' id='word_1_231' title='bbox 1306 1474 1478 1523; x_wconf 89' lang='lat' dir='ltr'>pignore</span> <span class='ocrx_word' id='word_1_232' title='bbox 1505 1472 1689 1509; x_wconf 82' lang='lat' dir='ltr'>declara-</span> 
     </span>
     <span class='ocr_line' id='line_1_27' title="bbox 124 1529 1198 1580; baseline -0.004 -10"><span class='ocrx_word' id='word_1_233' title='bbox 124 1537 270 1570; x_wconf 89' lang='lat' dir='ltr'>turum</span> <span class='ocrx_word' id='word_1_234' title='bbox 292 1544 501 1570; x_wconf 90' lang='lat' dir='ltr'>summam</span> <span class='ocrx_word' id='word_1_235' title='bbox 522 1544 620 1580; x_wconf 89' lang='lat' dir='ltr'>erga</span> <span class='ocrx_word' id='word_1_236' title='bbox 640 1535 682 1568; x_wconf 90' lang='lat' dir='ltr'>te</span> <span class='ocrx_word' id='word_1_237' title='bbox 702 1543 821 1568; x_wconf 90' lang='lat' dir='ltr'>suam</span> <span class='ocrx_word' id='word_1_238' title='bbox 844 1529 1198 1567; x_wconf 91' lang='lat' dir='ltr'>beneuolentiam.</span> 
     </span>
    </p>

    <p class='ocr_par' dir='ltr' id='par_1_5' title="bbox 126 1581 1754 1853">
     <span class='ocr_line' id='line_1_28' title="bbox 181 1581 1689 1634; baseline -0.005 -9"><span class='ocrx_word' id='word_1_239' title='bbox 181 1587 243 1624; x_wconf 89' lang='lat' dir='ltr'>De</span> <span class='ocrx_word' id='word_1_240' title='bbox 264 1599 389 1624; x_wconf 89' lang='lat' dir='ltr'>censu</span> <span class='ocrx_word' id='word_1_241' title='bbox 410 1586 588 1624; x_wconf 90' lang='lat' dir='ltr'>emendo</span> <span class='ocrx_word' id='word_1_242' title='bbox 609 1598 693 1623; x_wconf 93' lang='lat' dir='ltr'>non</span> <span class='ocrx_word' id='word_1_243' title='bbox 714 1586 794 1622; x_wconf 91' lang='lat' dir='ltr'>nisi</span> <span class='ocrx_word' id='word_1_244' title='bbox 816 1589 891 1622; x_wconf 92' lang='lat' dir='ltr'>tuo</span> <span class='ocrx_word' id='word_1_245' title='bbox 916 1583 1100 1634; x_wconf 89' lang='lat' dir='ltr'>impulsu</span> <span class='ocrx_word' id='word_1_246' title='bbox 1124 1583 1253 1621; x_wconf 83' lang='lat' dir='ltr'>verba</span> <span class='ocrx_word' id='word_1_247' title='bbox 1273 1582 1365 1628; x_wconf 84' lang='lat' dir='ltr'>feci,</span> <span class='ocrx_word' id='word_1_248' title='bbox 1387 1595 1462 1620; x_wconf 90' lang='lat' dir='ltr'>nec</span> <span class='ocrx_word' id='word_1_249' title='bbox 1484 1581 1689 1631; x_wconf 87' lang='lat' dir='ltr'>putabam</span> 
     </span>
     <span class='ocr_line' id='line_1_29' title="bbox 126 1636 1692 1689; baseline -0.004 -10"><span class='ocrx_word' id='word_1_250' title='bbox 126 1641 370 1679; x_wconf 86' lang='lat' dir='ltr'>defuturam</span> <span class='ocrx_word' id='word_1_251' title='bbox 392 1642 612 1686; x_wconf 85' lang='lat' dir='ltr'>rationem,</span> <span class='ocrx_word' id='word_1_252' title='bbox 636 1652 720 1689; x_wconf 91' lang='lat' dir='ltr'>qua</span> <span class='ocrx_word' id='word_1_253' title='bbox 741 1639 819 1677; x_wconf 91' lang='lat' dir='ltr'>tibi</span> <span class='ocrx_word' id='word_1_254' title='bbox 841 1639 944 1677; x_wconf 89' lang='lat' dir='ltr'>satis</span> <span class='ocrx_word' id='word_1_255' title='bbox 965 1642 1200 1676; x_wconf 91' lang='lat' dir='ltr'>caueretur.</span> <span class='ocrx_word' id='word_1_256' title='bbox 1242 1637 1398 1675; x_wconf 89' lang='lat' dir='ltr'>Verum</span> <span class='ocrx_word' id='word_1_257' title='bbox 1416 1636 1540 1673; x_wconf 90' lang='lat' dir='ltr'>simul</span> <span class='ocrx_word' id='word_1_258' title='bbox 1562 1639 1692 1684; x_wconf 85' lang='lat' dir='ltr'>atque</span> 
     </span>
     <span class='ocr_line' id='line_1_30' title="bbox 126 1689 1693 1743; baseline -0.004 -10"><span class='ocrx_word' id='word_1_259' title='bbox 126 1708 147 1733; x_wconf 92' lang='lat' dir='ltr'>e</span> <span class='ocrx_word' id='word_1_260' title='bbox 183 1695 315 1734; x_wconf 90' lang='lat' dir='ltr'>literis</span> <span class='ocrx_word' id='word_1_261' title='bbox 351 1696 435 1733; x_wconf 93' lang='lat' dir='ltr'>tuis</span> <span class='ocrx_word' id='word_1_262' title='bbox 468 1695 671 1740; x_wconf 89' lang='lat' dir='ltr'>intellexi,</span> <span class='ocrx_word' id='word_1_263' title='bbox 707 1707 732 1732; x_wconf 88' lang='lat' dir='ltr'>a</span> <span class='ocrx_word' id='word_1_264' title='bbox 767 1694 922 1743; x_wconf 90' lang='lat' dir='ltr'>quibus</span> <span class='ocrx_word' id='word_1_265' title='bbox 956 1692 1199 1731; x_wconf 88' lang='lat' dir='ltr'>hominibus</span> <span class='ocrx_word' id='word_1_266' title='bbox 1233 1705 1297 1730; x_wconf 92' lang='lat' dir='ltr'>res</span> <span class='ocrx_word' id='word_1_267' title='bbox 1332 1695 1429 1729; x_wconf 85' lang='lat' dir='ltr'>tuas</span> <span class='ocrx_word' id='word_1_268' title='bbox 1464 1690 1577 1728; x_wconf 88' lang='lat' dir='ltr'>mala</span> <span class='ocrx_word' id='word_1_269' title='bbox 1612 1689 1693 1727; x_wconf 89' lang='lat' dir='ltr'>fide</span> 
     </span>
     <span class='ocr_line' id='line_1_31' title="bbox 127 1744 1692 1799; baseline -0.004 -11"><span class='ocrx_word' id='word_1_270' title='bbox 127 1754 336 1788; x_wconf 86' lang='lat' dir='ltr'>tractatas</span> <span class='ocrx_word' id='word_1_271' title='bbox 357 1750 641 1799; x_wconf 89' lang='lat' dir='ltr'>conqueraris,</span> <span class='ocrx_word' id='word_1_272' title='bbox 665 1762 739 1798; x_wconf 93' lang='lat' dir='ltr'>ego</span> <span class='ocrx_word' id='word_1_273' title='bbox 762 1748 840 1786; x_wconf 88' lang='lat' dir='ltr'>tibi</span> <span class='ocrx_word' id='word_1_274' title='bbox 857 1747 987 1786; x_wconf 88' lang='lat' dir='ltr'>nolim</span> <span class='ocrx_word' id='word_1_275' title='bbox 1004 1760 1092 1785; x_wconf 89' lang='lat' dir='ltr'>esse</span> <span class='ocrx_word' id='word_1_276' title='bbox 1109 1751 1236 1785; x_wconf 89' lang='lat' dir='ltr'>autor</span> <span class='ocrx_word' id='word_1_277' title='bbox 1250 1751 1299 1784; x_wconf 85' lang='lat' dir='ltr'>vt</span> <span class='ocrx_word' id='word_1_278' title='bbox 1315 1747 1512 1795; x_wconf 86' lang='lat' dir='ltr'>cuiquam</span> <span class='ocrx_word' id='word_1_279' title='bbox 1535 1744 1692 1789; x_wconf 90' lang='lat' dir='ltr'>credas,</span> 
     </span>
     <span class='ocr_line' id='line_1_32' title="bbox 127 1800 1754 1853; baseline -0.004 -11"><span class='ocrx_word' id='word_1_280' title='bbox 127 1817 222 1842; x_wconf 90' lang='lat' dir='ltr'>cum</span> <span class='ocrx_word' id='word_1_281' title='bbox 253 1805 295 1842; x_wconf 91' lang='lat' dir='ltr'>in</span> <span class='ocrx_word' id='word_1_282' title='bbox 326 1804 484 1842; x_wconf 88' lang='lat' dir='ltr'>talibus</span> <span class='ocrx_word' id='word_1_283' title='bbox 515 1805 615 1841; x_wconf 89' lang='lat' dir='ltr'>viris</span> <span class='ocrx_word' id='word_1_284' title='bbox 644 1816 728 1841; x_wconf 92' lang='lat' dir='ltr'>non</span> <span class='ocrx_word' id='word_1_285' title='bbox 761 1804 816 1840; x_wconf 92' lang='lat' dir='ltr'>sis</span> <span class='ocrx_word' id='word_1_286' title='bbox 849 1806 1051 1853; x_wconf 87' lang='lat' dir='ltr'>expertus</span> <span class='ocrx_word' id='word_1_287' title='bbox 1083 1802 1399 1851; x_wconf 87' lang='lat' dir='ltr'>synceritatem,</span> <span class='ocrx_word' id='word_1_288' title='bbox 1433 1800 1587 1849; x_wconf 89' lang='lat' dir='ltr'>quibus</span> <span class='ocrx_word' id='word_1_289' title='bbox 1619 1811 1694 1849; x_wconf 89' lang='lat' dir='ltr'>ego</span> <span class='ocrx_word' id='word_1_290' title='bbox 1714 1814 1754 1845; x_wconf 83' lang='lat'>35</span> 
     </span>
    </p>
   </div>
   <div class='ocr_carea' id='block_1_3' title="bbox 1704 453 1743 474">
    <p class='ocr_par' dir='ltr' id='par_1_6' title="bbox 1704 453 1743 474">
     <span class='ocr_line' id='line_1_33' title="bbox 1704 453 1743 474; baseline 0 0"><span class='ocrx_word' id='word_1_291' title='bbox 1704 453 1743 474; x_wconf 88' lang='lat'>10</span> 
     </span>
    </p>
   </div>
   <div class='ocr_carea' id='block_1_4' title="bbox 1712 1541 1752 1571">
    <p class='ocr_par' dir='ltr' id='par_1_7' title="bbox 1712 1541 1752 1571">
     <span class='ocr_line' id='line_1_34' title="bbox 1712 1541 1752 1571; baseline 0 -9"><span class='ocrx_word' id='word_1_292' title='bbox 1712 1541 1752 1571; x_wconf 81' lang='lat'>30</span> 
     </span>
    </p>
   </div>
   <div class='ocr_carea' id='block_1_5' title="bbox 542 1883 1272 1926">
    <p class='ocr_par' dir='ltr' id='par_1_8' title="bbox 542 1883 1272 1926">
     <span class='ocr_line' id='line_1_35' title="bbox 542 1883 1272 1926; baseline -0.005 -9"><span class='ocrx_word' id='word_1_293' title='bbox 542 1888 593 1917; x_wconf 82' lang='lat'>26.</span> <span class='ocrx_word' id='word_1_294' title='bbox 621 1886 757 1917; x_wconf 89' lang='lat' dir='ltr'>iudices</span> <span class='ocrx_word' id='word_1_295' title='bbox 774 1885 989 1926; x_wconf 75' lang='lat' dir='ltr'>scripsimus</span> <span class='ocrx_word' id='word_1_296' title='bbox 1004 1897 1011 1916; x_wconf 78' lang='lat' dir='ltr'>z</span> <span class='ocrx_word' id='word_1_297' title='bbox 1037 1885 1174 1915; x_wconf 89' lang='lat' dir='ltr'>indices</span> <span class='ocrx_word' id='word_1_298' title='bbox 1190 1883 1272 1914; x_wconf 83' lang='lat' dir='ltr'>MS.</span> 
     </span>
    </p>
   </div>
   <div class='ocr_carea' id='block_1_6' title="bbox 127 2006 881 2997">
    <p class='ocr_par' dir='ltr' id='par_1_9' title="bbox 127 2006 879 2387">
     <span class='ocr_line' id='line_1_36' title="bbox 175 2006 876 2046; baseline -0.001 -9"><span class='ocrx_word' id='word_1_299' title='bbox 175 2017 224 2038; x_wconf 85' lang='lat'>10.</span> <span class='ocrx_word' id='word_1_300' title='bbox 251 2006 439 2037; x_wconf 81' lang='lat' dir='ltr'>Hermano</span> <span class='ocrx_word' id='word_1_301' title='bbox 453 2006 627 2044; x_wconf 85' lang='lat' dir='ltr'>Buschio]</span> <span class='ocrx_word' id='word_1_302' title='bbox 642 2006 707 2037; x_wconf 78' lang='lat' dir='ltr'>See</span> <span class='ocrx_word' id='word_1_303' title='bbox 724 2006 792 2046; x_wconf 95' lang='lat' dir='ltr'>Ep.</span> <span class='ocrx_word' id='word_1_304' title='bbox 812 2007 876 2045; x_wconf 87' lang='lat'>830</span> 
     </span>
     <span class='ocr_line' id='line_1_37' title="bbox 127 2049 875 2090; baseline -0.003 -8"><span class='ocrx_word' id='word_1_305' title='bbox 127 2050 262 2082; x_wconf 85' lang='lat' dir='ltr'>introd.</span> <span class='ocrx_word' id='word_1_306' title='bbox 311 2050 348 2081; x_wconf 94' lang='lat' dir='ltr'>It</span> <span class='ocrx_word' id='word_1_307' title='bbox 365 2060 481 2081; x_wconf 87' lang='lat' dir='ltr'>seems</span> <span class='ocrx_word' id='word_1_308' title='bbox 498 2054 646 2090; x_wconf 84' lang='lat' dir='ltr'>strange</span> <span class='ocrx_word' id='word_1_309' title='bbox 668 2050 752 2080; x_wconf 80' lang='lat' dir='ltr'>that</span> <span class='ocrx_word' id='word_1_310' title='bbox 770 2049 875 2080; x_wconf 83' lang='lat' dir='ltr'>Eras-</span> 
     </span>
     <span class='ocr_line' id='line_1_38' title="bbox 128 2093 877 2125; baseline -0.001 0"><span class='ocrx_word' id='word_1_311' title='bbox 128 2105 211 2125; x_wconf 88' lang='lat' dir='ltr'>mus</span> <span class='ocrx_word' id='word_1_312' title='bbox 241 2094 373 2125; x_wconf 88' lang='lat' dir='ltr'>should</span> <span class='ocrx_word' id='word_1_313' title='bbox 404 2094 498 2124; x_wconf 85' lang='lat' dir='ltr'>have</span> <span class='ocrx_word' id='word_1_314' title='bbox 530 2094 622 2124; x_wconf 90' lang='lat' dir='ltr'>been</span> <span class='ocrx_word' id='word_1_315' title='bbox 655 2103 813 2124; x_wconf 89' lang='lat' dir='ltr'>nervous</span> <span class='ocrx_word' id='word_1_316' title='bbox 840 2093 877 2124; x_wconf 88' lang='lat' dir='ltr'>of</span> 
     </span>
     <span class='ocr_line' id='line_1_39' title="bbox 128 2136 876 2178; baseline -0.003 -9"><span class='ocrx_word' id='word_1_317' title='bbox 128 2138 392 2178; x_wconf 86' lang='lat' dir='ltr'>encountering</span> <span class='ocrx_word' id='word_1_318' title='bbox 423 2138 497 2168; x_wconf 84' lang='lat' dir='ltr'>this</span> <span class='ocrx_word' id='word_1_319' title='bbox 530 2137 703 2167; x_wconf 85' lang='lat' dir='ltr'>reformer</span> <span class='ocrx_word' id='word_1_320' title='bbox 735 2138 769 2167; x_wconf 87' lang='lat' dir='ltr'>in</span> <span class='ocrx_word' id='word_1_321' title='bbox 796 2136 876 2167; x_wconf 87' lang='lat' dir='ltr'>Bel-</span> 
     </span>
     <span class='ocr_line' id='line_1_40' title="bbox 127 2181 878 2222; baseline -0.001 -10"><span class='ocrx_word' id='word_1_322' title='bbox 127 2183 237 2222; x_wconf 90' lang='lat' dir='ltr'>gium.</span> <span class='ocrx_word' id='word_1_323' title='bbox 285 2181 480 2212; x_wconf 88' lang='lat' dir='ltr'>Goclenius</span> <span class='ocrx_word' id='word_1_324' title='bbox 512 2191 628 2211; x_wconf 83' lang='lat' dir='ltr'>seems</span> <span class='ocrx_word' id='word_1_325' title='bbox 659 2185 699 2211; x_wconf 88' lang='lat' dir='ltr'>to</span> <span class='ocrx_word' id='word_1_326' title='bbox 730 2184 878 2221; x_wconf 83' lang='lat' dir='ltr'>suggest</span> 
     </span>
     <span class='ocr_line' id='line_1_41' title="bbox 129 2225 879 2256; baseline -0.003 0"><span class='ocrx_word' id='word_1_327' title='bbox 129 2226 213 2256; x_wconf 85' lang='lat' dir='ltr'>that</span> <span class='ocrx_word' id='word_1_328' title='bbox 237 2225 282 2255; x_wconf 90' lang='lat' dir='ltr'>he</span> <span class='ocrx_word' id='word_1_329' title='bbox 306 2225 373 2255; x_wconf 87' lang='lat' dir='ltr'>has</span> <span class='ocrx_word' id='word_1_330' title='bbox 396 2225 571 2255; x_wconf 78' lang='lat' dir='ltr'>confused</span> <span class='ocrx_word' id='word_1_331' title='bbox 598 2225 672 2254; x_wconf 87' lang='lat' dir='ltr'>him</span> <span class='ocrx_word' id='word_1_332' title='bbox 697 2225 786 2254; x_wconf 85' lang='lat' dir='ltr'>with</span> <span class='ocrx_word' id='word_1_333' title='bbox 810 2234 879 2255; x_wconf 85' lang='lat' dir='ltr'>one</span> 
     </span>
     <span class='ocr_line' id='line_1_42' title="bbox 129 2267 879 2308; baseline -0.001 -9"><span class='ocrx_word' id='word_1_334' title='bbox 129 2269 238 2300; x_wconf 88' lang='lat' dir='ltr'>Peter</span> <span class='ocrx_word' id='word_1_335' title='bbox 264 2269 480 2302; x_wconf 83' lang='lat' dir='ltr'>Busconius,</span> <span class='ocrx_word' id='word_1_336' title='bbox 507 2268 588 2299; x_wconf 90' lang='lat' dir='ltr'>who</span> <span class='ocrx_word' id='word_1_337' title='bbox 617 2267 689 2298; x_wconf 86' lang='lat' dir='ltr'>had</span> <span class='ocrx_word' id='word_1_338' title='bbox 718 2267 879 2308; x_wconf 85' lang='lat' dir='ltr'>recently</span> 
     </span>
     <span class='ocr_line' id='line_1_43' title="bbox 129 2311 878 2352; baseline -0.001 -9"><span class='ocrx_word' id='word_1_339' title='bbox 129 2311 311 2344; x_wconf 80' lang='lat' dir='ltr'>criticized</span> <span class='ocrx_word' id='word_1_340' title='bbox 358 2312 566 2352; x_wconf 88' lang='lat' dir='ltr'>something</span> <span class='ocrx_word' id='word_1_341' title='bbox 613 2312 649 2342; x_wconf 90' lang='lat' dir='ltr'>in</span> <span class='ocrx_word' id='word_1_342' title='bbox 692 2311 878 2342; x_wconf 80' lang='lat' dir='ltr'>Erasmus&#39;</span> 
     </span>
     <span class='ocr_line' id='line_1_44' title="bbox 128 2356 267 2387; baseline -0.007 0"><span class='ocrx_word' id='word_1_343' title='bbox 128 2356 267 2387; x_wconf 86' lang='lat' dir='ltr'>letters.</span> 
     </span>
    </p>

    <p class='ocr_par' dir='ltr' id='par_1_10' title="bbox 130 2398 881 2483">
     <span class='ocr_line' id='line_1_45' title="bbox 176 2398 881 2439; baseline -0.001 -9"><span class='ocrx_word' id='word_1_344' title='bbox 176 2409 188 2430; x_wconf 93' lang='lat'>1</span> <span class='ocrx_word' id='word_1_345' title='bbox 196 2409 225 2439; x_wconf 88' lang='lat'>3.</span> <span class='ocrx_word' id='word_1_346' title='bbox 244 2399 382 2437; x_wconf 78' lang='lat' dir='ltr'>literas]</span> <span class='ocrx_word' id='word_1_347' title='bbox 394 2399 569 2430; x_wconf 87' lang='lat' dir='ltr'>Erasmus</span> <span class='ocrx_word' id='word_1_348' title='bbox 577 2399 649 2429; x_wconf 85' lang='lat' dir='ltr'>had</span> <span class='ocrx_word' id='word_1_349' title='bbox 659 2398 881 2439; x_wconf 82' lang='lat' dir='ltr'>apparently</span> 
     </span>
     <span class='ocr_line' id='line_1_46' title="bbox 130 2442 855 2483; baseline -0.003 -9"><span class='ocrx_word' id='word_1_350' title='bbox 130 2447 213 2474; x_wconf 85' lang='lat' dir='ltr'>sent</span> <span class='ocrx_word' id='word_1_351' title='bbox 229 2453 251 2474; x_wconf 86' lang='lat' dir='ltr'>a</span> <span class='ocrx_word' id='word_1_352' title='bbox 267 2443 376 2473; x_wconf 87' lang='lat' dir='ltr'>letter</span> <span class='ocrx_word' id='word_1_353' title='bbox 392 2443 429 2473; x_wconf 87' lang='lat' dir='ltr'>of</span> <span class='ocrx_word' id='word_1_354' title='bbox 447 2442 648 2483; x_wconf 84' lang='lat' dir='ltr'>complaint</span> <span class='ocrx_word' id='word_1_355' title='bbox 666 2447 705 2473; x_wconf 85' lang='lat' dir='ltr'>to</span> <span class='ocrx_word' id='word_1_356' title='bbox 722 2443 855 2473; x_wconf 86' lang='lat' dir='ltr'>Busch.</span> 
     </span>
    </p>

    <p class='ocr_par' dir='ltr' id='par_1_11' title="bbox 130 2486 878 2570">
     <span class='ocr_line' id='line_1_47' title="bbox 177 2486 878 2524; baseline -0.001 -7"><span class='ocrx_word' id='word_1_357' title='bbox 177 2488 225 2517; x_wconf 88' lang='lat'>18.</span> <span class='ocrx_word' id='word_1_358' title='bbox 252 2486 432 2524; x_wconf 84' lang='lat' dir='ltr'>Turnoto]</span> <span class='ocrx_word' id='word_1_359' title='bbox 450 2486 548 2517; x_wconf 84' lang='lat' dir='ltr'>John</span> <span class='ocrx_word' id='word_1_360' title='bbox 562 2486 696 2517; x_wconf 87' lang='lat' dir='ltr'>Driedo</span> <span class='ocrx_word' id='word_1_361' title='bbox 709 2486 747 2517; x_wconf 90' lang='lat' dir='ltr'>of</span> <span class='ocrx_word' id='word_1_362' title='bbox 763 2486 878 2517; x_wconf 85' lang='lat' dir='ltr'>Turn-</span> 
     </span>
     <span class='ocr_line' id='line_1_48' title="bbox 130 2530 626 2570; baseline -0.002 -9"><span class='ocrx_word' id='word_1_363' title='bbox 130 2531 243 2566; x_wconf 87' lang='lat' dir='ltr'>hout;</span> <span class='ocrx_word' id='word_1_364' title='bbox 269 2541 327 2561; x_wconf 87' lang='lat' dir='ltr'>see</span> <span class='ocrx_word' id='word_1_365' title='bbox 344 2530 414 2570; x_wconf 90' lang='lat' dir='ltr'>Ep.</span> <span class='ocrx_word' id='word_1_366' title='bbox 436 2532 528 2569; x_wconf 76' lang='lat'>1163.</span> <span class='ocrx_word' id='word_1_367' title='bbox 551 2540 626 2560; x_wconf 83' lang='lat'>1011.</span> 
     </span>
    </p>

    <p class='ocr_par' dir='ltr' id='par_1_12' title="bbox 174 2574 651 2613">
     <span class='ocr_line' id='line_1_49' title="bbox 174 2574 651 2613; baseline -0.002 -9"><span class='ocrx_word' id='word_1_368' title='bbox 174 2583 226 2611; x_wconf 86' lang='lat'>25.</span> <span class='ocrx_word' id='word_1_369' title='bbox 253 2574 427 2611; x_wconf 88' lang='lat' dir='ltr'>Leonem]</span> <span class='ocrx_word' id='word_1_370' title='bbox 445 2574 558 2612; x_wconf 70' lang='lat' dir='ltr'>Adaq.</span> <span class='ocrx_word' id='word_1_371' title='bbox 577 2574 651 2613; x_wconf 85' lang='lat'>834.</span> 
     </span>
    </p>

    <p class='ocr_par' dir='ltr' id='par_1_13' title="bbox 131 2616 877 2701">
     <span class='ocr_line' id='line_1_50' title="bbox 175 2616 877 2658; baseline -0.001 -10"><span class='ocrx_word' id='word_1_372' title='bbox 175 2619 227 2648; x_wconf 82' lang='lat'>26.</span> <span class='ocrx_word' id='word_1_373' title='bbox 253 2617 474 2655; x_wconf 84' lang='lat' dir='ltr'>Cumanum]</span> <span class='ocrx_word' id='word_1_374' title='bbox 500 2618 559 2658; x_wconf 89' lang='lat' dir='ltr'>i.q.</span> <span class='ocrx_word' id='word_1_375' title='bbox 586 2616 799 2657; x_wconf 86' lang='lat' dir='ltr'>stupidum;</span> <span class='ocrx_word' id='word_1_376' title='bbox 832 2617 877 2647; x_wconf 87' lang='lat' dir='ltr'>cs.</span> 
     </span>
     <span class='ocr_line' id='line_1_51' title="bbox 131 2661 337 2701; baseline 0 -10"><span class='ocrx_word' id='word_1_377' title='bbox 131 2661 244 2700; x_wconf 74' lang='lat' dir='ltr'>Aelaq.</span> <span class='ocrx_word' id='word_1_378' title='bbox 262 2663 337 2701; x_wconf 84' lang='lat'>461.</span> 
     </span>
    </p>

    <p class='ocr_par' dir='ltr' id='par_1_14' title="bbox 131 2704 881 2828">
     <span class='ocr_line' id='line_1_52' title="bbox 175 2704 881 2745; baseline -0.001 -10"><span class='ocrx_word' id='word_1_379' title='bbox 175 2714 227 2741; x_wconf 82' lang='lat'>29.</span> <span class='ocrx_word' id='word_1_380' title='bbox 254 2704 418 2745; x_wconf 87' lang='lat' dir='ltr'>pignore]</span> <span class='ocrx_word' id='word_1_381' title='bbox 458 2704 553 2735; x_wconf 88' lang='lat' dir='ltr'>Goes</span> <span class='ocrx_word' id='word_1_382' title='bbox 587 2707 669 2735; x_wconf 89' lang='lat' dir='ltr'>sent</span> <span class='ocrx_word' id='word_1_383' title='bbox 705 2704 881 2734; x_wconf 84' lang='lat' dir='ltr'>Erasmus</span> 
     </span>
     <span class='ocr_line' id='line_1_53' title="bbox 132 2747 877 2788; baseline -0.003 -9"><span class='ocrx_word' id='word_1_384' title='bbox 132 2759 154 2779; x_wconf 85' lang='lat' dir='ltr'>a</span> <span class='ocrx_word' id='word_1_385' title='bbox 178 2747 370 2788; x_wconf 84' lang='lat' dir='ltr'>silver-gilt</span> <span class='ocrx_word' id='word_1_386' title='bbox 394 2747 576 2784; x_wconf 84' lang='lat' dir='ltr'>tankard;</span> <span class='ocrx_word' id='word_1_387' title='bbox 602 2758 661 2778; x_wconf 86' lang='lat' dir='ltr'>see</span> <span class='ocrx_word' id='word_1_388' title='bbox 686 2748 755 2788; x_wconf 89' lang='lat' dir='ltr'>Ep.</span> <span class='ocrx_word' id='word_1_389' title='bbox 783 2748 877 2778; x_wconf 78' lang='lat'><strong>2826.</strong></span> 
     </span>
     <span class='ocr_line' id='line_1_54' title="bbox 131 2794 210 2828; baseline -0.013 -6"><span class='ocrx_word' id='word_1_390' title='bbox 131 2794 210 2828; x_wconf 81' lang='grc' dir='ltr'>69η.</span> 
     </span>
    </p>

    <p class='ocr_par' dir='ltr' id='par_1_15' title="bbox 132 2834 881 2997">
     <span class='ocr_line' id='line_1_55' title="bbox 176 2834 880 2874; baseline 0 -9"><span class='ocrx_word' id='word_1_391' title='bbox 176 2844 228 2874; x_wconf 86' lang='lat'>31.</span> <span class='ocrx_word' id='word_1_392' title='bbox 255 2835 299 2865; x_wconf 91' lang='lat' dir='ltr'>de</span> <span class='ocrx_word' id='word_1_393' title='bbox 337 2846 448 2866; x_wconf 88' lang='lat' dir='ltr'>censu</span> <span class='ocrx_word' id='word_1_394' title='bbox 487 2835 657 2873; x_wconf 80' lang='lat' dir='ltr'>emendo]</span> <span class='ocrx_word' id='word_1_395' title='bbox 693 2835 730 2866; x_wconf 89' lang='lat' dir='ltr'>It</span> <span class='ocrx_word' id='word_1_396' title='bbox 760 2834 880 2866; x_wconf 89' lang='lat' dir='ltr'>would</span> 
     </span>
     <span class='ocr_line' id='line_1_56' title="bbox 132 2879 881 2910; baseline 0 -1"><span class='ocrx_word' id='word_1_397' title='bbox 132 2888 229 2909; x_wconf 89' lang='lat' dir='ltr'>seem</span> <span class='ocrx_word' id='word_1_398' title='bbox 264 2879 348 2910; x_wconf 82' lang='lat' dir='ltr'>that</span> <span class='ocrx_word' id='word_1_399' title='bbox 385 2879 559 2909; x_wconf 84' lang='lat' dir='ltr'>Erasmus</span> <span class='ocrx_word' id='word_1_400' title='bbox 599 2879 671 2910; x_wconf 82' lang='lat' dir='ltr'>had</span> <span class='ocrx_word' id='word_1_401' title='bbox 706 2882 746 2909; x_wconf 81' lang='lat' dir='ltr'>at</span> <span class='ocrx_word' id='word_1_402' title='bbox 781 2889 881 2909; x_wconf 87' lang='lat' dir='ltr'>some</span> 
     </span>
     <span class='ocr_line' id='line_1_57' title="bbox 132 2922 879 2962; baseline -0.001 -10"><span class='ocrx_word' id='word_1_403' title='bbox 132 2923 222 2953; x_wconf 88' lang='lat' dir='ltr'>time</span> <span class='ocrx_word' id='word_1_404' title='bbox 244 2922 357 2953; x_wconf 84' lang='lat' dir='ltr'>asked</span> <span class='ocrx_word' id='word_1_405' title='bbox 383 2922 577 2953; x_wconf 84' lang='lat' dir='ltr'>Goelenius</span> <span class='ocrx_word' id='word_1_406' title='bbox 602 2926 640 2953; x_wconf 85' lang='lat' dir='ltr'>to</span> <span class='ocrx_word' id='word_1_407' title='bbox 662 2926 811 2962; x_wconf 79' lang='lat' dir='ltr'>suggest</span> <span class='ocrx_word' id='word_1_408' title='bbox 832 2932 879 2952; x_wconf 83' lang='lat' dir='ltr'>an</span> 
     </span>
     <span class='ocr_line' id='line_1_58' title="bbox 132 2966 879 2997; baseline -0.001 -1"><span class='ocrx_word' id='word_1_409' title='bbox 132 2966 359 2997; x_wconf 83' lang='lat' dir='ltr'>investmcnt</span> <span class='ocrx_word' id='word_1_410' title='bbox 395 2966 450 2997; x_wconf 84' lang='lat' dir='ltr'>for</span> <span class='ocrx_word' id='word_1_411' title='bbox 486 2966 549 2997; x_wconf 87' lang='lat' dir='ltr'>thc</span> <span class='ocrx_word' id='word_1_412' title='bbox 590 2967 728 2997; x_wconf 83' lang='lat' dir='ltr'>monies</span> <span class='ocrx_word' id='word_1_413' title='bbox 763 2966 879 2997; x_wconf 81' lang='lat' dir='ltr'>which</span> 
     </span>
    </p>
   </div>
   <div class='ocr_carea' id='block_1_7' title="bbox 944 2001 1698 2917">
    <p class='ocr_par' dir='ltr' id='par_1_16' title="bbox 944 2001 1698 2917">
     <span class='ocr_line' id='line_1_59' title="bbox 944 2001 1694 2036; baseline -0.007 0"><span class='ocrx_word' id='word_1_414' title='bbox 944 2005 1138 2036; x_wconf 82' lang='lat' dir='ltr'>Goelenius</span> <span class='ocrx_word' id='word_1_415' title='bbox 1162 2003 1247 2034; x_wconf 86' lang='lat' dir='ltr'>held</span> <span class='ocrx_word' id='word_1_416' title='bbox 1271 2013 1318 2034; x_wconf 91' lang='lat' dir='ltr'>on</span> <span class='ocrx_word' id='word_1_417' title='bbox 1346 2002 1533 2033; x_wconf 83' lang='lat' dir='ltr'>Erasmus&#39;</span> <span class='ocrx_word' id='word_1_418' title='bbox 1560 2001 1694 2032; x_wconf 83' lang='lat' dir='ltr'>bchalf.</span> 
     </span>
     <span class='ocr_line' id='line_1_60' title="bbox 945 2045 1696 2088; baseline -0.007 -8"><span class='ocrx_word' id='word_1_419' title='bbox 945 2049 1058 2080; x_wconf 87' lang='lat' dir='ltr'>What</span> <span class='ocrx_word' id='word_1_420' title='bbox 1075 2048 1286 2088; x_wconf 86' lang='lat' dir='ltr'>suggestion</span> <span class='ocrx_word' id='word_1_421' title='bbox 1303 2047 1497 2078; x_wconf 83' lang='lat' dir='ltr'>Goelenius</span> <span class='ocrx_word' id='word_1_422' title='bbox 1520 2045 1627 2076; x_wconf 80' lang='lat' dir='ltr'>made</span> <span class='ocrx_word' id='word_1_423' title='bbox 1644 2055 1696 2075; x_wconf 82' lang='lat' dir='ltr'>we</span> 
     </span>
     <span class='ocr_line' id='line_1_61' title="bbox 945 2089 1697 2130; baseline -0.007 -7"><span class='ocrx_word' id='word_1_424' title='bbox 945 2092 993 2123; x_wconf 94' lang='lat' dir='ltr'>do</span> <span class='ocrx_word' id='word_1_425' title='bbox 1016 2096 1082 2123; x_wconf 88' lang='lat' dir='ltr'>not</span> <span class='ocrx_word' id='word_1_426' title='bbox 1103 2092 1222 2127; x_wconf 89' lang='lat' dir='ltr'>know,</span> <span class='ocrx_word' id='word_1_427' title='bbox 1248 2091 1317 2121; x_wconf 89' lang='lat' dir='ltr'>but</span> <span class='ocrx_word' id='word_1_428' title='bbox 1339 2091 1369 2121; x_wconf 87' lang='lat' dir='ltr'>it</span> <span class='ocrx_word' id='word_1_429' title='bbox 1389 2091 1418 2120; x_wconf 89' lang='lat' dir='ltr'>is</span> <span class='ocrx_word' id='word_1_430' title='bbox 1439 2089 1570 2130; x_wconf 84' lang='lat' dir='ltr'>hardly</span> <span class='ocrx_word' id='word_1_431' title='bbox 1586 2089 1697 2128; x_wconf 87' lang='lat' dir='ltr'>likely</span> 
     </span>
     <span class='ocr_line' id='line_1_62' title="bbox 945 2132 1697 2169; baseline -0.007 -2"><span class='ocrx_word' id='word_1_432' title='bbox 945 2137 1030 2167; x_wconf 82' lang='lat' dir='ltr'>that</span> <span class='ocrx_word' id='word_1_433' title='bbox 1048 2136 1234 2169; x_wconf 81' lang='lat' dir='ltr'>Erasmus,</span> <span class='ocrx_word' id='word_1_434' title='bbox 1252 2135 1334 2165; x_wconf 87' lang='lat' dir='ltr'>who</span> <span class='ocrx_word' id='word_1_435' title='bbox 1350 2144 1424 2164; x_wconf 80' lang='lat' dir='ltr'>was</span> <span class='ocrx_word' id='word_1_436' title='bbox 1439 2133 1529 2164; x_wconf 88' lang='lat' dir='ltr'>both</span> <span class='ocrx_word' id='word_1_437' title='bbox 1546 2133 1607 2163; x_wconf 92' lang='lat' dir='ltr'>old</span> <span class='ocrx_word' id='word_1_438' title='bbox 1623 2132 1697 2163; x_wconf 80' lang='lat' dir='ltr'>and</span> 
     </span>
     <span class='ocr_line' id='line_1_63' title="bbox 946 2176 1697 2216; baseline -0.005 -6"><span class='ocrx_word' id='word_1_439' title='bbox 946 2180 994 2216; x_wconf 88' lang='lat' dir='ltr'>ill,</span> <span class='ocrx_word' id='word_1_440' title='bbox 1021 2179 1162 2210; x_wconf 81' lang='lat' dir='ltr'>dcsired</span> <span class='ocrx_word' id='word_1_441' title='bbox 1187 2189 1208 2209; x_wconf 87' lang='lat' dir='ltr'>a</span> <span class='ocrx_word' id='word_1_442' title='bbox 1234 2178 1405 2208; x_wconf 88' lang='lat' dir='ltr'>‘census’</span> <span class='ocrx_word' id='word_1_443' title='bbox 1428 2177 1545 2207; x_wconf 82' lang='lat' dir='ltr'>which</span> <span class='ocrx_word' id='word_1_444' title='bbox 1565 2176 1697 2207; x_wconf 85' lang='lat' dir='ltr'>should</span> 
     </span>
     <span class='ocr_line' id='line_1_64' title="bbox 947 2221 1698 2261; baseline -0.005 -7"><span class='ocrx_word' id='word_1_445' title='bbox 947 2234 1071 2254; x_wconf 83' lang='lat' dir='ltr'>assure</span> <span class='ocrx_word' id='word_1_446' title='bbox 1089 2222 1234 2253; x_wconf 81' lang='lat' dir='ltr'>himself</span> <span class='ocrx_word' id='word_1_447' title='bbox 1251 2232 1298 2252; x_wconf 83' lang='lat' dir='ltr'>an</span> <span class='ocrx_word' id='word_1_448' title='bbox 1318 2221 1497 2261; x_wconf 81' lang='lat' dir='ltr'>annuity:</span> <span class='ocrx_word' id='word_1_449' title='bbox 1523 2221 1642 2260; x_wconf 82' lang='lat' dir='ltr'>owing</span> <span class='ocrx_word' id='word_1_450' title='bbox 1658 2224 1698 2250; x_wconf 92' lang='lat' dir='ltr'>to</span> 
     </span>
     <span class='ocr_line' id='line_1_65' title="bbox 949 2263 1698 2307; baseline -0.005 -10"><span class='ocrx_word' id='word_1_451' title='bbox 949 2268 1004 2298; x_wconf 88' lang='lat' dir='ltr'>his</span> <span class='ocrx_word' id='word_1_452' title='bbox 1031 2267 1246 2307; x_wconf 84' lang='lat' dir='ltr'>experience</span> <span class='ocrx_word' id='word_1_453' title='bbox 1274 2266 1310 2295; x_wconf 86' lang='lat' dir='ltr'>of</span> <span class='ocrx_word' id='word_1_454' title='bbox 1342 2265 1532 2295; x_wconf 79' lang='lat' dir='ltr'>Barbirius</span> <span class='ocrx_word' id='word_1_455' title='bbox 1556 2264 1601 2294; x_wconf 84' lang='lat' dir='ltr'>he</span> <span class='ocrx_word' id='word_1_456' title='bbox 1626 2263 1698 2293; x_wconf 82' lang='lat' dir='ltr'>had</span> 
     </span>
     <span class='ocr_line' id='line_1_66' title="bbox 948 2308 1698 2348; baseline -0.007 -7"><span class='ocrx_word' id='word_1_457' title='bbox 948 2321 1049 2341; x_wconf 87' lang='lat' dir='ltr'>come</span> <span class='ocrx_word' id='word_1_458' title='bbox 1070 2315 1109 2341; x_wconf 92' lang='lat' dir='ltr'>to</span> <span class='ocrx_word' id='word_1_459' title='bbox 1130 2310 1175 2341; x_wconf 88' lang='lat' dir='ltr'>be</span> <span class='ocrx_word' id='word_1_460' title='bbox 1195 2309 1313 2340; x_wconf 80' lang='lat' dir='ltr'>afraid</span> <span class='ocrx_word' id='word_1_461' title='bbox 1334 2309 1371 2339; x_wconf 89' lang='lat' dir='ltr'>of</span> <span class='ocrx_word' id='word_1_462' title='bbox 1388 2308 1610 2348; x_wconf 84' lang='lat' dir='ltr'>purchasing</span> <span class='ocrx_word' id='word_1_463' title='bbox 1626 2318 1698 2346; x_wconf 81' lang='lat' dir='ltr'>any</span> 
     </span>
     <span class='ocr_line' id='line_1_67' title="bbox 950 2351 1698 2393; baseline -0.007 -8"><span class='ocrx_word' id='word_1_464' title='bbox 950 2354 1039 2385; x_wconf 86' lang='lat' dir='ltr'>kind</span> <span class='ocrx_word' id='word_1_465' title='bbox 1056 2354 1093 2385; x_wconf 84' lang='lat' dir='ltr'>of</span> <span class='ocrx_word' id='word_1_466' title='bbox 1109 2354 1279 2393; x_wconf 82' lang='lat' dir='ltr'>annuity.</span> <span class='ocrx_word' id='word_1_467' title='bbox 1328 2353 1386 2383; x_wconf 89' lang='lat' dir='ltr'>He</span> <span class='ocrx_word' id='word_1_468' title='bbox 1399 2355 1499 2382; x_wconf 85' lang='lat' dir='ltr'>must</span> <span class='ocrx_word' id='word_1_469' title='bbox 1514 2351 1637 2382; x_wconf 80' lang='lat' dir='ltr'>rather</span> <span class='ocrx_word' id='word_1_470' title='bbox 1654 2351 1698 2380; x_wconf 85' lang='lat' dir='ltr'>bc</span> 
     </span>
     <span class='ocr_line' id='line_1_68' title="bbox 948 2395 1696 2439; baseline -0.008 -10"><span class='ocrx_word' id='word_1_471' title='bbox 948 2397 1135 2439; x_wconf 87' lang='lat' dir='ltr'>supposed</span> <span class='ocrx_word' id='word_1_472' title='bbox 1163 2401 1203 2428; x_wconf 92' lang='lat' dir='ltr'>to</span> <span class='ocrx_word' id='word_1_473' title='bbox 1231 2397 1325 2427; x_wconf 85' lang='lat' dir='ltr'>have</span> <span class='ocrx_word' id='word_1_474' title='bbox 1354 2396 1446 2426; x_wconf 80' lang='lat' dir='ltr'>been</span> <span class='ocrx_word' id='word_1_475' title='bbox 1474 2395 1622 2433; x_wconf 79' lang='lat' dir='ltr'>secking</span> <span class='ocrx_word' id='word_1_476' title='bbox 1650 2405 1696 2424; x_wconf 83' lang='lat' dir='ltr'>an</span> 
     </span>
     <span class='ocr_line' id='line_1_69' title="bbox 948 2438 1696 2475; baseline -0.007 -3"><span class='ocrx_word' id='word_1_477' title='bbox 948 2443 1175 2472; x_wconf 85' lang='lat' dir='ltr'>investment</span> <span class='ocrx_word' id='word_1_478' title='bbox 1206 2441 1263 2471; x_wconf 83' lang='lat' dir='ltr'>for</span> <span class='ocrx_word' id='word_1_479' title='bbox 1293 2441 1349 2470; x_wconf 86' lang='lat' dir='ltr'>his</span> <span class='ocrx_word' id='word_1_480' title='bbox 1383 2440 1534 2475; x_wconf 61' lang='lat' dir='ltr'>monim,</span> <span class='ocrx_word' id='word_1_481' title='bbox 1566 2438 1696 2472; x_wconf 80' lang='lat' dir='ltr'>which,</span> 
     </span>
     <span class='ocr_line' id='line_1_70' title="bbox 948 2481 1696 2523; baseline -0.008 -7"><span class='ocrx_word' id='word_1_482' title='bbox 948 2486 1044 2516; x_wconf 78' lang='lat' dir='ltr'>after</span> <span class='ocrx_word' id='word_1_483' title='bbox 1061 2485 1116 2515; x_wconf 88' lang='lat' dir='ltr'>his</span> <span class='ocrx_word' id='word_1_484' title='bbox 1133 2484 1259 2519; x_wconf 82' lang='lat' dir='ltr'>death,</span> <span class='ocrx_word' id='word_1_485' title='bbox 1276 2483 1397 2514; x_wconf 81' lang='lat' dir='ltr'>would</span> <span class='ocrx_word' id='word_1_486' title='bbox 1415 2482 1511 2523; x_wconf 74' lang='lat' dir='ltr'>yiold</span> <span class='ocrx_word' id='word_1_487' title='bbox 1529 2493 1549 2512; x_wconf 80' lang='lat' dir='ltr'>a</span> <span class='ocrx_word' id='word_1_488' title='bbox 1566 2481 1696 2520; x_wconf 74' lang='lat' dir='ltr'>steady</span> 
     </span>
     <span class='ocr_line' id='line_1_71' title="bbox 947 2525 1697 2560; baseline -0.007 -1"><span class='ocrx_word' id='word_1_489' title='bbox 947 2529 1085 2560; x_wconf 79' lang='lat' dir='ltr'>annual</span> <span class='ocrx_word' id='word_1_490' title='bbox 1117 2538 1275 2558; x_wconf 81' lang='lat' dir='ltr'>revenue</span> <span class='ocrx_word' id='word_1_491' title='bbox 1307 2528 1362 2557; x_wconf 88' lang='lat' dir='ltr'>for</span> <span class='ocrx_word' id='word_1_492' title='bbox 1397 2527 1460 2557; x_wconf 75' lang='lat' dir='ltr'>tho.</span> <span class='ocrx_word' id='word_1_493' title='bbox 1495 2525 1697 2555; x_wconf 71' lang='lat' dir='ltr'>charitable</span> 
     </span>
     <span class='ocr_line' id='line_1_72' title="bbox 948 2569 1697 2613; baseline -0.007 -10"><span class='ocrx_word' id='word_1_494' title='bbox 948 2582 1128 2613; x_wconf 84' lang='lat' dir='ltr'>purposcs</span> <span class='ocrx_word' id='word_1_495' title='bbox 1155 2571 1352 2611; x_wconf 85' lang='lat' dir='ltr'>expressed</span> <span class='ocrx_word' id='word_1_496' title='bbox 1381 2571 1416 2600; x_wconf 84' lang='lat' dir='ltr'>in</span> <span class='ocrx_word' id='word_1_497' title='bbox 1449 2570 1513 2600; x_wconf 72' lang='lat' dir='ltr'>the</span> <span class='ocrx_word' id='word_1_498' title='bbox 1541 2569 1631 2599; x_wconf 84' lang='lat' dir='ltr'>dced</span> <span class='ocrx_word' id='word_1_499' title='bbox 1660 2569 1697 2598; x_wconf 87' lang='lat' dir='ltr'>of</span> 
     </span>
     <span class='ocr_line' id='line_1_73' title="bbox 949 2613 1695 2657; baseline -0.008 -10"><span class='ocrx_word' id='word_1_500' title='bbox 949 2616 1053 2657; x_wconf 83' lang='lat' dir='ltr'>April</span> <span class='ocrx_word' id='word_1_501' title='bbox 1084 2625 1166 2654; x_wconf 84' lang='lat'>1534</span> <span class='ocrx_word' id='word_1_502' title='bbox 1195 2617 1268 2652; x_wconf 83' lang='lat' dir='ltr'>(see</span> <span class='ocrx_word' id='word_1_503' title='bbox 1299 2616 1394 2654; x_wconf 78' lang='lat' dir='ltr'>App.</span> <span class='ocrx_word' id='word_1_504' title='bbox 1423 2613 1538 2649; x_wconf 83' lang='lat' dir='ltr'>xxiii).</span> <span class='ocrx_word' id='word_1_505' title='bbox 1587 2613 1695 2642; x_wconf 84' lang='lat' dir='ltr'>Boni-</span> 
     </span>
     <span class='ocr_line' id='line_1_74' title="bbox 950 2655 1696 2696; baseline -0.008 -6"><span class='ocrx_word' id='word_1_506' title='bbox 950 2661 1027 2691; x_wconf 84' lang='lat' dir='ltr'>face</span> <span class='ocrx_word' id='word_1_507' title='bbox 1048 2659 1254 2690; x_wconf 84' lang='lat' dir='ltr'>Amerbach</span> <span class='ocrx_word' id='word_1_508' title='bbox 1280 2659 1315 2688; x_wconf 87' lang='lat' dir='ltr'>in</span> <span class='ocrx_word' id='word_1_509' title='bbox 1341 2659 1422 2696; x_wconf 70' lang='lat'>1536</span> <span class='ocrx_word' id='word_1_510' title='bbox 1443 2655 1610 2686; x_wconf 64' lang='lat' dir='ltr'>iux-osted</span> <span class='ocrx_word' id='word_1_511' title='bbox 1634 2655 1696 2685; x_wconf 83' lang='lat' dir='ltr'>the</span> 
     </span>
     <span class='ocr_line' id='line_1_75' title="bbox 948 2699 1695 2743; baseline -0.009 -9"><span class='ocrx_word' id='word_1_512' title='bbox 948 2707 1092 2743; x_wconf 82' lang='lat' dir='ltr'>greater</span> <span class='ocrx_word' id='word_1_513' title='bbox 1105 2707 1190 2743; x_wconf 85' lang='lat' dir='ltr'>part</span> <span class='ocrx_word' id='word_1_514' title='bbox 1201 2703 1237 2733; x_wconf 82' lang='lat' dir='ltr'>of</span> <span class='ocrx_word' id='word_1_515' title='bbox 1250 2701 1434 2732; x_wconf 71' lang='lat' dir='ltr'>Erasmus*</span> <span class='ocrx_word' id='word_1_516' title='bbox 1449 2701 1595 2730; x_wconf 70' lang='lat' dir='ltr'>fortune</span> <span class='ocrx_word' id='word_1_517' title='bbox 1608 2699 1695 2728; x_wconf 83' lang='lat' dir='ltr'>with</span> 
     </span>
     <span class='ocr_line' id='line_1_76' title="bbox 948 2742 1697 2786; baseline -0.009 -8"><span class='ocrx_word' id='word_1_518' title='bbox 948 2748 1012 2778; x_wconf 87' lang='lat' dir='ltr'>the</span> <span class='ocrx_word' id='word_1_519' title='bbox 1036 2747 1167 2786; x_wconf 84' lang='lat' dir='ltr'>Duchy</span> <span class='ocrx_word' id='word_1_520' title='bbox 1188 2746 1226 2776; x_wconf 86' lang='lat' dir='ltr'>of</span> <span class='ocrx_word' id='word_1_521' title='bbox 1245 2744 1514 2782; x_wconf 71' lang='lat' dir='ltr'>VVurtcmbcrg,</span> <span class='ocrx_word' id='word_1_522' title='bbox 1535 2742 1697 2781; x_wconf 75' lang='lat' dir='ltr'>drawing</span> 
     </span>
     <span class='ocr_line' id='line_1_77' title="bbox 949 2787 1697 2822; baseline -0.009 -1"><span class='ocrx_word' id='word_1_523' title='bbox 949 2791 1042 2821; x_wconf 84' lang='lat' dir='ltr'>from</span> <span class='ocrx_word' id='word_1_524' title='bbox 1067 2791 1096 2820; x_wconf 92' lang='lat' dir='ltr'>it</span> <span class='ocrx_word' id='word_1_525' title='bbox 1118 2800 1140 2820; x_wconf 80' lang='lat' dir='ltr'>a</span> <span class='ocrx_word' id='word_1_526' title='bbox 1164 2789 1259 2819; x_wconf 73' lang='lat' dir='ltr'>fixe-d</span> <span class='ocrx_word' id='word_1_527' title='bbox 1285 2787 1420 2819; x_wconf 77' lang='lat' dir='ltr'>annual</span> <span class='ocrx_word' id='word_1_528' title='bbox 1447 2788 1599 2817; x_wconf 26' lang='lat' dir='ltr'>interest*</span> <span class='ocrx_word' id='word_1_529' title='bbox 1624 2787 1697 2822; x_wconf 73' lang='lat' dir='ltr'>(sce</span> 
     </span>
     <span class='ocr_line' id='line_1_78' title="bbox 948 2830 1697 2869; baseline -0.009 -4"><span class='ocrx_word' id='word_1_530' title='bbox 948 2835 1010 2865; x_wconf 91' lang='lat' dir='ltr'>Dr.</span> <span class='ocrx_word' id='word_1_531' title='bbox 1037 2834 1117 2864; x_wconf 80' lang='lat' dir='ltr'>Carl</span> <span class='ocrx_word' id='word_1_532' title='bbox 1143 2833 1244 2863; x_wconf 86' lang='lat' dir='ltr'>Roth</span> <span class='ocrx_word' id='word_1_533' title='bbox 1270 2833 1305 2862; x_wconf 89' lang='lat' dir='ltr'>in</span> <span class='ocrx_word' id='word_1_534' title='bbox 1331 2830 1593 2869; x_wconf 71' lang='lat' dir='ltr'>chcnlcschrzfl</span> <span class='ocrx_word' id='word_1_535' title='bbox 1618 2839 1697 2858; x_wconf 78' lang='lat' dir='ltr'>:um</span> 
     </span>
     <span class='ocr_line' id='line_1_79' title="bbox 949 2872 1696 2917; baseline -0.009 -9"><span class='ocrx_word' id='word_1_536' title='bbox 949 2887 1024 2917; x_wconf 83' lang='lat'><em>400.</em></span> <span class='ocrx_word' id='word_1_537' title='bbox 1045 2877 1233 2915; x_wconf 68' lang='lat' dir='ltr'>Todestaye</span> <span class='ocrx_word' id='word_1_538' title='bbox 1268 2876 1327 2906; x_wconf 74' lang='lat' dir='ltr'>&lt;ies</span> <span class='ocrx_word' id='word_1_539' title='bbox 1356 2875 1542 2909; x_wconf 74' lang='lat' dir='ltr'>Erasmus,</span> <span class='ocrx_word' id='word_1_540' title='bbox 1580 2872 1696 2906; x_wconf 71' lang='lat' dir='ltr'>Baslo,</span> 
     </span>
    </p>
   </div>
   <div class='ocr_carea' id='block_1_8' title="bbox 952 2920 1331 2961">
    <p class='ocr_par' dir='ltr' id='par_1_17' title="bbox 952 2920 1331 2961">
     <span class='ocr_line' id='line_1_80' title="bbox 952 2920 1331 2961; baseline -0.011 -9"><span class='ocrx_word' id='word_1_541' title='bbox 952 2923 1046 2960; x_wconf 78' lang='lat'>1036.</span> <span class='ocrx_word' id='word_1_542' title='bbox 1066 2931 1128 2961; x_wconf 88' lang='lat' dir='ltr'>pp.</span> <span class='ocrx_word' id='word_1_543' title='bbox 1148 2921 1210 2959; x_wconf 88' lang='lat'>287</span> <span class='ocrx_word' id='word_1_544' title='bbox 1229 2920 1331 2959; x_wconf 64' lang='lat' dir='ltr'>seq).</span> 
     </span>
    </p>
   </div>
  </div>
 </body>
</html>
