1966 3379
173 409 212 429 ΖΟ

170 960 186 988 3
191 960 210 978 0

169 1234 209 1264 35

169 1510 211 1541 40

170 1785 210 1816 45

171 2061 212 2090 50

232 122 311 159 230
668 118 927 157 LETTERS
958 117 1029 156 OF
1059 116 1327 156 ERASMUS
1687 121 1810 168 [1533

231 226 512 270 cogitationes
552 224 666 262 illam
707 225 979 274 praecipuam
1016 224 1132 261 Deus
1172 224 1395 273 inspirauit
1433 225 1575 261 animo
1607 224 1809 271 Caesari&

231 281 345 330 quod
361 285 563 317 accurata
582 280 850 329 prouidentia
867 279 1000 326 seligit
1019 279 1174 327 quibus
1192 280 1439 316 committat
1454 279 1631 328 reipubl.
1649 282 1806 318 munia.

232 336 380 385 Neque
412 336 522 373 enim
555 335 637 372 alia
671 348 735 371 res
765 347 897 383 aeque
931 334 1113 383 pertinet
1149 334 1202 370 ad
1239 334 1464 370 ciuitatum
1502 347 1550 371 ae
1583 347 1807 381 regnorum

233 391 591 439 tranquillitatem
619 390 960 437 dignitatemque
988 389 1053 425 vel
1082 388 1284 425 tuendam
1310 388 1373 425 vel
1404 389 1655 435 augendam.
1718 390 1808 427 Hoc

231 447 272 483 in
287 459 437 495 genere
452 445 590 482 laudis
604 445 805 494 quoniam
821 445 985 494 optimo
1000 444 1455 492 111axi1110q110Caesari
1470 443 1593 493 plane
1607 457 1811 493 germana

230 514 286 546 es,
319 514 402 538 non
436 500 588 537 dubito
619 500 721 549 quin
755 500 845 549 pari
877 500 1132 539 constantia,
1169 500 1341 548 parique
1373 512 1469 535 cum
1502 498 1634 536 fratre
1666 500 1808 537 studio

231 557 286 593 sis
307 557 518 605 egregium
538 556 733 592 iuuenem
753 554 1040 604 complexura,
1059 554 1301 602 daturaque
1319 567 1489 602 operam
1510 559 1555 590 vt
1577 554 1811 604 benigniter

231 611 376 648 delato
416 624 590 648 munere
631 610 810 647 feliciter
850 622 897 646 ae
939 609 1131 646 celeriter
1177 609 1381 658 potiatur.
1456 609 1653 657 intelligo
1697 610 1807 647 enim

230 666 477 703 Caesaream
511 666 779 703 maiestatem
814 678 897 701 vna
930 677 1024 701 eum
1060 668 1136 700 tua
1166 664 1390 700 clementia
1423 665 1667 713 proucxisse
1699 664 1810 702 hune

231 723 428 759 iuuenem
452 720 506 758 ad
528 720 927 757 commendatumm
946 719 1161 768 quandam
1182 718 1219 755 S.
1242 719 1413 755 Ioannis
1430 719 1544 768 apud
1565 719 1808 757 Traiectum

230 776 419 813 inferius.
491 775 612 821 Quod
656 775 905 812 beneficium
953 774 1052 811 1111111
1096 774 1268 810 videtur
1314 775 1544 811 rectissime
1589 775 1808 820 collatum,

230 832 388 881 quippe
410 844 484 868 nec
508 832 549 868 in
573 831 831 868 immeritum
857 843 931 866 nec
956 830 995 866 in
1019 830 1320 866 immemorem.

285 886 656 932 Quemadmodum
679 886 790 922 enim
815 885 1020 922 hactenus
1037 883 1238 921 Cesareac
1261 885 1476 921 maiestati
1499 885 1538 921 in
1562 885 1811 933 germanicis

231 942 456 991 praecipue
478 942 660 990 negociis
682 953 763 977 non
788 941 953 989 ingrata
978 939 1191 989 praestitit
1216 939 1432 987 obsequia,
1451 940 1511 977 ita
1534 940 1574 976 in
1591 944 1810 989 posterum

230 997 458 1034 accedente
489 1001 531 1033 et
563 996 829 1033 authoritate
861 1000 899 1031 et
930 1007 1067 1031 rerum
1097 1007 1173 1031 vsu
1204 995 1365 1031 maiora
1391 999 1608 1043 praestare
1638 996 1808 1044 poterit.

231 1051 320 1089 Iam
345 1052 577 1089 triennium
602 1064 685 1087 non
708 1051 796 1087 sine
819 1049 945 1086 laude
965 1053 1158 1086 versatus
1175 1053 1239 1086 est„
1261 1050 1301 1085 in
1320 1049 1417 1086 aula
1438 1049 1488 1087 R.
1509 1049 1557 1086 D.
1577 1049 1812 1087 Cardinalis

231 1107 484 1153 Msmuntini,
516 1110 647 1155 atque
681 1106 851 1142 interim
884 1118 978 1141 cum
1012 1105 1235 1152 Vtriusque
1267 1109 1407 1141 status
1439 1104 1681 1141 hominibus
1714 1118 1809 1142 con-

231 1162 432 1203 flictatus,
463 1163 503 1198 in
536 1162 682 1211 primis
713 1161 861 1197 statim
895 1160 1018 1197 annis
1049 1159 1190 1196 senilis
1222 1159 1442 1196 cuiusdam
1477 1159 1731 1209 prudenciae
1762 1173 1810 1197 ac

230 1217 503 1254 dexteritatis
532 1218 573 1253 in
603 1216 726 1253 rebus
755 1215 1008 1252 Germaniae
1036 1215 1249 1264 egregium
1281 1215 1491 1264 specimen
1521 1214 1664 1254 dedit:
1702 1216 1812 1253 sicut

230 1273 520 1309 serenissimus
539 1272 779 1320 Imperator
800 1271 841 1307 in
863 1270 1011 1307 eodem
1030 1274 1233 1319 expertus
1250 1274 1326 1314 est,
1345 1282 1523 1318 eamque
1541 1270 1594 1305 ol)
1617 1283 1810 1307 caussam

230 1328 395 1364 censuit
418 1327 537 1364 illum
561 1326 638 1363 hoc
661 1338 834 1363 munere
857 1324 1236 1363 commendaturae
1254 1325 1556 1369 decorandum,
1576 1337 1661 1374 quo
1678 1326 1810 1373 magis

230 1382 372 1420 valeat
396 1382 557 1432 reipub.
582 1382 764 1431 negociis
786 1380 1033 1418 conducere,
1090 1379 1212 1425 Quod
1235 1381 1267 1416 si
1290 1381 1383 1429 quis
1405 1393 1526 1417 casus
1549 1380 1659 1417 forte
1681 1380 1810 1418 obsti-

230 1438 343 1482 terit,
363 1450 446 1486 quo
469 1437 608 1474 minus
631 1438 672 1473 in
696 1435 1050 1474 commendatum
1076 1439 1178 1472 voto
1201 1436 1394 1484 potiatur
1417 1448 1492 1472 suo
1511 1435 1641 1484 (quod
1665 1440 1810 1472 tamen

231 1492 335 1530 haut
358 1492 546 1530 arbitror
567 1492 776 1535 futurum,
795 1504 926 1540 quum
950 1490 1107 1527 habeat
1129 1495 1169 1528 et
1194 1489 1382 1527 Caesaris
1404 1495 1445 1527 et
1470 1494 1588 1527 tuam
1614 1491 1809 1528 Maiesta-

230 1552 317 1585 tem
353 1561 403 1584 ex
441 1548 584 1584 animo
620 1546 868 1592 fauentem),
903 1546 936 1582 si
970 1545 1070 1594 quid
1110 1550 1254 1582 tamen
1292 1545 1356 1582 hie
1392 1545 1602 1590 fefellerit,
1638 1550 1811 1595 cuperet

231 1603 382 1640 saltem
420 1603 483 1639 sui
520 1602 599 1639 loci
636 1601 807 1646 natalis,
842 1601 920 1638 hoe
955 1605 1020 1638 est
1056 1600 1437 1645 Harlffinmensem,
1472 1601 1810 1650 praeposituram

231 1658 309 1695 sibi
342 1657 537 1702 conferri,
570 1670 702 1706 quum
737 1659 799 1701 (vt
833 1669 885 1693 ex
919 1656 1072 1693 iuuene
1105 1655 1313 1704 intelligo)
1347 1660 1387 1692 et
1423 1655 1575 1693 Caesar
1606 1669 1700 1693 eam
1734 1656 1813 1706 ipsi

231 1713 497 1750 Ratisbonae
527 1713 729 1750 annuerit
759 1716 803 1749 et
831 1712 865 1748 is
894 1712 966 1760 qui
997 1712 1079 1748 iam
1112 1711 1453 1760 praeposituram
1485 1715 1603 1748 tenet
1634 1715 1812 1760 paratus

231 1769 285 1805 sit
314 1768 431 1806 illam
459 1768 606 1817 aequis
634 1766 950 1804 conditionibus
979 1767 1201 1815 resignare.
1262 1765 1367 1811 Hoc,
1395 1765 1498 1803 mihi
1525 1765 1658 1811 erede,
1689 1765 1810 1803 bene-

230 1823 371 1860 ficium
403 1835 488 1860 non
521 1827 610 1860 tam
642 1823 684 1859 in
717 1834 849 1859 vnum
881 1821 1096 1859 hominem
1129 1833 1258 1870 quam
1292 1821 1334 1858 in
1366 1821 1573 1871 rempubl.
1606 1820 1810 1858 collatum

230 1879 371 1916 fuerit.
433 1878 636 1915 Est-mihi
660 1890 756 1915 cum
779 1877 857 1914 hoe
880 1877 1021 1926 patria
1050 1877 1287 1914 communis
1316 1875 1560 1921 Hollandia,
1583 1889 1693 1925 quae
1720 1889 1809 1926 per-

231 1938 362 1983 petuo
384 1933 588 1983 singulari
610 1932 704 1975 fide,
729 1932 973 1970 obedientia
999 1935 1129 1980 atque
1157 1932 1287 1968 etiam
1317 1931 1575 1968 liberalitate
1603 1931 1685 1968 fuit
1714 1944 1810 1981 erga

232 1989 467 2038 principem
499 2001 636 2025 suum.
697 1987 804 2025 Eam
834 2000 948 2024 nunc
978 1991 1223 2024 exterorum
1256 1986 1533 2036 improbitate
1563 1986 1657 2023 aliis
1688 2000 1814 2036 super

231 2044 334 2081 alias
357 2043 553 2093 procellis
575 2043 771 2081 afflictari
792 2043 941 2080 misere
963 2042 1202 2079 discrutior.
1265 2040 1346 2079 Sed
1369 2054 1490 2091 spero
1512 2041 1614 2086 fore,
1639 2046 1687 2079 vt
1718 2055 1811 2091 pro-

232 2100 327 2149 pieii
344 2099 529 2136 numinis
551 2098 686 2143 fauor,
706 2103 872 2135 vestrae
894 2096 1106 2134 auxilians
1128 2097 1293 2146 pietati,
1313 2096 1377 2133 his
1399 2096 1520 2134 malis
1543 2097 1661 2134 breui
1684 2096 1810 2134 finem

232 2155 438 2204 imponat.
499 2153 580 2199 Qui
602 2153 911 2190 serenissimam
935 2152 980 2190 T.
1005 2152 1275 2189 Maiestatem
1300 2164 1464 2201 semper
1486 2151 1739 2189 incolumem
1762 2165 1809 2190 ac

231 2208 454 2246 florentem
476 2221 727 2246 conseruare
750 2208 961 2257 dignetur.

286 2264 448 2302 Datum
471 2263 586 2314 apud
609 2263 865 2313 Friburgum
889 2262 1104 2312 Brisgoiae
1126 2262 1193 2300 die
1214 2265 1484 2311 pentecostes
1509 2270 1624 2310 1533.

666 2477 796 2515 2813.
861 2474 928 2514 To
952 2474 1200 2515 NICHoLAs
1225 2473 1374 2514 OLAH.

281 2566 507 2610 Esterhazy
526 2565 608 2600 MS.
632 2576 714 2609 349.
1499 2565 1749 2609 <Freiburg.>

283 2616 365 2649 OE.
388 2624 471 2658 371.
1488 2625 1501 2648 1
1524 2615 1633 2648 June
1656 2625 1760 2657 1533.

437 2693 637 2719 ERASMVS
660 2693 987 2720 ROTERODAMVS
1010 2693 1051 2719 N.
1077 2693 1189 2719 OLAO
1212 2692 1484 2719 SECRETARIO
1507 2693 1538 2718 S.
1558 2693 1597 2719 R.

288 2753 332 2792 SI
366 2754 432 2791 hic
467 2754 619 2791 Petrus
653 2767 677 2791 a
710 2753 922 2791 Montfort
954 2753 1033 2791 tibi
1066 2766 1200 2802 aeque
1235 2766 1284 2790 ae
1317 2753 1420 2790 mihi
1452 2757 1580 2790 notus
1616 2757 1693 2797 est,
1727 2765 1811 2789 non

233 2809 387 2847 dubito
420 2809 522 2858 quin
563 2809 618 2846 sit
652 2821 785 2858 aeque
818 2809 982 2846 charus.
1043 2807 1154 2845 Nam
1196 2807 1298 2845 mibi
1334 2807 1506 2856 quidem
1547 2807 1601 2845 ob
1634 2808 1810 2844 eximias

234 2865 417 2902 virtutes
438 2863 636 2901 fortunae
658 2869 935 2912 naturaeque,
959 2875 1065 2912 quas
1093 2863 1135 2899 in
1164 2875 1213 2900 eo
1241 2863 1477 2900 domestica
1504 2862 1810 2900 consuetudine

234 2919 444 2971 perspexi,
472 2918 594 2968 longe
625 2918 897 2956 charissimus
927 2923 1003 2955 est.
1067 2918 1150 2955 Eas
1182 2917 1272 2958 tibi.
1303 2930 1388 2966 quo
1419 2918 1483 2954 vir
1513 2930 1556 2955 es
1588 2916 1807 2962 oculatior,

719 2991 815 3021 2812.
843 2993 895 3021 20.
922 2990 1017 3021 OE.:
1043 2994 1224 3032 quantam
1241 2989 1324 3020 MS.
