1966 3379
600 109 757 147 FROM
789 107 1070 146 NICHOLAS
1101 106 1253 145 OLAH
1626 107 1701 143 185

146 113 266 161 2785]

144 216 391 253 diuturnam
413 218 532 252 tuam
555 214 894 251 taciturnitatem
916 216 1039 248 tuum
1062 211 1142 248 huc
1165 210 1349 247 reditum
1377 222 1483 258 pene
1509 209 1700 258 despera-

146 271 266 308 uisse.
325 269 420 306 Non
448 268 576 306 dubia
606 268 716 305 enim
748 267 813 303 hic
844 266 957 303 fama
987 266 1038 302 de
1069 269 1145 302 tua
1175 264 1419 301 Bizoncium
1451 264 1702 312 migracione

143 323 531 367 circumferebatur,
554 322 898 369 mirabamurque
926 324 1015 357 tam
1040 319 1226 356 subitam
1252 318 1381 355 animi
1409 319 1472 354 tui
1501 319 1700 354 mutatio-
1723 331 1740 361 5

145 391 253 415 nem.
296 376 401 415 Cum
418 381 562 414 autem
582 377 623 413 in
641 376 718 412 hac
735 387 918 412 essemus
935 373 1220 415 dubitacione,
1239 376 1485 409 recrearunt
1505 384 1580 408 nos
1602 376 1702 408 tuae

144 432 323 476 litterae,
346 444 453 480 quae
475 430 529 468 ad
550 443 616 467 me
638 430 776 467 nescio
797 441 880 477 quo
902 429 1054 465 nuncio
1081 427 1159 464 hiis
1184 426 1332 463 diebus
1354 438 1404 463 ex
1427 425 1701 475 Anthwerpia

144 490 245 523 sunt
269 486 470 535 perlatae,
497 484 651 533 quibus
675 483 883 532 significas
911 482 1013 519 mihi
1041 482 1173 518 amice
1201 485 1321 518 tuam
1349 480 1619 517 voluntatem
1648 480 1701 516 ad

144 553 220 578 nos
241 539 494 581 reuertendi,
516 538 850 588 praescribisque
873 536 1058 580 modum,
1081 535 1235 584 quibus
1258 535 1336 571 viis
1358 534 1399 570 id
1427 533 1562 570 facere
1585 534 1701 577 velis,

143 599 187 631 et
214 606 359 631 mones
386 606 453 630 me
481 594 625 637 amice,
653 605 703 629 ne
732 592 833 629 haec
861 595 938 628 tua
968 590 1168 627 voluntas
1198 601 1282 626 non
1313 588 1440 626 modo
1471 588 1604 628 Dano,
1631 588 1702 625 sed
1726 604 1763 624 10

143 649 275 685 eciam
296 648 388 685 aliis
410 649 464 684 sit
485 651 600 684 nota.
661 647 761 695 Ego,
785 646 842 682 mi
863 645 1036 682 Erasme
1057 644 1312 688 doctissime,
1335 642 1526 691 gratulor
1554 642 1632 678 tibi
1660 647 1703 679 et

143 702 245 739 mihi
272 702 458 751 gaudem
490 701 593 738 mihi
621 701 686 737 cui
716 700 890 737 dabitur
918 698 1100 736 facultas
1128 699 1191 735 tui
1221 697 1285 734 hic
1314 696 1498 741 videndi,
1525 696 1603 733 tibi
1631 697 1702 744 qui

143 757 326 806 patriam
348 768 432 793 non
449 768 600 805 parum
622 751 770 792 sis'tua
791 754 1082 791 illustraturus
1105 752 1329 802 presencia,
1348 752 1589 799 amicosque
1606 756 1703 787 tuos

143 811 207 848 tui
228 811 410 848 nominis
432 810 599 847 honoris
622 813 662 846 et
688 809 844 858 gloriae
873 808 1149 847 obseruantes
1176 806 1317 843 leticia
1344 805 1586 842 affecturus.
1647 805 1701 841 Vt

144 865 462 914 praescripsisti,
484 877 570 901 rem
599 868 719 900 tuam
746 863 943 906 securius,
964 874 1049 911 quo
1073 860 1160 898 fieri
1188 861 1342 910 potuit,
1365 860 1429 909 egi
1456 859 1701 908 diligenter3
1726 873 1762 902 15

144 931 271 968 quam
304 932 329 956 a
361 931 426 955 me
459 931 582 955 nemo
617 917 830 954 intellexit
861 916 969 953 alius
1004 928 1131 965 quam
1169 915 1324 963 regina,
1360 914 1701 957 Panormitanus,

144 973 327 1022 Langius
349 973 479 1022 ipsius
501 986 525 1010 a
546 973 728 1015 secretis,
750 973 837 1008 sine
860 983 943 1019 quo
965 971 1146 1013 litterae,
1169 974 1218 1006 vt
1239 969 1424 1017 cogitare
1450 972 1582 1017 potes,
1606 980 1700 1004 con-

144 1027 210 1064 fici
230 1040 314 1064 non
336 1031 591 1077 potuerunt:
618 1031 661 1063 et
679 1026 735 1062 hii
757 1038 926 1074 quoque
943 1025 1151 1062 admoniti
1172 1036 1196 1060 a
1218 1036 1284 1060 me
1301 1035 1444 1060 omnes
1466 1022 1701 1071 diligenter,

144 1086 192 1118 vt
213 1086 353 1119 essent
374 1082 507 1119 taciti.
568 1081 792 1118 Praeterea
812 1084 860 1117 tu
882 1081 969 1128 ipse
990 1079 1147 1116 feceras
1173 1078 1326 1115 litteris
1354 1077 1613 1114 mencionem
1641 1077 1703 1113 tui

143 1136 304 1173 reditus
320 1135 513 1173 Conrado
530 1139 676 1172 nostro
693 1133 903 1178 Goelenio,
922 1134 993 1182 qui
1009 1138 1052 1170 et
1068 1132 1246 1170 Louanii
1265 1132 1342 1168 hiis
1358 1131 1506 1168 diebus
1522 1136 1565 1168 et
1582 1130 1704 1167 hodie
1725 1145 1765 1166 20

143 1190 208 1227 hic
234 1203 397 1227 mecum
420 1190 513 1227 fuit.
555 1189 609 1235 Is,
633 1201 758 1238 quem
780 1201 944 1238 semper
968 1188 1146 1237 cognoui
1167 1187 1231 1224 tui
1252 1186 1606 1229 amantissimum,
1629 1198 1705 1222 sua

144 1249 293 1294 sponte
315 1244 461 1292 feci<t>
482 1244 533 1281 de
554 1248 596 1281 te
613 1244 887 1280 mencionem.
947 1242 1036 1291 Ego
1053 1241 1217 1290 aliquot
1238 1240 1386 1278 diebus
1403 1253 1488 1277 rem
1511 1240 1703 1277 dissimu-

143 1298 240 1343 laui,
256 1303 405 1348 postea
418 1299 611 1336 hericum
628 1299 710 1335 iam
724 1294 776 1335 ad
793 1301 835 1334 te
849 1297 1073 1334 rescribere
1084 1295 1249 1339 vellem,
1260 1300 1383 1332 tuum
1398 1296 1587 1331 animum
1603 1294 1705 1330 mihi

143 1353 377 1390 indicatum
394 1354 443 1398 ei,
461 1358 550 1390 tam
568 1365 661 1389 meo
677 1364 804 1401 quam
822 1356 897 1388 tuo
918 1350 1120 1400 singulari
1141 1350 1309 1399 fidoque
1331 1350 1478 1394 amico,
1500 1349 1645 1398 aperui
1661 1352 1705 1385 et

144 1407 292 1445 retuli:
324 1408 563 1457 premonito
584 1411 727 1444 tamen
743 1410 792 1442 vt
813 1409 975 1443 taceret
992 1418 1099 1454 quae
1121 1405 1163 1441 in
1185 1404 1310 1441 rebus
1331 1405 1416 1441 tuis
1436 1403 1618 1440 fecerim.
1726 1419 1764 1447 25

198 1461 314 1498 Haec
346 1463 474 1511 igitur
504 1466 545 1498 te
577 1462 693 1510 prius
723 1460 980 1497 intellexisse
1011 1459 1138 1503 volui,
1171 1471 1299 1508 quam
1332 1458 1386 1495 ad
1417 1458 1580 1506 reliqua
1611 1470 1702 1506 pro-

143 1515 345 1553 cederem.
386 1516 513 1565 Apud
534 1517 720 1564 reginam
743 1527 791 1551 ea
813 1514 894 1551 fide
915 1527 1016 1551 cura
1037 1518 1080 1550 et
1101 1526 1244 1550 amore
1266 1517 1385 1550 tuam
1409 1525 1495 1549 rem
1519 1513 1704 1549 tractaui

144 1582 271 1619 quam
295 1570 373 1607 tibi
393 1569 519 1607 debui
539 1574 582 1607 et
603 1582 731 1618 quam
754 1570 795 1605 in
817 1569 920 1605 meis
941 1569 1120 1617 propriis
1147 1568 1467 1617 praestitissem.
1528 1566 1703 1615 Regina,

144 1629 192 1662 vt
214 1624 292 1661 tibi
313 1628 440 1661 antea
462 1625 618 1674 scripsi,
641 1636 725 1661 non
747 1623 911 1672 vulgari
931 1623 1114 1660 afficitur
1135 1623 1177 1659 in
1199 1626 1240 1659 te
1268 1623 1428 1671 pietate
1453 1626 1497 1658 et
1525 1621 1702 1658 beneuo-

144 1678 288 1716 lencia.
312 1683 404 1716 tum
427 1679 541 1728 quod
562 1682 662 1715 tuae
691 1679 873 1715 virtutes
901 1677 942 1714 id
971 1677 1156 1714 illustres
1183 1676 1237 1713 ab
1265 1689 1315 1714 ea
1342 1680 1588 1725 exposcant,
1611 1680 1703 1712 tum
1725 1691 1765 1721 30

145 1733 258 1781 quod
276 1734 386 1770 inter
401 1733 505 1770 alios
519 1745 585 1770 me
599 1745 767 1781 quoque
780 1745 864 1769 non
882 1731 1074 1768 infimum
1089 1743 1252 1781 semper
1268 1730 1383 1780 apud
1399 1743 1492 1768 eam
1507 1730 1704 1766 habueris

145 1791 188 1824 et
220 1788 260 1824 in
296 1791 513 1836 posterum
547 1799 716 1836 quoque
747 1786 935 1830 habebis,
967 1785 1068 1822 dum
1101 1786 1373 1835 oportunitas
1407 1785 1500 1829 erit,
1532 1789 1703 1821 tuarum

144 1841 320 1879 laudum
342 1854 603 1891 praeconem.
663 1840 779 1886 Quae
799 1846 842 1878 et
868 1844 991 1890 optat
1015 1845 1059 1877 et
1083 1840 1313 1889 plurimum
1339 1839 1552 1876 desiderat
1580 1843 1703 1876 tuum

146 1896 343 1934 reditum.
402 1895 482 1933 Sed
510 1897 610 1944 quia
635 1900 678 1932 et
706 1900 834 1932 antea
862 1895 978 1932 facta
1007 1895 1148 1932 fuerat
1173 1894 1288 1943 apud
1313 1895 1612 1943 imperatorem
1638 1893 1704 1930 hic

145 1955 247 1987 tunc
275 1954 539 2000 praesentem
572 1949 778 1987 nonnulla
808 1950 858 1986 de
890 1954 932 1986 te
964 1950 1137 1994 mencio,
1170 1961 1255 1986 non
1285 1949 1458 1998 putauit
1488 1961 1576 1985 esse
1607 1960 1702 1984 con-
1725 1962 1764 1992 35

145 2004 304 2041 sultum
338 2009 385 2042 vt
416 2010 457 2042 te
485 2009 704 2042 reuocaret
731 2008 962 2053 antequam
991 2004 1195 2040 insinuari
1225 2006 1394 2040 curaret
1424 2002 1483 2039 illi
1512 2007 1553 2039 te
1584 2015 1704 2051 posse

144 2058 323 2096 fortasse
344 2059 497 2104 induci,
516 2063 564 2096 vt
586 2059 868 2102 reuertereris,
886 2059 919 2095 si
940 2059 1070 2107 ipsius
1092 2062 1200 2094 esset
1222 2057 1436 2094 voluntas.
1487 2057 1538 2093 Id
1559 2062 1703 2093 autem

143 2114 341 2150 existima
369 2126 435 2150 me
462 2118 661 2150 monente
687 2125 776 2150 esse
804 2113 979 2157 factum,
1009 2125 1092 2149 non
1120 2113 1253 2161 inagis
1281 2112 1547 2160 imperatoris
1575 2124 1704 2160 quam

145 2172 317 2204 tuorum
340 2169 605 2217 priuatorum
627 2167 944 2205 commodorum
966 2167 1119 2215 quietis
1140 2167 1381 2203 securitatis
1402 2170 1445 2203 et
1466 2166 1702 2214 tranquilli-

145 2223 248 2258 tatis
269 2234 428 2259 caussa.
480 2222 589 2259 Nam
612 2226 660 2259 vt
681 2222 871 2271 apercius
893 2225 1034 2258 tecum
1057 2233 1192 2270 agam,
1216 2221 1296 2258 etsi
1317 2225 1363 2257 tu
1387 2233 1470 2258 11011
1493 2220 1704 2257 videbaris
1724 2237 1765 2267 40

146 2280 234 2313 tam
261 2276 346 2313 late
368 2276 470 2313 mihi
491 2276 746 2325 prescribere
767 2289 874 2324 quae
902 2276 956 2312 ad
986 2276 1170 2313 reditum
1199 2280 1323 2312 tuum
1351 2276 1562 2324 pertinere
1590 2274 1702 2311 vide-

147 2330 314 2375 bantur,
337 2335 504 2380 praeter
527 2331 690 2367 litteras
712 2334 755 2367 et
778 2331 980 2367 viaticum
1003 2330 1176 2378 aliquod
1198 2329 1436 2373 honestum,
1460 2334 1604 2366 tamen
1629 2341 1704 2377 ego

146 2397 241 2421 cum
263 2385 345 2421 iam
368 2397 443 2433 pro
465 2389 585 2434 parte
606 2385 750 2433 aliqua
779 2384 995 2421 hominum
1025 2389 1068 2421 et
1096 2385 1349 2421 vestratium
1378 2388 1422 2420 et
1447 2384 1703 2420 nostratium

146 2440 333 2476 nouerim
366 2452 512 2483 moreS,
541 2440 724 2488 acceptis
756 2440 839 2476 tuis
870 2439 1015 2483 literis,
1043 2442 1086 2476 et
1115 2439 1321 2488 promotis
1351 2438 1465 2487 apud
1498 2438 1704 2487 Reginam

147 2494 231 2530 tuis
266 2493 401 2538 rebus,
437 2493 674 2531 arbitratus
710 2506 802 2530 sum
838 2494 961 2530 amici
998 2494 1085 2530 veri
1120 2505 1208 2530 esse
1249 2493 1430 2530 osticium
1473 2493 1703 2529 amicorum
1746 2502 1786 2532 45

189 2607 218 2636 3.
246 2598 554 2635 taciturnitatem]
588 2597 680 2628 Olah
713 2597 784 2627 had
817 2598 887 2627 had

145 2650 192 2670 no
216 2650 356 2671 answer
381 2645 419 2671 to
444 2641 499 2670 his
523 2641 633 2671 letter
664 2641 701 2671 of
735 2644 774 2671 26
801 2641 889 2680 July

149 2693 228 2722 1532
272 2684 316 2714 he
329 2684 400 2714 had
412 2685 558 2714 written
572 2685 678 2724 again
693 2694 738 2714 on
752 2693 786 2722 31
804 2684 888 2714 Jan.

150 2736 229 2766 1533
255 2727 338 2767 (Ep.
365 2729 476 2766 275<))-
525 2728 593 2767 Ep.
616 2730 712 2766 2762,
737 2728 813 2767 just
839 2738 889 2757 rc-

145 2771 282 2806 ooived,
308 2781 393 2810 may
418 2772 461 2801 be
486 2772 597 2801 taken
624 2781 663 2801 as
687 2771 891 2811 answering

146 2814 208 2844 the
225 2814 305 2844 first
322 2814 440 2845 letter.

192 2866 241 2896 17.
267 2858 440 2897 Langius]
465 2858 704 2898 Presumably
727 2858 824 2888 101111
847 2857 891 2887 do

146 2900 278 2940 Lange,
325 2910 401 2940 1571
440 2911 498 2931 sec
512 2901 667 2941 Hoynck
681 2910 702 2931 1.
718 2902 752 2935 ii,
766 2912 800 2942 p.
814 2904 889 2940 653,

146 2944 250 2974 Gran.
273 2944 314 2974 E.
335 2955 369 2984 p.
389 2953 461 2983 702.
509 2945 624 2975 When
641 2945 703 2975 the
720 2946 888 2985 question

957 2597 994 2627 of
1016 2597 1201 2627 Erasmus
1228 2602 1353 2627 return
1377 2601 1416 2627 to
1441 2597 1607 2627 Brabant
1632 2606 1705 2625 was

958 2641 1069 2671 taken
1093 2651 1143 2680 up
1166 2642 1255 2671 with
1280 2641 1343 2671 tho
1369 2641 1558 2680 Emperor,
1585 2640 1705 2677 Lange

958 2690 1070 2714 wrote
1103 2689 1142 2714 to
1174 2685 1237 2714 the
1269 2684 1478 2723 Emperors
1510 2688 1703 2722 secretary.

960 2728 1002 2757 N.
1021 2728 1202 2761 Grudius:
1228 2738 1286 2757 sce
1305 2728 1379 2758 OE.
1400 2738 1434 2767 p.
1455 2736 1528 2766 354.

1007 2781 1054 2805 10.
1082 2772 1228 2807 litteris]
1248 2771 1322 2801 Not
1340 2775 1492 2800 extant:
1520 2770 1624 2799 noris
1643 2770 1705 2800 the

960 2814 1068 2844 letter
1089 2815 1182 2844 froin
1205 2814 1398 2844 Gor-lenius
1420 2818 1496 2843 sent
1522 2814 1609 2843 with
1632 2814 1705 2843 this

961 2858 996 2895 (l.
1016 2859 1083 2893 81).

1004 2903 1056 2939 38.
1079 2901 1324 2941 imperatoris]
1343 2900 1706 2940 -1110-

959 2946 1136 2984 approvul
1155 2955 1213 2974 sec
1233 2945 1298 2984 Ep.
1322 2944 1547 2974 3810111110.
