1966 3379
252 126 329 163 202
707 128 963 166 LETTERS
993 128 1064 166 OF
1094 127 1359 166 ERASMUS
1691 130 1813 177 [1533

619 237 746 274 2795.
812 235 879 275 To
901 234 1123 275 VVILLIAM
1148 247 1206 274 AB
1231 234 1437 275 HORION.

300 324 359 355 De
380 324 693 367 Praeparatione
712 336 749 368 p.
776 335 853 366 132.
1509 325 1712 367 Freiburg.

300 372 349 405 N.
371 384 408 416 p.
434 376 546 406 1081:
577 374 702 406 Lond.
724 374 845 407 xxvii.
872 384 935 415 15:
966 374 1046 407 LB.
1072 383 1175 418 1245.
1458 384 1497 406 21
1521 374 1633 418 April
1659 384 1760 417 1533.

294 439 465 475 {william
483 441 520 470 of
540 440 690 476 Horion,
713 441 791 471 lord
812 441 849 471 of
872 441 1056 480 Ordingon
1081 442 1182 476 (near
1200 440 1251 471 St.
1270 441 1421 477 Trond),
1440 452 1513 471 was
1535 452 1603 471 one
1624 441 1660 470 of
1683 452 1727 471 an
1752 441 1810 471 old

249 483 321 512 and
339 483 498 523 wealthy
517 483 654 524 family,
673 485 745 515 and
764 495 785 515 a
802 489 935 525 patron
953 485 990 515 of
1008 485 1146 514 letters.
1195 485 1365 523 Langius'
1384 485 1546 515 Historia
1569 485 1670 515 Vrbis
1692 484 1810 515 Hiero-

249 526 403 565 solymae
421 527 599 564 (Roscius,
622 530 717 567 1539)
737 530 764 558 is
788 529 956 568 prefaced
981 529 1028 568 by
1050 539 1072 558 a
1094 529 1202 559 letter
1224 529 1420 559 addressed
1444 533 1482 559 to
1506 529 1580 558 him
1605 529 1652 568 by
1674 528 1811 560 Gerard

251 569 433 603 Morinck;
460 571 531 600 und
551 572 586 601 in
606 572 669 602 the
690 583 788 602 same
811 583 897 612 year
920 573 983 603 the
1006 582 1105 602 same
1129 582 1259 612 person
1282 573 1478 602 addressed
1502 578 1541 602 to
1565 573 1638 602 hini
1661 582 1706 602 an
1731 574 1810 608 (un-

251 613 458 652 published)
479 615 642 653 Epistola
659 616 698 645 de
724 616 923 651 Venatione,
942 626 987 646 on
1006 616 1070 646 the
1086 616 1229 655 subject
1246 617 1283 646 of
1303 617 1365 646 the
1387 626 1491 655 gamo
1514 616 1611 646 luws.
1661 616 1717 645 He
1740 626 1812 645 was

250 657 313 686 tho
331 657 452 687 father
466 659 503 688 of
521 669 589 689 one
606 659 643 689 of
660 659 865 690 Goclcnius’
886 660 1020 700 pupils,
1041 661 1074 689 in
1094 660 1156 689 the
1173 659 1371 699 Collegium
1390 660 1586 699 Trilingue,
1606 659 1756 689 Mis-lino]
1775 662 1811 689 οἱ

251 701 401 734 Horion,
423 703 581 742 perhaps
598 704 661 733 the
678 713 777 733 same
797 714 837 733 as
859 704 922 734 tho
947 704 1094 734 iuuenis
1120 703 1348 739 llorf‘v'omici
1372 704 1513 734 nomine
1538 703 1749 733 111‹›nti0ne‹l
1777 703 1810 732 in

250 744 270 773 l.
291 754 340 773 20⁴
384 745 448 774 See
467 745 600 780 MHIA,
620 757 682 786 pp.
702 748 775 786 487,
795 749 870 786 480,
890 749 972 786 584ς
999 748 1104 777 Crnn.
1125 748 1165 777 1⁴3.
1188 756 1259 786 247.
1302 747 1343 777 ln
1363 748 1425 777 the
1444 747 1595 786 Library
1613 747 1649 776 of
1667 747 1810 785 'l'rinity

248 788 400 827 College,
413 788 640 828 Cambridge,
656 791 685 820 is
702 801 723 820 a
739 801 832 831 copy
844 791 881 820 of
899 791 1085 821 Erasinus*
1102 791 1321 830 Explanalio
1334 790 1492 829 Symbols
1507 790 1639 825 (Basle,
1659 790 1811 825 Froben,

250 831 372 861 March
395 833 502 871 1533),
522 834 609 863 with
627 844 674 864 an
694 835 907 875 inscription
927 845 972 865 on
993 836 1054 865 the
1073 834 1275 874 title-page,
1295 835 1330 864 in
1350 835 1412 864 the
1431 834 1527 864 hand
1546 834 1583 864 of
1601 834 1756 863 william
1775 834 1812 863 of

250 875 389 905 Horion
416 877 511 911 (who
537 877 602 907 has
626 878 830 909 annotuted
860 879 923 909 the
952 879 1112 918 margins
1142 878 1289 918 freely):
1326 879 1455 908 ‘Liber
1481 879 1523 908 D.
1554 877 1734 907 Guilielmi
1765 877 1811 907 ab

249 919 389 949 Horion
416 920 635 951 liberalitate
660 922 713 951 .Ε.
734 923 814 952 Des.
843 922 983 952 Erasini
1010 922 1248 952 Roterodanvi
1274 923 1341 952 viri
1366 923 1482 952 nostri
1507 921 1616 951 seculi
1641 921 1812 951 omnibus

250 963 366 993 modis
388 963 589 994 doctissimi
603 965 639 1002 ’.]

444 1034 536 1061 DES.
562 1035 682 1062 ERAS.
707 1036 801 1062 ROT.
827 1037 949 1062 CLAR.
976 1037 1013 1063 Ι),
1038 1036 1294 1063 GVILHELMO
1317 1036 1372 1062 AB
1394 1035 1561 1062 HORION
1585 1036 1617 1062 S.

304 1092 606 1132 ORNATISSIME
629 1096 706 1140 vir,
730 1097 836 1133 mari
860 1096 1092 1145 tranquillo
1115 1097 1314 1145 nauigare
1336 1109 1419 1133 non
1446 1099 1510 1133 est
1537 1095 1715 1139 difficile,
1739 1095 1810 1132 sed

250 1160 403 1197 magna
436 1153 668 1199 tempestas
699 1152 875 1199 requirit
910 1151 1113 1189 artificem
1146 1152 1217 1200 qui
1250 1155 1411 1188 rectum
1450 1154 1595 1187 teneat
1627 1150 1808 1187 clauum.

249 1201 359 1240 Olim
381 1216 512 1252 quum
537 1204 802 1253 Paganorum
829 1207 1006 1253 saeuitia
1028 1207 1250 1243 tormentis
1276 1218 1322 1242 ac
1349 1205 1558 1242 mortibus
1580 1204 1809 1242 debaccha-

250 1261 366 1294 retur
394 1259 434 1294 in
463 1258 738 1305 Christianos,
761 1265 853 1297 erat
881 1273 1064 1297 secessus
1093 1273 1176 1310 quo
1205 1273 1246 1297 se
1275 1261 1531 1309 reciperent:
1566 1259 1646 1296 illic
1675 1259 1811 1296 abditi

211 1321 228 1351 5
250 1311 367 1349 velut
382 1313 422 1349 in
437 1313 573 1350 altero
588 1314 747 1351 mundo
761 1316 949 1363 quietam
964 1315 1148 1364 agebant
1163 1316 1309 1352 vitam.
1348 1314 1471 1351 Nunc
1487 1314 1610 1351 rebus
1625 1313 1811 1362 Vndique

249 1367 305 1403 sic
335 1367 601 1413 exulceratis,
633 1369 675 1405 in
706 1381 831 1418 quem
864 1374 1035 1418 portum
1068 1383 1110 1407 se
1142 1371 1317 1419 recipiat
1351 1369 1532 1417 aliquis?
1592 1369 1680 1417 Ego
1713 1381 1811 1405 sane

248 1420 412 1458 nullum
432 1422 565 1465 video,
584 1423 662 1460 nisi
680 1424 773 1472 quis
795 1424 836 1461 in
853 1425 1034 1473 seipsum
1057 1424 1225 1462 secedat
1241 1428 1284 1461 et
1301 1424 1430 1461 animi
1451 1423 1809 1472 tranquillitatem

249 1476 290 1512 in
313 1476 402 1525 ipso
423 1482 603 1525 quaerat
625 1478 778 1516 animo.
840 1477 961 1516 Solus
981 1479 1092 1516 enim
1114 1478 1305 1516 Christus
1328 1490 1423 1515 vere
1445 1477 1698 1526 tranquillat
1723 1478 1809 1514 ani-

248 1543 376 1567 mum.
438 1531 479 1567 Is
510 1532 621 1569 intra
648 1545 723 1569 nos
751 1536 828 1578 est,
857 1534 889 1570 si
918 1533 1109 1571 velimus.
1168 1533 1349 1570 Abunde
1380 1545 1578 1582 magnum
1610 1532 1811 1569 solatium

190 1594 229 1615 10
248 1585 524 1634 suppeditant
557 1586 653 1623 libri
683 1586 897 1624 Christum
929 1589 1161 1637 spirantes;
1197 1587 1347 1625 horum
1377 1587 1563 1636 alloquio
1591 1586 1693 1636 quid
1722 1599 1811 1623 esse

247 1640 390 1689 poteSt
412 1640 453 1676 in
476 1640 552 1677 hac
575 1642 664 1678 vita
686 1641 752 1679 vel
774 1642 999 1680 iucundius
1021 1643 1087 1679 vel
1110 1642 1350 1680 salubrius?

303 1694 394 1731 Hac
416 1695 457 1731 in
479 1699 600 1744 parte
625 1695 821 1734 felicitati
850 1701 948 1734 tuae
975 1697 1179 1746 gratulor,
1202 1697 1268 1734 cui
1296 1697 1521 1746 contigerit
1549 1697 1685 1733 ocium
1714 1708 1808 1733 cum

247 1748 466 1797 (lignitate.
518 1750 620 1787 Mihi
641 1751 890 1801 iampridem
913 1751 1125 1801 flagitanti
1146 1751 1294 1789 rudem
1317 1752 1359 1788 in
1381 1751 1458 1788 hac
1480 1751 1638 1788 harena
1659 1750 1809 1787 caden-

247 1803 349 1840 dum
372 1808 448 1841 est.
492 1804 629 1842 Vnum
648 1805 725 1842 hoc
743 1819 809 1843 me
826 1806 1083 1851 consolatur,
1102 1806 1216 1855 quod
1239 1807 1322 1843 iam
1339 1818 1360 1843 e
1378 1807 1615 1855 propinquo
1632 1808 1810 1854 apparet

189 1867 226 1896 Ῑ5
248 1862 396 1906 portus
415 1858 482 1896 ille
499 1861 734 1897 communis
751 1861 835 1909 qui,
853 1860 1027 1898 fauente
1043 1860 1222 1906 Christo,
1240 1860 1434 1898 laborum
1452 1873 1500 1897 ac
1518 1859 1809 1897 molestiarum

246 1913 434 1950 omnium
456 1913 581 1951 finem
603 1914 812 1952 allaturus
832 1920 908 1953 est.

300 1967 497 2005 Forsitan
519 1969 695 2014 miraris,
717 1970 832 2018 quod
854 1969 955 2007 haec
977 1970 1031 2007 ad
1053 1974 1095 2008 te
1124 1971 1305 2019 ignotus.
1365 1969 1461 2007 Non
1490 1974 1610 2019 potes
1637 1981 1704 2006 me
1732 1968 1810 2005 tibi

246 2034 416 2070 prorsus
447 2023 640 2071 ignotum
669 2023 818 2070 dicere,
848 2036 980 2073 quum
1012 2029 1165 2069 tecum,
1196 2029 1244 2062 vt
1269 2024 1427 2069 scribis,
1454 2024 1600 2061 crebro
1630 2023 1808 2068 fabuler,

246 2077 409 2113 vtinam
454 2081 496 2114 te
536 2077 675 2127 digna.
746 2078 855 2116 Olim
900 2079 1077 2116 Louanii
1120 2079 1298 2129 cognoui
1342 2079 1538 2116 iuuenem
1582 2077 1808 2127 quendam,

186 2139 226 2160 20
247 2130 509 2179 H0r<io>nici
531 2133 801 2181 cognominis.
852 2133 931 2171 Sed
955 2147 1050 2171 eum
1072 2134 1255 2171 arbitror
1276 2138 1318 2171 te
1339 2146 1423 2171 non
1445 2146 1544 2170 esse.
1600 2132 1808 2181 Equidem

247 2186 371 2234 cupio
388 2186 561 2223 asscribi
579 2188 620 2224 in
634 2200 858 2225 numerum
877 2192 1048 2225 tuorum
1067 2188 1281 2233 clientum,
1297 2192 1473 2237 paratus
1487 2187 1540 2225 ad
1556 2200 1677 2224 omne
1691 2186 1806 2224 obse-

247 2240 406 2288 quium,
425 2241 457 2277 si
480 2241 582 2290 quid
603 2243 683 2279 erit
704 2243 747 2279 in
769 2255 853 2291 quo
874 2244 1031 2292 possim
1055 2243 1132 2280 tibi
1153 2247 1323 2292 gratum
1345 2243 1493 2280 facere.
1554 2242 1667 2279 Bene
1689 2241 1794 2279 vale.

302 2294 463 2331 Datum
486 2295 680 2346 Friburgi
702 2307 781 2333 xxi
804 2297 870 2334 die
892 2297 1048 2347 Aprilis
1070 2298 1147 2335 An.
1171 2308 1427 2335 M.D.xxxm.

301 2347 439 2394 Quum
470 2349 570 2387 haec
599 2351 868 2400 scripsissem,
892 2352 1048 2389 relecta
1076 2352 1260 2401 quadam
1289 2351 1469 2401 epistola
1496 2350 1694 2395 Goelenii‚
1724 2363 1808 2399 qua

186 2411 225 2440 25
246 2404 355 2452 petit
377 2408 424 2440 vt
446 2405 582 2441 tribus
604 2405 743 2442 verbis
765 2410 806 2443 te
827 2406 1071 2451 salutarem,
1095 2408 1204 2444 inter
1224 2406 1399 2443 schedas
1420 2405 1617 2443 confusas
1645 2406 1807 2455 repperi

245 2461 289 2494 et
317 2461 435 2495 tuam
465 2459 519 2495 ad
547 2472 612 2496 me
640 2460 876 2509 epistolam,
906 2457 1033 2510 quarn
1062 2465 1138 2498 aut
1164 2473 1249 2498 non
1280 2461 1474 2510 legeram,
1503 2464 1580 2497 aut
1610 2463 1658 2496 vt
1688 2459 1736 2496 fit
1766 2460 1807 2495 in

246 2516 369 2549 tanta
391 2513 519 2550 turba
539 2514 815 2563 epistolarum
837 2514 1017 2564 legeram
1043 2528 1192 2565 parum
1221 2519 1400 2552 attente.
1461 2513 1727 2552 Subuerebar
1755 2526 1806 2550 ne

245 2579 394 2615 parum
422 2567 574 2604 frontis
602 2568 756 2606 habere
784 2569 948 2607 viderer
969 2570 1081 2619 quod
1111 2571 1280 2619 ignotus
1308 2569 1422 2606 vltro
1450 2573 1491 2606 te
1520 2568 1652 2605 literis
1680 2567 1805 2605 laces-

245 2633 389 2666 serem,
413 2621 483 2658 sed
506 2622 582 2659 hoc
604 2623 802 2673 scrupulo
823 2637 888 2661 me
911 2629 988 2661 tua
1010 2624 1209 2661 liberauit
1229 2624 1420 2673 epistola.
1482 2623 1601 2660 Prior
1622 2622 1675 2659 ad
1704 2623 1804 2659 ami-

184 2682 226 2713 30
245 2676 389 2712 citiam
426 2678 692 2725 prouocasti:
737 2678 1063 2716 inhumanitatis
1098 2679 1291 2716 futurum
1324 2683 1415 2715 erat
1451 2690 1536 2715 non
1568 2676 1803 2714 rescribere.

245 2729 306 2767 De
329 2730 465 2767 reditu
490 2743 582 2768 meo
604 2744 775 2781 prorsus
796 2734 957 2770 incerta
979 2746 1041 2770 res
1061 2738 1137 2770 est.
1197 2732 1503 2782 Corpusculum
1531 2732 1607 2769 hoc
1636 2731 1803 2768 collabi-

506 2811 578 2833 TlT.
606 2812 687 2833 DEs.
707 2814 774 2835 om.
794 2804 841 2834 N.
933 2813 1040 2835 CLAR,
1060 2814 1095 2835 D.
1114 2816 1181 2836 om.
1201 2804 1247 2835 N.
1339 2813 1367 2836 S.
1386 2804 1467 2834 add.
1486 2803 1533 2834 N.

288 2897 337 2926 18.
364 2900 405 2926 vt
421 2896 560 2934 scribis]
581 2896 720 2927 Horion
737 2897 810 2927 had
827 2907 988 2937 presum-
1058 2898 1167 2928 letter
1183 2898 1220 2928 of
1240 2897 1379 2928 Horion
1397 2901 1436 2927 to
1454 2897 1641 2931 Erasmus,
1660 2896 1806 2936 beyond

242 2939 859 2979 ablywrittentoGocleniustothis
869 2941 988 2977 effect,
1059 2942 1140 2972 that
1158 2941 1368 2972 mentioned
1385 2941 1420 2971 in
1439 2941 1460 2971 l.
1480 2944 1531 2971 26.

242 2984 286 3014 cf.
306 2983 341 3014 ll.
360 2992 456 3023 24—5.
503 2983 619 3014 Thero
637 2985 665 3014 is
683 2995 728 3015 no
749 2989 847 3015 trace
863 2985 900 3015 of
916 2995 989 3025 any
