1966 3379
227 112 305 150 328
654 110 910 149 LETTERS
941 109 1011 149 OF
1042 109 1307 149 ERASMUS
1666 112 1788 160 [1533

227 216 303 253 hoc
339 228 450 253 anno
491 216 659 252 Patauii
698 228 974 264 conceperam
1010 216 1052 252 in
1087 228 1156 252 eos
1191 214 1354 259 titulos,
1390 227 1495 263 quos
1531 215 1587 251 ibi
1623 215 1788 264 publice

226 270 420 319 praelegi.
491 269 658 306 Placuit
697 269 992 313 Amerbachio,
1033 274 1081 306 vt
1120 270 1212 318 ipsa
1251 269 1458 314 aederem,
1492 282 1566 306 nec
1602 269 1787 306 multum

167 342 206 363 10
225 325 375 367 restiti,
407 336 503 361 cum
534 325 576 360 in
606 336 702 360 eum
735 337 857 361 vsum
888 336 1117 373 parassem,
1145 328 1189 360 et
1216 323 1451 360 Frobenius
1479 323 1587 360 hanc
1615 336 1787 372 operam

225 378 423 415 lubenter
453 378 695 426 susciperet.
747 378 899 427 Itaque
930 378 1045 427 apud
1075 390 1171 414 eum
1201 379 1411 426 tantisper
1438 378 1691 414 commorari
1719 377 1786 414 de-

225 433 350 477 010111,
386 432 527 480 quoad
564 432 605 468 id
640 445 808 481 quoquc
844 445 950 481 opus
979 432 1227 469 absolutum
1259 432 1399 475 fucrit,
1430 431 1715 480 adiuuemque
1747 433 1787 468 in

224 486 473 535 corrigendo
493 486 727 531 Gelenium,
750 487 821 535 qui
850 486 904 523 ad
933 487 1034 523 iuris
1055 487 1190 523 nostri
1212 486 1351 534 apices
1372 487 1681 534 citationesquc
1703 499 1789 523 non

225 542 330 577 satis
363 542 564 578 assueuit.
615 540 737 586 Quod
774 546 814 578 te
846 541 1037 589 ignorare
1074 540 1203 584 nolui,
1235 553 1319 588 quo
1350 540 1657 577 veniam.1nihi
1692 553 1787 577 con-

166 610 204 640 15
224 595 361 640 cedas,
384 595 497 643 quod
525 595 670 632 literas
698 599 796 632 tuas
825 595 987 631 diutius
1015 595 1243 639 detineam,
1274 594 1517 643 perlaturus
1546 599 1690 631 tamen
1717 607 1788 631 eas

225 649 337 686 bona
358 649 439 686 fide
461 662 557 686 cum
579 651 764 698 primum
786 661 851 686 1110
878 649 973 686 111110
995 650 1218 686 extricare.
1272 649 1325 685 Et
1349 650 1380 685 si
1403 649 1504 697 quid
1533 649 1649 685 aliud
1674 649 1790 686 voles

224 704 328 740 mihi
350 704 566 748 mandare,
590 704 630 740 id
652 716 726 753 per
747 704 883 740 otium
905 703 1041 740 facere
1062 703 1219 740 licebit.

278 758 493 795 Ambrosii
527 758 750 795 Sermones
784 762 934 794 contra
968 757 1172 794 Arrianos
1208 770 1303 794 cum
1340 757 1422 794 illic
1453 770 1588 794 essem
1621 757 1789 795 tradere

225 812 304 849 tibi
333 825 426 849 sum
455 812 626 857 oblitus,
655 825 725 849 003
754 816 900 849 tamen
927 824 1040 848 nunc
1069 813 1208 849 mitto.
1261 812 1496 861 Descripsit
1523 824 1594 849 eos
1615 812 1788 860 quidam

164 880 206 901 20
226 879 345 903 meus
372 868 643 904 amanuensis
666 868 707 903 in
730 866 870 911 Italia,
892 870 935 903 et
956 866 1192 915 descriptos
1220 866 1383 903 contuli
1408 879 1503 903 eum
1530 866 1788 915 Archetypo,

224 921 339 970 quod
364 925 407 958 et
429 922 567 970 ipsum
588 934 638 958 ea
663 921 748 957 fere
778 920 931 957 menda
960 920 1089 957 habet
1117 933 1225 969 quae
1254 921 1319 957 1110
1347 925 1389 958 te
1421 920 1651 958 offendent.
1703 920 1789 957 Nec

224 975 340 1012 volui
357 976 527 1024 quidem
545 976 772 1024 quiequam
791 979 971 1019 mutare,
990 987 1073 1023 quo
1096 975 1173 1011 tibi
1195 988 1287 1012 eam
1312 976 1642 1023 recognitionem
1666 975 1789 1012 casti-

223 1031 523 1078 gationemque
561 1031 609 1076 (si
643 1031 753 1067 forte
788 1042 873 1066 non
907 1028 1218 1077 dedignaberis)
1251 1029 1546 1078 relinquerem.
1597 1029 1790 1067 Zanchus

225 1083 475 1129 Canonieus,
498 1085 570 1133 qui
592 1083 844 1133 opusculum
867 1083 944 1120 hoc
970 1085 1316 1128 communicauit,
1341 1096 1391 1120 ex
1417 1084 1598 1121 Patauio
1621 1083 1789 1121 Rauen-

163 1151 203 1181 25
224 1151 320 1175 nam
359 1139 570 1187 migrauit.
621 1137 822 1187 Cypriani
856 1150 957 1175 vero
994 1138 1096 1181 vita,
1128 1150 1256 1187 quam
1288 1138 1356 1175 ille
1386 1138 1515 1183 dedit,
1547 1138 1695 1175 eadem
1726 1142 1792 1175 est

223 1205 317 1229 cum
349 1205 399 1230 ea
428 1205 555 1241 quam
598 1197 645 1229 tu
684 1193 767 1229 iam
798 1192 960 1242 pridem
996 1192 1208 1229 Frobenio
1242 1193 1578 1238 communicasti,
1615 1192 1791 1242 proinde

223 1247 327 1284 nihil
349 1259 454 1296 opus
475 1260 564 1284 esse
585 1246 743 1283 credidi
764 1247 819 1284 ad
841 1250 883 1283 te
904 1259 997 1283 eam
1018 1247 1202 1284 mittere.

278 1301 375 1339 Non
403 1302 571 1350 ignoras
598 1313 737 1350 porro,
768 1301 945 1338 Erasme
972 1300 1229 1346 doctissime,
1258 1301 1462 1350 quiequid
1490 1301 1698 1339 hactenus
1724 1301 1790 1339 vel

224 1355 363 1393 famae
386 1356 426 1392 in
448 1355 583 1393 literis
606 1355 746 1400 habui,
769 1355 836 1392 vel
858 1356 987 1392 etiam
1010 1355 1211 1404 quicquid
1234 1357 1275 1392 in
1298 1356 1399 1405 ipsis
1422 1355 1593 1405 profeci,
1617 1357 1702 1393 tuis
1725 1368 1791 1393 me

164 1423 205 1452 30
224 1410 668 1447 commendationibus
689 1410 1149 1458 exhortationibusque
1172 1416 1395 1459 acceptum
1415 1410 1576 1447 tulisse.
1628 1409 1790 1456 Quibus

224 1469 337 1502 certe
359 1465 543 1501 maxime
564 1465 789 1509 excitatus
817 1477 945 1501 ausus
975 1477 1067 1501 sum
1089 1477 1138 1501 eo
1160 1464 1333 1502 tandem
1357 1465 1625 1509 contendere,
1648 1469 1695 1502 vt
1717 1464 1789 1502 ali-

224 1518 337 1568 quod
361 1519 599 1556 studiorum
619 1531 810 1555 meorum
828 1519 1040 1568 specimen
1062 1519 1104 1555 in
1122 1518 1275 1568 vulgus
1296 1519 1475 1556 ederem.
1523 1519 1662 1556 Tuum
1680 1532 1791 1556 nunc

223 1578 288 1610 est
317 1586 413 1610 eum
445 1586 571 1622 quem
604 1573 810 1610 hactenus
840 1573 987 1610 fouisti
1019 1586 1105 1610 non
1136 1573 1339 1618 deserere,
1372 1573 1444 1610 sed
1476 1574 1684 1611 sustinere
1715 1578 1791 1611 tuo

223 1627 383 1672 fauore,
411 1640 462 1664 ne
487 1639 538 1664 ex
568 1627 645 1664 1100
672 1627 843 1664 theatro
869 1627 982 1676 quod
1011 1628 1259 1677 ingreditur,
1289 1640 1388 1664 mox
1417 1628 1694 1677 ignominiose
1721 1641 1789 1665 ex-

163 1692 204 1723 35
224 1681 438 1730 plodatur.
489 1682 585 1719 Non
607 1686 707 1731 peto
729 1685 778 1718 vt
800 1694 866 1718 me
888 1682 1010 1719 nouis
1032 1681 1474 1719 commendationibus
1496 1694 1631 1727 ornes,
1655 1682 1727 1720 sed
1748 1684 1791 1719 in

224 1737 355 1773 veteri
378 1741 453 1774 tuo
475 1736 525 1773 de
548 1749 614 1773 me
636 1736 790 1773 iudicio
812 1736 1026 1774 studiosos
1048 1749 1122 1786 per
1139 1737 1401 1774 occasionem
1424 1737 1618 1774 retineas.
1669 1736 1791 1782 Quod

223 1794 266 1827 et
288 1790 485 1827 Frobenii
506 1791 697 1835 interest,
715 1803 766 1828 ne
784 1790 886 1839 quid
907 1803 958 1827 ex
981 1792 1084 1828 meis
1102 1791 1419 1828 commentariis
1441 1790 1651 1840 dispendii
1667 1791 1789 1829 ferat.

224 1843 338 1882 Vale.

278 1898 468 1936 Basileae
492 1900 529 1936 v.
552 1899 797 1936 Decembris
821 1909 936 1947 1533.

556 2029 684 2067 2886.
750 2026 817 2066 To
849 2026 1008 2066 JAMES
1042 2039 1069 2066 v
1104 2038 1162 2066 OF
1195 2025 1457 2067 SCOTLAND.

274 2114 522 2159 Caprington
542 2115 675 2159 Royal
696 2116 835 2149 Letter
854 2115 982 2155 Book,
1003 2115 1029 2148 f.
1053 2118 1098 2149 26
1110 2116 1148 2150 b.
1443 2117 1649 2160 Freiburg.

1353 2166 1374 2198 8
1394 2165 1614 2199 December
1636 2175 1740 2208 1533.

268 2246 359 2283 [The
380 2255 439 2276 MS.
461 2247 490 2277 is
510 2257 531 2277 a
550 2251 833 2288 contemporary
852 2258 957 2288 copy.
1006 2248 1050 2278 In
1071 2248 1134 2278 the
1156 2247 1379 2278 letter-book
1403 2249 1431 2278 it
1451 2249 1480 2278 13
1503 2248 1680 2288 preceded
1703 2249 1753 2289 by
1769 2259 1791 2279 a

223 2288 333 2321 letter
349 2291 386 2320 of
404 2290 504 2330 King
521 2291 730 2321 Ferdinand
747 2295 785 2322 to
802 2292 927 2321 James
944 2300 978 2327 v,
997 2292 1253 2331 commending
1269 2291 1480 2322 CochlaeuS.
1521 2292 1557 2322 It
1574 2293 1603 2322 is
1624 2291 1789 2322 followed

223 2333 273 2372 by
286 2333 422 2364 James’
440 2344 615 2364 answers:
642 2338 681 2364 to
699 2335 875 2365 Erasmus
893 2335 975 2375 (Ep.
996 2337 1114 2372 295o);
1141 2339 1180 2365 to
1197 2335 1419 2370 Fcrdinand;
1445 2335 1518 2365 and
1536 2339 1574 2365 to
1591 2335 1790 2366 Cochlaeus

223 2376 369 2406 himself
386 2377 464 2413 (the
481 2377 609 2407 letters
630 2378 664 2407 in
689 2378 772 2408 that
792 2379 924 2413 order).
971 2379 1108 2409 ‹James’
1136 2379 1238 2408 three
1263 2389 1423 2409 answers
1446 2389 1507 2409 are
1531 2378 1727 2418 preserved
1753 2380 1788 2409 in

222 2421 380 2451 another
402 2430 497 2460 copy
521 2421 557 2451 in
580 2421 644 2451 the
668 2421 807 2451 British
833 2421 999 2452 Museum
1026 2422 1096 2452 Ms.
1124 2422 1242 2461 Royal
1266 2422 1315 2452 18.
1340 2422 1380 2452 B.
1399 2422 1448 2456 vi.
1470 2422 1495 2452 f.
1515 2431 1554 2461 27
1573 2424 1626 2452 v0.
1651 2423 1701 2458 (in
1725 2423 1789 2452 the

223 2463 340 2498 order,
360 2463 581 2499 Ferdinand,
600 2464 787 2497 Erasmus,
806 2465 1032 2501 Cochlaeus).
1071 2465 1113 2495 In
1133 2466 1188 2495 1113
1205 2465 1315 2495 letter
1328 2469 1367 2495 to
1384 2465 1594 2499 Cochlaeus,
1608 2465 1671 2495 the
1689 2465 1789 2506 King

222 2507 361 2537 thanks
378 2507 452 2536 him
470 2507 526 2537 for
544 2508 598 2537 his
615 2510 622 2520 ‘
636 2507 778 2538 libellus
792 2509 827 2538 in
843 2508 952 2538 Alesii
970 2509 1159 2538 cuiusdam
1175 2508 1271 2539 Sooti
1285 2510 1504 2539 assertiones
1517 2509 1639 2539 editus
1652 2509 1671 2538 ‘.
1712 2509 1788 2539 The

223 2550 362 2581 libellus
385 2560 459 2581 was
483 2561 505 2580 a
528 2550 638 2581 letter
661 2551 857 2581 addressed
882 2556 921 2582 to
945 2551 1082 2587 James,
1107 2552 1197 2582 with
1222 2552 1286 2582 the
1311 2552 1392 2582 title
1417 2553 1476 2582 An
1498 2552 1660 2591 expediat
1685 2552 1790 2583 laicis

223 2593 327 2632 leqere
353 2594 442 2624 noui
467 2593 682 2625 Testamenti
711 2595 817 2625 libros
844 2595 969 2634 linqua
993 2595 1181 2626 vernacula
1204 2595 1403 2635 disputatio
1427 2596 1519 2626 inter
1541 2596 1788 2626 Alexandrum

223 2636 411 2668 Halesz'um
432 2636 575 2668 Scotum
597 2642 626 2667 et
653 2638 847 2669 Iohannem
868 2638 1078 2669 Cochlaeum
1101 2638 1326 2669 Germanum.
1376 2639 1411 2669 lt
1433 2639 1621 2669 answered
1641 2649 1662 2669 a
1679 2639 1789 2669 letter

222 2680 418 2710 addressed
438 2685 477 2710 to
494 2682 557 2711 the
570 2681 668 2720 King
682 2682 730 2720 by
742 2681 950 2712 Alexander
963 2682 1107 2713 Alesius
1120 2684 1328 2720 (1500—1565
1340 2694 1346 2718 ;
1372 2682 1426 2712 for
1439 2683 1559 2712 whom
1572 2692 1630 2712 see
1645 2683 1707 2712 DN
1716 2683 1786 2719 B.)‚

222 2723 296 2754 and
314 2723 462 2764 printed
479 2724 515 2754 in
535 2725 719 2764 Germany
736 2726 773 2754 in
796 2735 890 2764 1533,
912 2725 1142 2766 ehallenging
1165 2726 1226 2756 the
1249 2726 1346 2765 right
1366 2726 1404 2756 of
1425 2726 1489 2756 the
1510 2725 1613 2756 Scots
1636 2726 1787 2766 bishops

223 2771 261 2798 to
278 2768 441 2807 prohibit
458 2767 521 2798 the
537 2768 751 2798 circulation
768 2769 805 2798 of
822 2770 884 2799 the
899 2769 986 2799 New
1001 2769 1217 2800 Testament
1229 2769 1267 2799 in
1281 2770 1344 2800 the
1357 2769 1583 2799 vernacular.
1624 2769 1669 2799 In
1682 2769 1785 2809 reply

222 2918 251 2948 E
267 2876 362 2906 2885.
375 2877 439 2950 618.
468 2876 651 2907 Ambrosii
670 2876 875 2914 Sermones]
895 2877 959 2908 See
1073 2886 1124 2916 23.
1151 2877 1332 2915 Zanchus]
1352 2877 1417 2908 See
1434 2877 1503 2917 Ep.
1523 2878 1618 2907 2682.
1638 2879 1718 2917 6411.

256 2930 291 2959 p.
312 2928 369 2958 271
401 2944 406 2948 .
429 2929 525 2959 134n.
