1966 3379
239 97 317 134 342
669 97 928 135 LETTERS
959 97 1029 136 OF
1060 98 1328 137 ERASMUS
1689 103 1811 150 [1533

238 205 421 251 oportet,
454 201 568 250 quod
600 207 743 251 spreta
770 206 845 239 tua
873 203 1132 240 auctoritate
1160 203 1292 240 faciat
1317 203 1359 241 id
1387 204 1502 253 quod
1534 204 1704 242 libitum
1732 210 1809 251 est,

177 270 218 299 50
236 268 370 305 eoque
410 256 574 293 feratur
609 269 693 293 non
734 270 818 305 quo
854 257 1069 302 iudicium,
1106 257 1179 294 sed
1212 270 1297 306 quo
1332 258 1519 296 stultitia
1553 264 1597 296 et
1631 259 1810 298 affectus

236 310 466 347 inordinati
498 312 682 360 rapiunt.
735 312 835 361 Agit
865 312 1006 349 adhuc
1037 313 1150 361 apud
1181 325 1258 357 me,
1289 313 1361 349 scd
1391 313 1563 362 perinde
1592 314 1810 363 neglectus

235 377 283 401 ac
319 365 352 401 si
388 378 439 401 ex
478 378 542 401 me
579 371 813 414 prognatus
845 379 929 403 non
965 371 1087 403 esset.
1140 366 1249 403 Nam
1287 367 1479 404 obliuisci
1515 380 1599 405 non
1635 381 1808 417 possum

236 423 406 468 peracte
438 421 552 456 vitae
588 420 772 466 fabulae,
809 434 937 469 quani
971 422 1064 457 istic
1096 426 1184 458 tam
1218 422 1439 459 inamoene
1471 421 1572 459 lusit
1603 422 1809 472 choragus

235 473 444 512 indoctus,
495 474 560 511 Ad
583 474 775 512 futuram
798 480 1007 512 aestatem
1030 475 1146 512 aliud
1169 480 1399 521 statuetur,
1418 476 1530 525 quod
1550 476 1609 513 illi
1627 477 1809 515 fortasse

173 542 213 571 55
234 541 318 565 non
341 529 402 565 ita
422 534 595 577 gratum
620 529 707 567 fore
734 531 830 567 scio.
883 530 947 566 Ex
975 531 1152 575 ratione,
1178 542 1307 579 quam
1335 531 1437 567 mihi
1464 531 1656 576 tradidit,
1686 532 1807 569 intel-

234 582 315 631 ligo
346 587 466 620 tuam
497 583 749 633 dignitatem
783 598 858 634 pro
883 589 1059 634 sumptu
1088 585 1142 621 ab
1170 597 1219 622 eo
1247 585 1363 622 facto
1393 598 1630 623 reseruasse
1661 587 1809 623 xxxiiii

233 637 426 674 florenos.
479 636 520 675 Si
558 638 632 675 hec
666 639 880 676 summula
916 652 1000 676 non
1037 639 1263 684 suffecerit,
1306 640 1501 677 lubenter
1536 645 1579 677 et
1617 640 1808 678 hilariter

231 691 427 729 adiiciam
450 697 661 741 quantum
684 693 812 731 voles.

286 747 475 796 Agrippa
509 748 749 797 apologiam
783 761 903 785 suam
936 749 977 785 in
1012 748 1324 798 theologastros
1360 749 1567 798 quosdam
1603 750 1807 799 scriptam

169 808 213 837 60
233 813 318 838 vna
340 814 434 838 cum
458 802 592 839 literis
612 803 666 840 ad
696 815 761 839 me
790 803 907 840 dedit
939 803 1048 840 istuc
1076 805 1295 841 occasione
1324 804 1471 841 oblata
1499 804 1805 853 perferendam.

230 855 385 905 Accepi
413 857 544 894 etiam
580 858 726 906 paucis
761 858 815 894 ab
852 857 948 894 hinc
984 858 1134 895 diebus
1173 858 1280 896 duos
1321 858 1543 896 literarum
1582 858 1807 896 fasciculos

230 910 489 960 Antwerpia,
512 924 619 960 quos
642 924 753 949 nunc
774 913 904 949 etiam
928 913 1068 950 mitto.
1119 912 1160 949 Si
1190 913 1292 961 quid
1321 913 1387 950 hic
1415 913 1531 962 apud
1560 926 1636 951 nos
1666 913 1732 951 vel
1763 915 1806 951 in

231 965 466 1003 Brabantia
488 966 554 1003 vel
578 967 617 1003 in
641 966 800 1004 ducatu
825 966 1050 1004 ululiacensi
1069 967 1135 1004 vel
1154 967 1336 1005 Cliuensi
1354 972 1430 1005 aut
1447 967 1548 1005 alibi
1567 968 1805 1006 curandum

230 1019 374 1065 habes,
406 1020 472 1057 fac
504 1021 581 1058 hoc
613 1023 755 1066 sciam,
788 1025 831 1058 ct
861 1034 943 1066 ero,
977 1027 1025 1059 vt
1057 1022 1264 1059 hactenus
1295 1035 1460 1072 semper
1490 1023 1564 1068 fui,
1597 1023 1804 1060 offitiosis-

167 1081 208 1118 65
229 1075 359 1111 simus
380 1079 423 1112 et
445 1076 743 1125 paratissimus
764 1076 817 1113 ad
841 1077 1002 1125 queuis.

284 1129 396 1167 Bene
415 1130 509 1167 vale
526 1143 577 1167 ex
595 1130 770 1168 Colonia
786 1130 1021 1181 Agrippina
1043 1131 1167 1168 Anno
1190 1132 1360 1169 Domini
1382 1143 1630 1169 M.D.xxxln
1652 1133 1803 1182 postri-

227 1183 294 1221 die
316 1184 473 1222 natalis
496 1185 679 1222 Domini.

799 1240 888 1277 Tue
909 1241 1133 1290 dignitatis
1154 1242 1415 1291 mancipium
1438 1241 1749 1279 deditissimum

987 1295 1263 1333 Tielmannus
1284 1309 1309 1333 a
1331 1296 1473 1334 Fossa.

166 1378 208 1409 70
283 1364 436 1414 Magno
457 1369 501 1402 et
521 1377 738 1403 sacrarum
761 1370 805 1403 et
827 1366 1111 1404 humanarum
1130 1367 1351 1404 literarum
1368 1368 1566 1413 antistiti,
1586 1367 1805 1405 Desiderio

227 1418 408 1457 Erasmo
430 1419 735 1466 Roterodamo,
759 1420 808 1458 D.
832 1426 876 1459 et
897 1425 1082 1471 patrono
1104 1434 1270 1472 semper
1292 1422 1572 1460 obseruando.

558 1622 688 1661 2895.
754 1619 893 1660 FROM
928 1618 1152 1660 STEPHEN
1186 1620 1468 1661 PRATENSIS.

275 1707 436 1752 Leipzig
454 1708 537 1742 MS.
1462 1712 1685 1755 Besancon.

274 1757 359 1791 ΕΕ.
384 1768 464 1799 199.
1395 1773 1415 1805 4
1435 1760 1623 1805 January
1646 1770 1751 1805 1534.

269 1840 343 1878 [An
370 1841 524 1881 original
552 1841 673 1879 letter,
701 1843 912 1883 autograph
941 1844 1184 1884 throughout.
1233 1844 1304 1875 For
1333 1844 1497 1884 Stephen
1526 1844 1714 1875 Pratensis
1743 1854 1802 1874 see

224 1883 294 1924 Ep.
313 1893 398 1925 2140
415 1885 567 1924 introd]

279 1958 317 1997 S.
336 1960 380 1998 P.
440 1961 774 2000 Absolutissima
794 1963 970 2012 pietate,
994 1965 1286 2014 receptissima
1308 1963 1586 2010 authoritate,
1605 1977 1799 2002 consum—

225 2014 465 2052 matissima
505 2017 716 2066 sapientia
755 2018 1030 2063 rarissimum,
1067 2019 1488 2068 praestantissimum
1530 2032 1711 2057 numen:
1758 2018 1800 2057 Si

223 2081 425 2118 empyreo
446 2070 562 2108 coelo
584 2072 736 2109 missae
759 2074 975 2110 venissent
997 2073 1106 2111 duae
1134 2075 1391 2123 posteriores
1416 2073 1622 2123 epistolae
1651 2074 1706 2111 ad
1733 2087 1800 2112 me

224 2127 324 2161 tuae
360 2124 624 2163 humanitati
656 2126 1011 2173 addictissimum,
1043 2141 1129 2165 non
1161 2129 1403 2178 potuissent
1434 2141 1571 2177 neque
1602 2133 1798 2178 expecta-

186 2190 204 2219 5
225 2178 354 2215 tiores
375 2191 511 2228 neque
531 2181 738 2229 gratiores
763 2182 1013 2227 exosculari,
1036 2183 1277 2221 destinatae
1305 2183 1488 2220 candido
1518 2184 1663 2220 iuueni
1694 2183 1799 2220 nihil

223 2232 276 2269 de
311 2245 354 2270 se
387 2234 597 2271 mediocre
636 2237 922 2285 promittenti,
959 2236 1166 2282 Gilberto,
1204 2238 1486 2287 vndecunque
1521 2238 1685 2275 famulo
1720 2238 1798 2276 tibi

223 2287 483 2334 charissimo,
506 2289 741 2327 multorum
770 2291 1079 2329 charismatum
1107 2292 1228 2330 donis
1257 2293 1492 2342 perspicuo,
1522 2294 1641 2330 cuius
1671 2292 1797 2330 fidem

222 2341 418 2391 plurimis
450 2346 713 2393 argumentis
744 2345 875 2383 habes
906 2348 1305 2397 perspectissimam.
1365 2346 1554 2393 Quarum
1586 2347 1797 2397 prioribus

222 2409 307 2433 non
329 2398 538 2446 respondi,
564 2399 725 2437 habens
751 2401 935 2438 eundem
963 2400 1203 2439 Gilbertum
1225 2403 1371 2439 viuam
1393 2401 1618 2451 epistolam
1641 2401 1798 2439 diuinis

164 2463 204 2484 10
223 2451 396 2488 auribus
418 2453 504 2489 tuis
527 2453 711 2502 dignam,
736 2459 779 2492 et
805 2455 937 2504 (quod
968 2457 1237 2505 potissimum
1263 2456 1362 2504 fuit)
1394 2456 1620 2493 infantiam
1653 2457 1795 2493 rescri-

224 2505 352 2543 bendi
379 2506 570 2556 adprime
595 2508 881 2557 vulg[u]arem
910 2514 954 2548 et
984 2523 1181 2560 prorsum
1212 2510 1419 2548 luxatam.
1481 2510 1597 2556 Quae
1629 2512 1663 2548 si
1693 2512 1796 2548 meis

222 2561 335 2597 votis
370 2562 604 2606 metiretur,
642 2563 767 2612 plane
803 2565 992 2602 vinceret
1027 2565 1280 2603 Nestoream
1321 2565 1488 2603 dicendi
1527 2565 1793 2603 facultatem.

222 2613 359 2660 Quam
381 2622 667 2654 monstrosam
695 2618 932 2656 balbutiem
954 2620 1058 2657 vicit
1079 2621 1122 2656 in
1144 2620 1359 2669 presentia
1380 2632 1499 2657 meus
1520 2620 1563 2657 in
1586 2624 1628 2657 te
1649 2620 1796 2669 ingens

221 2670 389 2707 animus
410 2683 540 2719 agens
561 2684 627 2709 me
649 2685 767 2710 reum
791 2674 1017 2723 insignitae
1039 2674 1359 2724 ingratitudinis
1374 2674 1477 2719 fore,
1496 2675 1531 2711 si
1551 2675 1793 2724 posteriori-

163 2735 201 2764 15
222 2723 300 2761 bus
317 2724 585 2768 subticerem.
632 2726 708 2764 Cui
725 2728 913 2778 impense
931 2730 1116 2778 optarim
1134 2729 1281 2766 liceret
1298 2729 1443 2778 aliquo
1459 2741 1545 2766 non
1562 2728 1795 2778 vulg[u]ari

264 2856 362 2887 2895.
389 2866 418 2896 3.
445 2857 540 2888 duae
570 2881 577 2887 .
606 2881 612 2887 .
641 2882 647 2888 .
677 2859 870 2899 epistolae]
897 2860 973 2890 Not
1041 2860 1080 2891 of
1099 2860 1297 2901 Cognatus'
1319 2864 1393 2890 two
1412 2861 1519 2891 visits
1541 2864 1580 2891 to
1601 2860 1794 2901 Besanqon

219 2904 364 2931 extant.
412 2901 449 2931 It
461 2901 581 2931 would
592 2911 689 2931 seem
702 2903 785 2933 that
798 2903 973 2934 Erasmus
1021 2911 1025 2915 '
1041 2905 1078 2934 in
1096 2905 1159 2935 the
1177 2909 1335 2935 autumn
1353 2904 1390 2934 of
1410 2913 1504 2943 1533.

219 2948 334 2975 wrote
359 2948 399 2976 to
423 2944 612 2976 Pratensis
639 2956 686 2976 on
715 2947 778 2977 the
804 2948 971 2978 occasion
