1966 3379
215 411 256 441 30

215 684 253 714 35

213 960 254 989 40

212 1233 253 1263 45

213 1505 252 1534 50

213 1777 252 1806 55

210 2048 252 2076 60

211 2319 251 2357 65

278 135 352 171 170
701 134 956 172 LETTERS
988 133 1057 171 OF
1090 133 1353 172 ERASMUS
1712 135 1834 182 [1533

275 239 483 287 ignoranti
501 245 515 275 ἱ)
578 238 655 276 Vix
681 239 815 275 ausim
842 238 1008 282 addere,
1031 238 1144 286 quod
1171 243 1315 275 tamen
1340 237 1525 274 arbitror
1548 249 1637 274 esse
1659 249 1830 273 verum:

274 293 582 329 excellentioris
623 293 841 329 cuiusdam
883 292 1173 341 philosophiae
1213 297 1289 336 est,
1327 293 1367 328 in
1408 292 1546 328 medio
1585 291 1831 327 diuitiarum

275 347 433 384 affluxu
458 349 783 396 temperantiam
806 347 997 384 obtinere
1014 359 1141 395 quam
1160 352 1457 395 paupertatem
1475 358 1674 406 generoso
1691 346 1833 382 animo

275 401 313 438 11
319 414 404 438 111
439 403 562 438 811011
592 402 826 445 Platonem,
853 402 924 450 qui
955 401 1103 437 Siculis
1133 401 1321 437 assidens
1352 401 1517 443 mensis,
1549 400 1588 436 fe
1581 413 1634 436 Ἢ(
1666 404 1833 449 praeter

277 456 487 498 1000101110
510 456 611 492 nihil
635 456 888 504 attingebat,
909 456 1084 502 I)io‹reni
1102 468 1163 504 1111
1153 455 1242 492 11010
1235 468 1304 499 )1·0,
1323 456 1393 503 qui
1416 456 1447 491 si
1471 454 1572 491 nihil
1589 455 1832 501 contigisset

275 510 444 553 lautius
470 515 637 559 poterat
659 511 799 547 crudis
822 510 1034 547 holeribus
1056 509 1222 558 placare
1245 509 1473 546 latrantem
1497 509 1775 545 stomachum

328 566 450 613 Sapit
455 570 549 601 nter
571 566 714 613 itaque
736 565 850 608 facis,
875 566 937 601 vir
958 565 1100 601 animo
1122 577 1215 601 meo
1237 564 1490 607 charissime,
1508 563 1620 612 quod
1643 563 1831 599 animum

274 619 325 655 ad
350 619 493 655 literas
514 633 561 656 ae
585 619 894 669 philosophiam
917 618 1116 668 applicas,
1140 631 1247 667 quae
1270 618 1346 655 hoc
1368 621 1570 667 praestat,
1594 622 1641 654 vt
1662 622 1705 654 et
1726 617 1830 654 diui-

276 674 343 710 tiis
365 686 495 722 quum
519 674 677 711 adsunt
699 678 809 710 recte
832 674 964 710 vtaris
989 677 1044 717 ct,
1067 674 1100 709 si
1122 685 1206 721 quo
1234 685 1331 709 casu
1361 673 1583 721 contingat
1610 673 1725 720 eripi,
1749 684 1831 708 non

273 727 547 771 discrucieris,
564 729 761 765 nimirum
780 728 908 765 saluis
926 728 973 764 iis
992 727 1111 764 bonis
1128 740 1235 775 quae
1254 727 1317 764 vel
1336 727 1425 763 sola
1442 727 1613 763 beatum
1632 726 1829 763 reddunt.

276 782 399 819 Vides
420 783 530 819 0111111
549 795 676 831 quam
695 784 749 819 sit
765 782 995 819 absurdum
1016 782 1169 818 habere
1186 781 1358 818 domum
1376 781 1518 825 auleis,
1538 780 1830 825 marmoribus,

275 836 444 878 tabulis,
477 850 592 881 auro,
622 838 797 886 gemmis
828 850 875 874 ac
908 837 1034 873 variis
1065 837 1326 873 ornamentis
1356 835 1542 883 vndique
1573 835 1830 879 decoratam,

275 896 421 939 peetus
441 897 585 928 autem
611 892 764 929 habere
787 891 911 928 nullis
928 890 1170 939 disciplinis,
1190 890 1315 927 nullis
1333 890 1579 933 virtutibus,
1598 889 1829 926 excultum.

276 945 405 982 Porro
421 950 468 982 vt
490 947 575 995 ipse
591 946 669 983 tibi
683 959 766 983 non
785 946 939 982 videris
956 945 1074 982 diues
1090 949 1361 982 externorum
1377 945 1584 981 bonorum
1603 944 1734 993 eopia,
1753 944 1831 980 nisi

274 1001 380 1036 veris
397 1000 517 1037 bonis
534 1001 715 1038 ditescat
729 1001 907 1044 animus,
927 1001 986 1037 ita
1004 1012 1087 1036 non
1104 999 1258 1036 videris
1273 999 1351 1036 tibi
1366 999 1518 1035 liberos
1534 998 1756 1035 habiturus
1771 998 1829 1034 di-

274 1055 394 1096 uites,
419 1055 496 1091 nisi
519 1056 559 1092 in
577 1055 797 1092 meliorum
816 1055 1126 1104 possessionum
1150 1053 1457 1090 haereditatem
1481 1053 1559 1090 tibi
1581 1052 1829 1089 succedant:

273 1122 404 1157 eoque
436 1110 571 1158 prima
607 1122 801 1146 curarum
836 1110 1024 1146 omnium
1055 1122 1104 1145 ea
1135 1108 1211 1145 tibi
1242 1113 1318 1152 est,
1354 1112 1401 1144 vt
1436 1120 1460 1144 a
1493 1108 1648 1144 teneris
1684 1107 1830 1143 statim

273 1164 395 1200 annis
415 1163 720 1201 honestissimis
738 1163 981 1212 disciplinis,
1001 1163 1073 1200 sed
1097 1163 1318 1212 praecipue
1340 1163 1510 1211 pietatis
1534 1162 1828 1198 instituantur.

332 1218 419 1255 Hoc
449 1218 778 1268 pulcherrimum
806 1217 1047 1267 exemplum
1077 1217 1188 1266 quod
1220 1222 1267 1254 tu
1295 1222 1337 1253 et
1366 1217 1577 1253 Antonius
1603 1216 1830 1265 Fuggerus,

274 1273 433 1320 insigne
456 1286 530 1322 par
553 1273 785 1316 hominum,
804 1274 844 1309 in
863 1274 987 1309 istam
1006 1272 1225 1308 ciuitatem
1245 1271 1484 1315 induxistis,
1504 1271 1666 1308 vtinam
1685 1283 1829 1319 quam-

273 1327 442 1376 plurimi
474 1328 718 1364 imitentur:
760 1328 816 1364 sie
852 1328 963 1364 enim
1000 1327 1118 1363 tieret
1153 1330 1213 1370 vt,
1251 1338 1359 1374 quae
1390 1338 1501 1362 nunc
1533 1324 1679 1361 multis
1710 1337 1829 1361 orna-

273 1382 426 1418 mentis
467 1382 618 1419 merito
654 1382 847 1431 Augusta
884 1381 1196 1418 Vindelicorum
1237 1380 1404 1423 dieitur,
1440 1381 1572 1428 magis
1611 1392 1659 1416 ae
1701 1380 1831 1427 magis

271 1436 514 1484 φερώνυμος,
538 1436 614 1473 1100
636 1441 712 1481 est,
736 1449 812 1473 suo
833 1436 993 1473 nomini
1016 1434 1277 1484 respondere,
1301 1434 1528 1478 videretur,
1552 1438 1702 1483 vtpote
1726 1435 1833 1470 veris

273 1490 393 1527 bonis
433 1491 698 1540 splendorem
734 1504 782 1528 ae
822 1492 1090 1528 maiestatem
1132 1489 1210 1526 sibi
1250 1489 1480 1525 vindicans.
1541 1489 1649 1533 Quin
1690 1489 1832 1537 potius

272 1547 436 1582 vtinam
460 1545 613 1594 singuli
634 1549 842 1595 parentes,
865 1545 1020 1594 quibus
1041 1548 1275 1593 suppetunt¹
1296 1543 1537 1587 facultates,
1561 1542 1713 1579 liberos
1735 1555 1832 1579 suos

272 1613 296 1637 a
317 1601 462 1649 primis
485 1601 631 1637 statim
659 1601 781 1637 annis
806 1604 1004 1637 curarent
1029 1598 1261 1647 disciplinis
1286 1597 1529 1634 liberalibus
1553 1597 1829 1634 erudiendos:

272 1654 438 1703 quibus,
462 1667 512 1691 ne
535 1654 576 1691 id
597 1655 769 1699 faciant,
793 1654 939 1691 obstat
961 1654 1019 1690 rei
1044 1653 1263 1690 familiaris
1288 1653 1497 1701 angustia,
1521 1656 1716 1701 cogerent
1740 1651 1831 1687 illos

272 1713 407 1746 artem
433 1709 621 1758 aliquam
650 1709 934 1746 sedentariam
964 1708 1208 1757 perdiscere.
1270 1706 1387 1743 Idem
1418 1719 1565 1743 censeo
1591 1705 1829 1742 faciendum

273 1764 321 1799 iis
336 1763 490 1812 quibus
502 1776 584 1801 non
599 1768 687 1801 tam
701 1763 930 1800 facultates
946 1763 1100 1799 desunt
1112 1774 1238 1810 quam
1252 1761 1393 1798 liberis
1406 1766 1614 1809 repugnat
1627 1760 1828 1797 Minerua.

273 1817 321 1855 Id
344 1819 377 1854 si
399 1817 528 1862 fieret,
551 1818 742 1867 profecto
764 1818 884 1867 longe
907 1818 1046 1854 minus
1068 1828 1278 1857 erronum,
1301 1816 1550 1859 ociosorum,
1570 1815 1830 1864 praedonum

270 1885 318 1909 110
340 1876 599 1921 spontaneoi
605 1885 672 1910 um
695 1872 879 1910 militum
902 1872 1079 1909 haberet
1099 1876 1244 1908 nostia
1261 1870 1498 1907 Germania.
1545 1869 1666 1906 Nunc
1685 1882 1829 1918 paren-

271 1931 363 1963 tum
401 1927 561 1964 incuria
601 1927 789 1976 ple1ique
828 1927 1083 1976 perueniunt
1114 1925 1168 1962 ad
1203 1937 1335 1962 annos
1375 1925 1538 1973 viginti,
1576 1928 1621 1960 vt
1662 1936 1832 1984 prorsus

272 1980 556 2031 ἀναλφάβητοι,
580 1983 639 2018 1111
662 1981 779 2018 nullo
807 1980 985 2018 artificio
1013 1980 1216 2017 aduersus
1244 1980 1381 2015 ocium
1411 1980 1614 2015 viciorum
1644 1979 1829 2014 omnium

271 2036 446 2080 fontem,
465 2040 508 2073 et
529 2040 761 2085 egestatem
783 2036 1061 2085 plurimorum
1085 2034 1292 2071 malorum
1315 2034 1573 2082 magistram,
1593 2033 1802 2069 instructi.

325 2067 576 2127 CaeterumO
572 2103 647 2140 pro
668 2095 815 2127 nostra
836 2094 987 2127 mutua
1010 2088 1317 2131 beueuolentia,
1335 2088 1583 2137 praesertim
1607 2087 1832 2124 Vdalrieho

272 2145 392 2181 Zasio
408 2150 660 2189 currentem,
675 2149 723 2182 vt
737 2146 870 2189 aiunt,
887 2145 1115 2193 instigante
1132 2143 1381 2192 iampridem
1397 2142 1655 2179 destinaram
1671 2141 1830 2189 aliquid

270 2212 291 2236 e
313 2199 463 2236 studiis
485 2201 587 2237 meis
608 2199 662 2236 ad
685 2204 727 2236 te
749 2200 930 2239 mittere,
954 2198 1068 2247 quod
1089 2202 1213 2235 tuum
1236 2197 1499 2246 propositum
1520 2208 1603 2233 non
1625 2196 1831 2232 excitaret

272 2254 409 2298 modo,
425 2254 497 2291 sed
512 2253 703 2291 nonnihil
718 2255 847 2291 etiam
861 2253 1098 2291 adiuuaret.
1144 2252 1299 2289 Verum
1315 2251 1519 2288 hactenus
1533 2250 1636 2287 nihil
1651 2251 1833 2287 occurrit

272 2308 386 2357 quod
408 2308 474 2345 vel
497 2309 819 2358 Paungartnero
840 2307 906 2344 vel
929 2307 1094 2344 Erasmi
1115 2307 1156 2343 in
1179 2306 1297 2343 illum
1320 2305 1462 2342 studio
1490 2305 1663 2353 dignum
1689 2305 1830 2341 existi-

272 2364 377 2400 mari
417 2367 570 2413 posset.
630 2363 693 2400 Ne
728 2367 873 2400 tamen
914 2362 1079 2399 viderer
1118 2361 1195 2398 hac
1236 2360 1584 2409 tergiuersatione
1624 2358 1832 2407 suffugere

272 2418 466 2463 officium,
489 2417 707 2455 arrabonis
728 2418 819 2454 viee
840 2417 967 2454 mitto
987 2416 1152 2464 aliquot
1173 2414 1463 2464 Chrysostomi
1486 2413 1691 2457 homilias
1714 2419 1830 2450 ante-

273 2472 349 2509 hac
378 2485 452 2509 nee
475 2485 617 2508 versas
645 2485 669 2508 a
697 2484 912 2520 quoquam
941 2483 1016 2508 nec
1043 2482 1231 2507 excusas.
1292 2468 1407 2505 Nihil
1436 2473 1579 2505 autem
1609 2480 1754 2504 vereor
1781 2480 1831 2504 ne

272 2527 365 2574 quis
386 2526 491 2563 illud
513 2526 769 2563 Graecorum
792 2526 833 2562 in
855 2538 921 2562 me
943 2525 1069 2562 iaciat
1090 2524 1194 2572 γαλῇ
1215 2522 1430 2571 κροκωτόν,
1448 2522 1562 2571 quod
1583 2521 1830 2570 0111580810-

214 2599 253 2629 70
273 2593 388 2617 mum
410 2580 653 2629 theologum
682 2581 853 2617 mittam
879 2579 1037 2616 homini
1066 2578 1183 2615 laico.
1244 2578 1337 2614 Imo
1366 2577 1466 2613 11000
1495 2580 1593 2613 sunt
1622 2576 1831 2624 colloquia

211 2871 251 2901 75

272 2647 380 2684 quae
413 2636 477 2672 vir
509 2635 577 2671 ille
609 2635 780 2671 diuinus
812 2633 926 2683 apud
959 2633 1111 2682 vulgus
1143 2633 1428 2682 promiscuum
1464 2630 1625 2674 habuit,
1660 2643 1744 2667 non
1780 2630 1831 2666 de

272 2690 484 2738 mysteriis
524 2689 781 2738 theologicis,
818 2688 890 2725 sed
925 2688 976 2724 de
1017 2686 1292 2736 reprimendis
1327 2685 1561 2725 affectibus,
1596 2684 1829 2721 cuiusmodi

272 2743 448 2793 legimus
487 2748 530 2781 et
569 2742 753 2781 Socratis
793 2742 922 2780 fuisse
962 2754 1174 2779 sermones
1209 2753 1303 2778 cum
1340 2739 1599 2789 quibuslibet
1635 2752 1655 2775 0
1693 2738 1829 2775 media

271 2799 404 2859 plebe.
464 2798 574 2835 Nam
601 2798 701 2835 haee
724 2797 1012 2847 philosophiae
1034 2809 1131 2846 pars
1152 2796 1204 2833 ad
1227 2807 1371 2832 omnes
1395 2794 1591 2843 pertinet.
1652 2792 1759 2838 Quin
1787 2797 1831 2830 et

271 2854 360 2902 ipsa
381 2853 577 2890 dictionis
599 2853 708 2890 ratio
730 2857 823 2889 tota
843 2856 908 2889 est
930 2851 983 2888 ad
1005 2850 1229 2900 populaies
1249 2862 1371 2886 aures
1392 2847 1724 2885 accommodata.

357 2976 410 3010 69.
437 2972 537 3012 γαλῇ]
556 2973 713 3003 Babrius
732 2981 770 3011 32
785 2971 1034 3007 ;Zenobius
1020 2994 1047 3000 -.
1066 2980 1107 3010 93
1126 2970 1253 3007 (Gaisf.
1276 2969 1434 3000 Paroem
1455 2967 1584 3004 Graec„
1605 2978 1638 3007 p.
1660 2969 1747 3007 277).
