1966 3379
133 109 253 159 2895]
511 107 670 146 FROM
699 107 961 146 STEPHEN
993 104 1308 144 PRATENsis
1611 107 1689 144 343

132 211 326 262 symbolo
356 215 542 261 quantus
573 212 628 249 sit
658 212 830 249 omnino
861 210 1073 248 declarare
1103 214 1147 247 et
1178 210 1220 246 in
1252 214 1294 246 te
1329 210 1523 247 omnibus
1554 209 1690 247 modis

132 266 445 316 suspiciendum
466 269 582 303 totos
603 266 780 303 affectus
802 264 1123 303 beneuolentiae
1144 264 1370 301 effundere.

187 320 354 357 Reuera
374 324 639 370 compertum
667 320 844 357 haberes
870 319 1035 356 nullum
1062 318 1246 355 officium
1276 318 1436 354 frustra
1466 330 1489 354 a
1520 331 1585 355 me
1618 331 1690 367 per

132 378 175 412 te
196 375 342 412 viuum
364 375 470 411 citra
490 375 782 424 exceptionem
804 374 1039 411 maximum
1056 372 1369 421 requirendum,
1388 373 1421 408 si
1439 372 1540 420 quid
1561 372 1689 409 fuerit

132 429 175 466 in
197 441 281 477 quo
302 429 457 478 possim
478 428 718 478 gratificari.
778 428 835 465 Et
856 428 1045 477 proxime
1066 427 1109 463 in
1129 427 1301 474 negocio
1322 427 1484 463 vinario
1506 426 1619 474 quod
1647 427 1689 463 in
1709 442 1750 463 20

132 495 198 520 me
219 483 302 520 fuit
323 482 503 520 libenter
524 483 731 532 praestiti.
791 481 873 519 Sed
893 481 1124 531 plurimum
1147 484 1331 528 torquet,
1354 480 1468 529 quod
1490 480 1690 529 dignatus

132 538 187 574 sis
208 549 328 586 agere
349 537 509 586 gratias
533 537 635 573 mihi
661 537 766 574 serio
793 536 889 585 plus
915 535 994 572 tibi
1020 535 1203 573 obnoxio
1231 547 1356 583 quam
1390 546 1579 583 vnquam
1610 534 1688 571 sol-

132 591 271 628 uendo
292 591 370 628 sim
391 591 562 628 futurus
584 590 650 628 vel
671 590 822 639 aliquis
844 590 1123 639 quantumuis
1145 588 1387 626 referendae
1408 589 1569 638 gratiae
1598 601 1688 637 pre-

132 649 282 695 potens
316 645 582 695 percupidus.
648 645 705 682 Et
741 645 848 681 hanc
884 644 1065 694 opellam
1101 643 1282 680 fortasse
1317 643 1690 692 incirconspectius

131 699 366 737 exhibitam
392 700 435 737 in
462 700 563 737 vino
590 703 666 737 tuo
696 699 842 748 palato
873 711 1072 747 congruo,
1101 698 1261 746 saporis
1292 709 1376 734 non
1407 698 1577 741 austeri,
1606 710 1691 734 non
1712 713 1751 742 25

132 754 319 803 styptici,
352 754 625 803 exquirendo,
658 753 848 798 emendo,
882 751 1157 790 conducendo
1190 752 1348 800 auriga,
1383 752 1416 788 si
1448 751 1691 800 proceribus

131 809 287 845 nostris
322 808 605 853 amandasses,
642 807 778 845 obuiis
814 807 923 844 vlnis
959 809 1191 856 (quotquot
1227 809 1342 849 sunt)
1383 810 1582 855 potenter
1621 818 1689 843 ex-

132 862 379 912 pleuissent,
401 867 447 900 at
467 875 551 900 non
575 863 802 899 amantius.
863 861 985 907 Quod
1014 861 1048 898 si
1079 861 1193 898 domi
1224 860 1388 905 fuisset,
1418 859 1610 909 profecto
1639 873 1691 897 ne

132 916 264 954 hilum
286 917 456 966 quidem
477 928 753 954 numerasses.
813 916 870 953 Et
896 916 995 953 licet
1023 915 1065 952 id
1093 914 1197 952 nihil
1225 915 1523 964 praestiterim,
1547 918 1692 952 tamen

131 970 431 1009 immortaliter
461 970 624 1020 gaudeo
654 970 768 1020 quod
799 983 885 1007 non
917 970 1173 1019 dedignatus
1204 970 1259 1006 sis
1290 969 1393 1006 mihi
1423 968 1501 1006 hoc
1532 970 1693 1018 negocii
1712 985 1754 1015 30

130 1025 394 1071 concredere,
417 1025 633 1075 splendori
652 1025 848 1062 futurum
870 1025 974 1062 meis
995 1024 1193 1061 omnibus
1214 1023 1443 1061 natalibus.
1494 1023 1693 1061 Preterea

131 1084 255 1117 tuum
286 1079 525 1117 Gilbertum
555 1079 858 1117 commonefeci
890 1080 962 1128 qui
995 1078 1247 1116 tractandus
1277 1082 1389 1115 esset
1419 1078 1507 1115 vini
1537 1079 1693 1115 veteris

130 1135 336 1172 nostratis
357 1135 515 1184 genius,
537 1146 757 1183 nunquam
779 1133 996 1183 aperiendi
1016 1133 1096 1170 nisi
1118 1145 1191 1182 per
1211 1132 1577 1181 vinum—alioqui
1598 1132 1694 1170 ilico

131 1194 376 1238 vapesceret
404 1193 528 1226 vetus
555 1190 716 1234 vinum,
738 1188 862 1226 facile
889 1187 1152 1232 crediderim,
1175 1191 1375 1224 vecturae
1401 1187 1629 1236 impatiens
1650 1192 1694 1224 et

131 1242 383 1292 longiusculi
430 1243 582 1281 fluxus.
655 1243 767 1280 Nam
813 1243 1016 1280 remotior
1056 1242 1322 1279 exenteratio
1361 1242 1496 1290 gignit
1535 1241 1693 1278 cerebri
1713 1256 1753 1287 35

130 1298 418 1346 grauedinem,
441 1298 626 1336 tormina
655 1301 699 1334 et
728 1297 974 1347 podagram,
997 1309 1126 1345 quam
1158 1296 1286 1334 audio
1316 1296 1395 1333 tibi
1426 1295 1692 1334 familiarem.

130 1351 253 1397 Quod
270 1365 335 1389 me
352 1365 607 1402 magnopere
620 1351 777 1397 adficit,
792 1352 865 1400 qui
881 1352 1098 1401 propriam
1114 1350 1297 1388 salutem
1314 1350 1493 1388 habeam
1511 1350 1694 1387 inuisam

131 1407 247 1455 quod
274 1419 359 1444 non
385 1407 441 1444 sit
465 1419 560 1444 cum
582 1410 658 1444 tua
679 1406 817 1444 salute
845 1406 1086 1443 coniuncta.
1145 1404 1233 1442 Nec
1262 1405 1386 1442 video
1417 1409 1609 1454 spectare
1639 1405 1694 1442 ad

131 1465 251 1498 tuam
282 1461 622 1499 incolumitatem
653 1462 798 1510 (quam
829 1460 1081 1498 inoffensam
1111 1459 1349 1497 diutissime
1383 1459 1498 1496 Deus
1527 1458 1603 1508 Op.
1637 1459 1691 1497 M.

132 1515 254 1553 nobis
270 1516 480 1565 propitius
497 1518 653 1563 seruet)
672 1515 834 1552 diutius
851 1527 973 1564 agere
990 1514 1105 1564 apud
1122 1513 1436 1563 FriburgenseS‚
1456 1513 1693 1551 consultius
1713 1530 1754 1560 40

130 1574 459 1607 consecuturum
494 1574 544 1607 vt
575 1569 807 1607 descendas
840 1569 984 1607 fausto
1018 1568 1124 1618 pede
1160 1569 1202 1606 in
1242 1569 1438 1618 proxima
1476 1568 1694 1618 paschalia

132 1624 448 1670 Vesontionem,
474 1624 622 1662 multis
650 1624 894 1662 nominibus
923 1628 1057 1668 tuam,
1084 1635 1212 1672 quam
1240 1622 1587 1672 incomparabilis
1617 1626 1695 1660 tua

130 1679 286 1717 eximia
307 1679 473 1728 phrasis
489 1679 670 1716 amicam
686 1679 766 1716 tibi
786 1679 963 1729 peperit,
981 1677 1227 1715 habituram
1244 1678 1405 1715 omneis
1422 1690 1564 1716 musas
1581 1678 1695 1715 intra

131 1746 209 1771 sua
230 1734 419 1783 pomeria
441 1733 530 1781 (vbi
550 1733 790 1781 adueneris)
812 1732 1154 1771 contubernales.

186 1787 220 1825 O
243 1788 545 1826 Vesontionem
567 1792 715 1837 terque
737 1792 974 1837 quaterque
994 1787 1199 1831 foelicem,
1223 1787 1257 1823 si
1278 1786 1406 1824 semel
1428 1787 1694 1836 contingeret
1713 1801 1754 1834 45

131 1841 181 1880 D.
200 1842 440 1888 Erasmum,
458 1842 752 1892 theologorum
774 1843 1100 1892 pientissimum,
1119 1841 1427 1886 doctissimum,
1445 1841 1692 1891 inculpatis-

133 1897 240 1934 sima
253 1898 356 1942 vita,
366 1898 409 1934 in
421 1909 515 1935 eam
530 1897 743 1947 adrepere,
755 1898 872 1934 cuius
889 1898 1017 1945 [tuas]
1035 1896 1156 1933 dotes
1167 1908 1279 1933 nunc
1290 1896 1423 1945 magis
1433 1895 1694 1933 demiramur

131 1952 304 2001 propius
332 1951 628 2001 intelligentes.
689 1951 769 1988 Hic
791 1952 972 2000 reperies
993 1950 1156 1988 fontem
1183 1950 1303 1987 illum
1326 1951 1693 2000 repuerascentiae

131 2005 253 2055 longe
283 2005 469 2043 alienum
497 2019 522 2043 a
549 2005 737 2051 Clitorio,
768 2018 918 2055 nempe
949 2018 1074 2043 omne
1103 2017 1235 2054 genus
1266 2005 1355 2042 vini
1385 2005 1693 2053 generosissimi

131 2060 198 2097 vel
226 2061 290 2097 tui
317 2060 463 2109 palati,
487 2061 553 2097 cui
578 2064 800 2110 acceptum
825 2060 909 2097 fers
934 2061 1050 2097 vitae
1075 2059 1311 2097 dimidium.
1373 2059 1546 2096 Vtinam
1569 2063 1693 2096 tanta
1712 2075 1754 2104 50

131 2118 243 2151 esset
259 2114 464 2152 suadendi
481 2116 544 2152 vis
561 2119 691 2164 atque
709 2119 773 2152 est
789 2118 1014 2164 promptus
1036 2126 1235 2164 praesens
1253 2126 1371 2150 meus
1389 2114 1431 2150 in
1448 2117 1491 2151 te
1509 2113 1667 2151 candor
1684 2114 1690 2151 ἵ

131 2167 239 2206 Sane
261 2169 497 2206 frueremur
522 2169 645 2207 hodie
668 2173 793 2206 tanto
822 2169 988 2219 hospite
1014 2168 1241 2206 comitibus
1264 2168 1473 2205 Mercurio
1495 2172 1538 2205 et
1561 2168 1693 2205 Musis

131 2223 329 2261 omnibus
350 2224 633 2261 ornatissimo.
684 2224 771 2261 Nec
793 2223 1102 2261 detractaueris
1124 2223 1174 2270 (si
1195 2227 1238 2260 te
1259 2226 1392 2270 amas)
1416 2222 1534 2260 breui
1556 2226 1690 2260 statu-

131 2290 199 2315 ere
220 2278 315 2315 vale
337 2277 473 2316 dicere
494 2278 605 2315 villis
626 2282 669 2316 et
692 2278 966 2328 hypocaustis
988 2278 1252 2328 germanicis.
1306 2276 1437 2314 Crede
1458 2277 1561 2314 mihi
1583 2276 1691 2314 salu-

132 2332 265 2370 briter
286 2333 488 2378 monenti‚
511 2332 610 2370 licet
631 2333 685 2370 sis
707 2334 896 2370 omnium
914 2345 1019 2382 quos
1041 2332 1107 2369 hic
1125 2332 1186 2369 sol
1203 2331 1321 2369 videt
1338 2331 1690 2377 consultissimus,
1712 2346 1752 2377 55

131 2398 276 2424 omnes
316 2387 538 2436 vtriusque
585 2387 744 2425 ordinis
786 2387 972 2424 Bisuncii
1014 2386 1319 2424 incredibiliter
1359 2386 1691 2436 amplectuntur,

130 2445 390 2479 venerantur
425 2454 582 2487 omnes,
618 2442 908 2479 sanctissimas
943 2442 1116 2478 Domini
1154 2441 1320 2478 Erasini
1360 2441 1690 2478 lucubrationes,

130 2495 221 2545 Ego
256 2508 350 2533 mea
382 2495 462 2533 fide
495 2496 693 2546 spondeo,
727 2497 857 2534 etiam
893 2497 1045 2545 capitis
1080 2495 1278 2545 periculo,
1313 2499 1355 2532 te
1389 2495 1530 2532 omnia
1562 2494 1691 2531 offen-

131 2551 306 2598 surum[,
329 2552 571 2599 nacturum]
602 2551 740 2588 multo
765 2550 939 2588 meliora
966 2563 1095 2599 quam
1121 2563 1146 2587 a
1170 2563 1236 2587 me
1260 2550 1469 2587 dicantur.
1529 2548 1692 2598 Quippe

131 2617 275 2642 omnes
304 2604 369 2642 hic
392 2617 477 2642 vno
499 2617 569 2642 ore
595 2609 755 2642 canunt
782 2605 1035 2654 peculiarem
1057 2617 1144 2642 esse
1166 2605 1291 2641 vnius
1313 2604 1479 2641 Erasmi
1500 2603 1689 2651 gloriam,
1710 2611 1753 2639 60

132 2662 180 2695 vt
202 2658 359 2696 nullius
381 2659 749 2697 commendatione
771 2663 946 2704 crescat,
963 2663 1006 2697 et
1028 2671 1109 2708 que
1130 2671 1252 2696 omne
1273 2659 1509 2695 encomium
1533 2658 1690 2701 vincat,

130 2717 174 2750 et
195 2713 329 2750 indies
351 2726 446 2750 cum
473 2714 580 2750 mira
604 2715 841 2751 accessione
867 2714 1103 2759 charitatis,
1126 2713 1360 2750 iandudum
1384 2716 1614 2761 conceptae
1637 2711 1690 2748 ab

130 2767 251 2805 obitu
287 2768 408 2805 istius
441 2767 654 2805 Guilielmi
687 2767 893 2805 Guerardi
929 2768 1026 2806 olim
1061 2768 1250 2805 officialis
1285 2767 1582 2810 archidiaconi,
1619 2766 1691 2814 qui

172 2834 228 2895 4οἶ
251 2855 414 2893 Clitorio]
433 2855 497 2886 See
515 2855 583 2886 Ov.
602 2855 654 2885 M.
676 2864 725 2894 15.
745 2865 818 2894 322.
944 2864 1041 2896 47-9,
1059 2864 1155 2894 2759.
1174 2864 1254 2891 2011,
1275 2856 1369 2894 2870.
1390 2864 1418 2884 ι.

172 2901 223 2937 56.
249 2899 456 2939 vtriusque]
473 2899 571 2930 Both
589 2899 652 2929 the
669 2899 789 2939 clergy
801 2899 874 2929 and
986 2902 1040 2938 63.
1066 2899 1258 2936 Guerardi]
1288 2898 1347 2935 †.‘.1
1378 2898 1461 2928 ι11111.
1494 2898 1595 2935 152ξξε
1633 2906 1691 2927 see

127 2942 191 2973 the
230 2943 507 2983 municipality;
553 2943 598 2973 cf.
639 2943 735 2983 Epp.
777 2952 872 2983 2410.
943 2943 1012 2983 Ep.
1036 2951 1128 2983 1534.
1148 2944 1225 2972 2811.
