1966 3379
106 86 227 134 2929]
394 83 553 122 FROM
583 81 854 120 AMBROSE
885 82 922 119 A
952 80 1393 120 GUMPPENBERG
1598 82 1674 119 381

104 189 237 226 eciam
269 188 433 225 calamo
467 188 735 225 committere
769 199 851 235 que
883 186 993 223 idem
1029 185 1206 223 tabellio
1238 198 1379 223 coram
1412 185 1579 231 referet,
1612 186 1716 226 cui5

106 242 231 280 fidem
253 242 424 292 plenam
445 246 567 291 potes
587 241 791 279 adhibere
810 245 890 278 etc.
936 240 1065 277 Aliud
1087 252 1163 289 pro
1184 252 1296 277 nunc
1319 241 1480 289 scriptu
1502 240 1678 289 dignum

106 297 235 335 nichil
256 297 352 341 fuit,
373 297 453 334 nisi
475 296 590 345 quod
612 296 772 333 domini
793 294 1048 343 Sepuluidae
1069 294 1216 331 literas
1233 299 1277 331 et
1298 307 1546 344 responsum
1563 295 1619 332 ad
1637 300 1678 332 te

108 352 341 401 dirigerem.
383 351 517 388 Nobis
539 351 654 394 velis,
679 363 807 399 quam
829 350 1013 399 primum
1035 348 1125 386 fieri
1146 353 1302 398 potest,
1321 349 1574 398 respondere
1592 361 1677 387 oro.

164 406 362 443 Preterea
394 411 447 448 te,
480 405 655 442 Erasme
686 406 919 442 amicorum
950 404 1124 453 optime,
1156 416 1324 440 rursum
1356 403 1577 448 admoneo,
1609 417 1677 441 ex-

108 460 255 498 hortor
275 464 319 498 et
340 460 527 504 obsecro,
546 461 737 497 animum
759 459 941 508 denique
963 457 1108 495 confer
1129 457 1184 494 ad
1205 470 1339 495 nouas
1361 458 1456 494 illas
1478 462 1615 495 sectas
1637 462 1679 495 et
1702 468 1741 489 10

107 527 326 565 peruersas
353 515 568 552 doctrinas
592 513 915 563 extinguendas.
976 512 1075 549 Noli
1100 512 1154 549 ab
1180 512 1379 549 eeclesiae
1407 512 1680 561 dogmatibus

108 570 315 606 hactenus
336 569 403 619 pie
425 569 662 606 obseruatis
681 572 726 605 et
747 581 772 605 a
793 567 988 617 patribus
1010 568 1167 604 nostris
1188 568 1368 616 receptis
1391 567 1583 604 recedere
1604 571 1681 604 aut

108 623 332 662 declinare.
394 624 565 660 Enitere
593 623 812 660 ecclesiam
841 622 1096 660 catholicam
1122 621 1312 658 illaesam
1334 634 1597 666 conseruare,
1620 634 1679 659 re-

107 676 207 716 siste
230 678 346 716 illam
363 679 537 727 eiusque
554 683 690 715 turres
708 690 779 715 seu
797 676 990 714 membra
1005 676 1212 714 cuniculis
1229 677 1494 713 tentantium
1512 676 1680 721 ictibus,

107 733 332 770 conatibus
354 732 635 781 consiliisque.
683 732 791 769 Rem
813 731 941 769 facies
964 731 1107 779 (michi
1127 731 1262 775 crede,
1286 743 1371 768 non
1392 731 1504 768 enim
1527 731 1681 768 innane
1704 740 1742 771 Ι5

107 787 273 836 loquor)
297 787 412 825 haud
434 786 724 837 penitendam.
784 785 1065 824 Confiteberis
1092 785 1325 834 aliquando
1351 798 1418 822 me
1439 786 1564 823 amici
1586 798 1680 823 con-

107 842 248 879 silium
270 842 446 880 dedisse.
501 841 712 891 Quicquid
734 842 863 891 igitur
884 842 926 878 in
947 845 1161 878 caeterum
1184 840 1406 884 aedideris,
1428 839 1494 877 fac
1516 852 1683 878 summo

107 896 299 946 pontifici
319 897 509 942 dedices;
542 909 761 945 vnumque
781 900 859 933 aut
879 896 1065 933 alterum
1086 895 1304 945 exemplar
1328 895 1384 932 ad
1411 907 1477 932 me
1503 895 1561 932 ire
1583 907 1684 932 eura

107 951 338 989 Sanctitati
360 964 460 989 suae
481 952 652 989 nomine
673 955 750 988 tuo
770 950 1059 988 exhibendum
1077 964 1084 996 ;
1117 949 1309 999 illudque
1333 950 1368 987 si
1396 962 1470 999 per
1495 949 1683 987 alienum

107 1006 328 1043 commode
349 1019 434 1044 non
455 1007 626 1056 poteris,
644 1018 719 1056 per
735 1006 954 1055 proprium
971 1006 1096 1043 mitte
1113 1004 1404 1042 tabellionem.
1446 1004 1683 1042 Mercedem
1704 1015 1746 1036 20

108 1073 209 1098 vero
234 1061 294 1098 illi
320 1061 568 1098 soluendam
597 1065 645 1098 tu
674 1073 759 1097 non
787 1073 912 1098 cura:
946 1061 1189 1097 inuenietur
1219 1060 1292 1108 qui
1320 1059 1371 1096 de
1402 1059 1480 1096 hac
1512 1071 1682 1108 respon-

108 1115 240 1153 debit.
283 1115 493 1164 Quicquid
515 1119 661 1153 autem
684 1115 830 1152 feceris
852 1119 929 1153 aut
946 1115 1174 1164 scripseris,
1192 1114 1522 1163 ambiguitatem
1545 1115 1684 1151 vitare

107 1175 336 1213 memento,
363 1183 414 1207 ne
440 1171 601 1220 scripta
626 1174 701 1207 tua
727 1169 943 1207 diuersum
969 1182 1069 1219 prae
1098 1182 1140 1207 se
1165 1169 1318 1206 ferant.
1379 1169 1473 1206 Imo
1494 1170 1685 1206 animum

109 1228 245 1269 tuum,
272 1225 375 1274 quid
407 1226 447 1262 in
479 1237 648 1274 quaque
679 1237 721 1262 re
753 1226 925 1270 sentias,
957 1224 1163 1262 audacter
1192 1224 1429 1273 adaperias.
1490 1223 1547 1260 Et
1578 1223 1685 1261 hanc

109 1292 246 1317 meam
269 1280 613 1317 exhortationem
635 1280 770 1317 amice
791 1280 996 1329 suscipias
1017 1280 1148 1317 etiam
1171 1283 1302 1328 atque
1323 1279 1454 1316 etiam
1478 1290 1590 1327 rogo.
1706 1289 1746 1318 25

166 1334 325 1371 Vltimo
347 1334 439 1372 loco
461 1339 514 1376 te,
538 1347 664 1383 quem
683 1346 818 1384 nuper
832 1347 1014 1383 quoque,
1033 1335 1189 1371 iterum
1208 1346 1293 1378 oro,
1313 1333 1418 1370 velis
1436 1346 1502 1370 me
1519 1333 1684 1370 adules-

109 1388 282 1426 centulo
303 1389 447 1438 aliquo
468 1389 653 1433 literato,
677 1390 904 1438 ingenioso,
926 1390 1109 1438 gratiam
1139 1388 1352 1426 scribendi
1381 1388 1566 1425 habente
1591 1400 1685 1437 pro-

110 1443 265 1481 uidere.
326 1444 415 1493 Ego
436 1445 547 1481 enim
571 1444 704 1487 illum,
729 1444 762 1480 si
786 1444 912 1481 modo
939 1443 1173 1493 disciplinis
1195 1443 1382 1480 voluerit
1407 1444 1686 1492 acquiescere,

110 1498 357 1535 sacerdotiis
402 1498 637 1536 liberaliter
676 1498 851 1541 dotabo,
893 1498 1134 1547 faciamque
1174 1502 1224 1534 vt
1264 1499 1546 1547 promotionis
1587 1502 1688 1535 tuae

108 1553 298 1590 fructum
320 1558 619 1602 consequatur,
643 1558 691 1590 vt
711 1566 763 1590 ex
786 1552 921 1590 literis
938 1553 1099 1590 domini
1116 1553 1330 1590 Francisci
1348 1552 1512 1602 Rupilii
1533 1552 1689 1590 clarius
1709 1563 1750 1592 30

109 1607 332 1657 intelliges.
392 1607 529 1654 Quare
565 1608 677 1645 illius
710 1608 947 1645 aduentum
980 1621 1166 1645 vnacum
1199 1608 1471 1657 responsione
1508 1612 1583 1644 tua
1619 1620 1687 1644 ex-

109 1662 303 1712 pectabo.
364 1662 479 1707 Vale,
502 1664 691 1700 virorum
714 1663 994 1700 ornatissime.

165 1717 229 1754 Ex
253 1717 377 1762 Vrbe,
400 1719 532 1755 tercio
554 1717 772 1755 Kalendas
795 1718 929 1755 Maias
951 1731 1064 1755 anno
1086 1730 1110 1754 a
1131 1717 1301 1755 Christo
1322 1722 1428 1754 nato
1452 1722 1587 1766 15340.

634 1772 751 1809 Tuus
773 1772 1170 1821 obsequiosissimus

190 1827 490 1875 Amb<rosius>
513 1827 564 1864 de
586 1826 928 1877 Gumppenberg,
953 1827 1354 1877 proth<onotarius>
1376 1826 1636 1877 apostolicus
1712 1837 1752 1867 35

638 1895 765 1919 manu
789 1883 962 1932 propria
984 1882 1248 1932 subscripsit.

166 1951 408 1990 Clarissimo
444 1954 536 1990 viro
572 1953 757 1991 Domino
792 1954 1028 2003 Desyderio
1064 1954 1243 1991 Erasmo
1285 1953 1591 1992 Roterodamo.
1629 1954 1693 1990 vti

109 2009 223 2057 patri
247 2040 253 2045 .
280 2040 286 2046 .
312 2040 319 2046 .
343 2008 743 2046 obseruandissimo.
806 2008 1002 2058 Friburgi
1026 2008 1237 2058 Brisgoae.

344 2169 652 2210 2⁹²⁷’2928293O.
720 2170 858 2210 FROM
893 2170 1140 2211 Boxnmcss
1175 2171 1459 2210 AMERBACH.

163 2271 283 2304 Basle
302 2271 385 2304 MS.
407 2271 447 2305 C.
471 2271 562 2304 Vla.
585 2280 642 2314 73.
669 2282 734 2312 192
756 2278 813 2305 νῦ.
1370 2271 1546 2311 (Rusio)

1268 2321 1403 2365 <April
1425 2321 1492 2353 sin.
1518 2328 1645 2364 1534.)

157 2398 231 2435 [An
256 2398 466 2438 autograph
491 2398 604 2433 (lraft,
624 2409 712 2439 very
736 2399 846 2429 much
872 2399 907 2429 in
934 2399 997 2429 the
1016 2399 1144 2439 rough.
1196 2400 1252 2429 An
1274 2399 1535 2438 approximate
1559 2398 1645 2428 date
1669 2398 1697 2427 is

113 2442 221 2481 given
240 2442 287 2482 by
305 2443 536 2482 comparison
556 2443 644 2473 with
664 2443 760 2483 Epp.
781 2443 938 2482 2927—8.]

170 2512 387 2549 LITTERAS
408 2513 461 2549 ad
484 2513 734 2550 Sadoletum
757 2518 855 2551 tuns
877 2514 1033 2563 accepi,
1052 2513 1124 2550 sed
1148 2514 1314 2551 tardius
1332 2528 1338 2552 :
1365 2526 1463 2550 nani
1483 2518 1581 2550 ante
1600 2518 1697 2549 octo

114 2566 202 2605 dies
218 2580 346 2616 quam
363 2567 465 2604 mihi
481 2568 761 2605 redderentur
779 2568 874 2606 hinc
893 2568 1146 2618 Episcopius
1164 2581 1258 2605 cuin
1276 2568 1370 2605 aliis
1389 2567 1697 2604 mercatoribus

115 2681 154 2707 at
182 2677 256 2707 this
282 2679 371 2707 time
395 2678 569 2715 designet}
598 2679 653 2708 for
682 2678 870 2715 Erasinus,
942 2679 1102 2719 perhaps
1128 2679 1193 2709 has
1220 2679 1254 2708 in
1279 2678 1379 2708 mind
1408 2678 1470 2707 the
1496 2677 1623 2707 nttnok
1650 2686 1696 2706 on

116 2721 233 2751 which
260 2722 288 2751 is
311 2722 374 2751 the
396 2723 540 2761 subject
563 2723 599 2752 of
623 2722 762 2753 several
788 2723 871 2753 sub·
942 2723 1129 2753 Erasinus*
1178 2722 1442 2761 amphiboloqia
1494 2721 1600 2750 made
1651 2721 1698 2759 by

116 2769 273 2804 sequent
290 2765 429 2795 letters.
944 2767 1084 2797 Luther
1113 2768 1148 2796 in
1179 2767 1242 2796 the
1276 2765 1449 2795 Amsdorf
1482 2765 1592 2794 letter
1625 2770 1699 2800 (see

162 2809 256 2838 2929.
285 2818 314 2848 7.
342 2809 871 2850 SepuluidaelSepulvedadid
944 2811 1011 2850 Ep.
1034 2809 1300 2842 2<›1Si11t1·0d.).

118 2856 183 2882 not
195 2862 336 2882 answer
350 2853 537 2883 Erasmus*
553 2853 663 2884 letter
676 2854 713 2884 of
731 2863 768 2893 17
786 2854 871 2884 Feb.
988 2863 1039 2893 30.
1067 2854 1196 2890 literis]
1214 2853 1281 2892 Ep.
1299 2861 1382 2891 3007
1397 2852 1536 2887 (March
1557 2852 1654 2890 1535)
1672 2852 1700 2880 is

118 2896 203 2935 (Ep.
224 2897 323 2934 2905)
342 2896 395 2926 till
415 2907 454 2935 23
474 2897 558 2937 May
576 2897 662 2937 (Ep.
682 2898 794 2936 2038).
944 2898 1007 2928 the
1024 2897 1110 2936 only
1129 2897 1238 2927 letter
1252 2901 1381 2926 extant
1405 2896 1497 2925 from
1515 2896 1697 2934 Rupilius.

162 2948 213 2969 22.
241 2940 540 2980 ambiguitatem]
584 2941 875 2981 Gumppenberg
990 2942 1088 2970 2⁹30.
1120 2950 1146 2970 1.
1175 2940 1351 2977 Litteras]
1373 2940 1443 2969 Not
1464 2944 1610 2969 extant.
