<?xml version="1.0" encoding="UTF-8"?>
<!DOCTYPE html PUBLIC "-//W3C//DTD XHTML 1.0 Transitional//EN"
    "http://www.w3.org/TR/xhtml1/DTD/xhtml1-transitional.dtd">
<html xmlns="http://www.w3.org/1999/xhtml" xml:lang="en" lang="en">
 <head>
  <title>
</title>
<meta http-equiv="Content-Type" content="text/html;charset=utf-8" />
  <meta name='ocr-system' content='tesseract 3.04.00' />
  <meta name='ocr-capabilities' content='ocr_page ocr_carea ocr_par ocr_line ocrx_word'/>
</head>
<body>
  <div class='ocr_page' id='page_1' title='image "./opusepistolarum10eras_0104.png"; bbox 0 0 1966 3379; ppageno 0'>
   <div class='ocr_carea' id='block_1_1' title="bbox 243 133 1814 183">
    <p class='ocr_par' dir='ltr' id='par_1_1' title="bbox 243 133 1814 183">
     <span class='ocr_line' id='line_1_1' title="bbox 243 133 1814 183; baseline 0.001 -12"><span class='ocrx_word' id='word_1_1' title='bbox 243 135 294 172; x_wconf 84' lang='lat'>72</span> <span class='ocrx_word' id='word_1_2' title='bbox 673 133 931 172; x_wconf 76' lang='lat' dir='ltr'><strong>LETTERS</strong></span> <span class='ocrx_word' id='word_1_3' title='bbox 962 133 1033 172; x_wconf 85' lang='lat' dir='ltr'>OF</span> <span class='ocrx_word' id='word_1_4' title='bbox 1062 133 1330 172; x_wconf 77' lang='lat' dir='ltr'>ERASMUS</span> <span class='ocrx_word' id='word_1_5' title='bbox 1692 136 1814 183; x_wconf 83' lang='lat'>[1532</span> 
     </span>
    </p>
   </div>
   <div class='ocr_carea' id='block_1_2' title="bbox 164 239 1829 2657">
    <p class='ocr_par' dir='ltr' id='par_1_2' title="bbox 164 239 1817 509">
     <span class='ocr_line' id='line_1_2' title="bbox 164 239 1816 288; baseline 0.003 -15"><span class='ocrx_word' id='word_1_6' title='bbox 164 251 223 281; x_wconf 83' lang='lat'>115</span> <span class='ocrx_word' id='word_1_7' title='bbox 245 239 396 277; x_wconf 88' lang='lat' dir='ltr'>iuditio</span> <span class='ocrx_word' id='word_1_8' title='bbox 419 239 484 276; x_wconf 90' lang='lat' dir='ltr'>hic</span> <span class='ocrx_word' id='word_1_9' title='bbox 507 239 622 288; x_wconf 91' lang='lat' dir='ltr'>apud</span> <span class='ocrx_word' id='word_1_10' title='bbox 645 239 855 288; x_wconf 78' lang='lat' dir='ltr'>Reginam</span> <span class='ocrx_word' id='word_1_11' title='bbox 878 239 995 277; x_wconf 90' lang='grc'>100113</span> <span class='ocrx_word' id='word_1_12' title='bbox 1017 240 1177 277; x_wconf 85' lang='lat' dir='ltr'>esttibi</span> <span class='ocrx_word' id='word_1_13' title='bbox 1196 239 1369 277; x_wconf 87' lang='lat' dir='ltr'>futurus</span> <span class='ocrx_word' id='word_1_14' title='bbox 1386 239 1546 277; x_wconf 84' lang='lat' dir='ltr'>multas</span> <span class='ocrx_word' id='word_1_15' title='bbox 1568 239 1621 277; x_wconf 93' lang='lat' dir='ltr'>ob</span> <span class='ocrx_word' id='word_1_16' title='bbox 1643 253 1816 278; x_wconf 77' lang='lat' dir='ltr'>caussas</span> 
     </span>
     <span class='ocr_line' id='line_1_3' title="bbox 243 294 1816 344; baseline 0.001 -13"><span class='ocrx_word' id='word_1_17' title='bbox 243 294 536 341; x_wconf 81' lang='lat' dir='ltr'>commodior),</span> <span class='ocrx_word' id='word_1_18' title='bbox 559 298 603 331; x_wconf 85' lang='lat' dir='ltr'>ct</span> <span class='ocrx_word' id='word_1_19' title='bbox 624 294 725 331; x_wconf 87' lang='lat' dir='ltr'>dare</span> <span class='ocrx_word' id='word_1_20' title='bbox 754 307 940 344; x_wconf 88' lang='lat' dir='ltr'>operam,</span> <span class='ocrx_word' id='word_1_21' title='bbox 970 299 1019 332; x_wconf 88' lang='lat' dir='ltr'>vt</span> <span class='ocrx_word' id='word_1_22' title='bbox 1048 308 1160 332; x_wconf 92' lang='lat' dir='ltr'>nunc</span> <span class='ocrx_word' id='word_1_23' title='bbox 1191 296 1284 332; x_wconf 88' lang='lat' dir='ltr'>istic</span> <span class='ocrx_word' id='word_1_24' title='bbox 1313 295 1429 340; x_wconf 85' lang='lat' dir='ltr'>facis,</span> <span class='ocrx_word' id='word_1_25' title='bbox 1459 294 1614 332; x_wconf 85' lang='lat' dir='ltr'>litteris</span> <span class='ocrx_word' id='word_1_26' title='bbox 1643 308 1816 344; x_wconf 88' lang='lat' dir='ltr'>remque</span> 
     </span>
     <span class='ocr_line' id='line_1_4' title="bbox 243 349 1815 399; baseline 0.001 -13"><span class='ocrx_word' id='word_1_27' title='bbox 243 349 533 386; x_wconf 72' lang='lat' dir='ltr'>Christianam</span> <span class='ocrx_word' id='word_1_28' title='bbox 566 350 650 386; x_wconf 89' lang='lat' dir='ltr'>tuis</span> <span class='ocrx_word' id='word_1_29' title='bbox 682 362 830 386; x_wconf 86' lang='lat' dir='ltr'>curare</span> <span class='ocrx_word' id='word_1_30' title='bbox 859 362 1095 399; x_wconf 72' lang='lat' dir='ltr'>augereque</span> <span class='ocrx_word' id='word_1_31' title='bbox 1125 350 1290 398; x_wconf 82' lang='lat' dir='ltr'>vigiliis.</span> <span class='ocrx_word' id='word_1_32' title='bbox 1352 349 1522 386; x_wconf 75' lang='lat' dir='ltr'>Interea</span> <span class='ocrx_word' id='word_1_33' title='bbox 1550 354 1670 387; x_wconf 87' lang='lat' dir='ltr'>tuam</span> <span class='ocrx_word' id='word_1_34' title='bbox 1700 350 1815 388; x_wconf 88' lang='lat' dir='ltr'>habi-</span> 
     </span>
     <span class='ocr_line' id='line_1_5' title="bbox 245 404 1817 454; baseline 0.001 -13"><span class='ocrx_word' id='word_1_35' title='bbox 245 408 368 441; x_wconf 84' lang='lat' dir='ltr'>turus</span> <span class='ocrx_word' id='word_1_36' title='bbox 390 417 501 441; x_wconf 81' lang='lat' dir='ltr'>esses</span> <span class='ocrx_word' id='word_1_37' title='bbox 526 405 566 440; x_wconf 95' lang='lat' dir='ltr'>in</span> <span class='ocrx_word' id='word_1_38' title='bbox 589 405 730 453; x_wconf 85' lang='lat' dir='ltr'>patria</span> <span class='ocrx_word' id='word_1_39' title='bbox 752 406 998 454; x_wconf 76' lang='lat' dir='ltr'>pensionem</span> <span class='ocrx_word' id='word_1_40' title='bbox 1026 405 1104 442; x_wconf 86' lang='lat' dir='ltr'>sub</span> <span class='ocrx_word' id='word_1_41' title='bbox 1131 405 1301 441; x_wconf 88' lang='grc'>1101111110</span> <span class='ocrx_word' id='word_1_42' title='bbox 1328 404 1503 453; x_wconf 75' lang='lat' dir='ltr'>reginali</span> <span class='ocrx_word' id='word_1_43' title='bbox 1527 405 1567 441; x_wconf 92' lang='lat' dir='ltr'>in</span> <span class='ocrx_word' id='word_1_44' title='bbox 1597 406 1750 453; x_wconf 82' lang='lat' dir='ltr'>quiete,</span> <span class='ocrx_word' id='word_1_45' title='bbox 1774 406 1817 442; x_wconf 92' lang='lat' dir='ltr'>in</span> 
     </span>
     <span class='ocr_line' id='line_1_6' title="bbox 244 459 1816 509; baseline 0.001 -13"><span class='ocrx_word' id='word_1_46' title='bbox 244 460 359 503; x_wconf 84' lang='lat' dir='ltr'>ocio;</span> <span class='ocrx_word' id='word_1_47' title='bbox 401 459 590 508; x_wconf 86' lang='lat' dir='ltr'>dumque</span> <span class='ocrx_word' id='word_1_48' title='bbox 627 459 706 496; x_wconf 87' lang='lat' dir='ltr'>tibi</span> <span class='ocrx_word' id='word_1_49' title='bbox 743 459 942 509; x_wconf 81' lang='lat' dir='ltr'>placeret,</span> <span class='ocrx_word' id='word_1_50' title='bbox 979 465 1056 497; x_wconf 86' lang='lat' dir='ltr'>aut</span> <span class='ocrx_word' id='word_1_51' title='bbox 1093 460 1281 507; x_wconf 76' lang='lat' dir='ltr'>Reginae</span> <span class='ocrx_word' id='word_1_52' title='bbox 1321 464 1433 497; x_wconf 82' lang='lat' dir='ltr'>esset</span> <span class='ocrx_word' id='word_1_53' title='bbox 1473 459 1689 505; x_wconf 83' lang='lat' dir='ltr'>voluntas,</span> <span class='ocrx_word' id='word_1_54' title='bbox 1722 473 1816 497; x_wconf 90' lang='lat' dir='ltr'>eam</span> 
     </span>
    </p>

    <p class='ocr_par' dir='ltr' id='par_1_3' title="bbox 166 514 1820 785">
     <span class='ocr_line' id='line_1_7' title="bbox 166 514 1817 564; baseline 0 -13"><span class='ocrx_word' id='word_1_55' title='bbox 166 526 227 547; x_wconf 88' lang='lat'>120</span> <span class='ocrx_word' id='word_1_56' title='bbox 247 515 460 552; x_wconf 68' lang='lat' dir='ltr'>inuiseres</span> <span class='ocrx_word' id='word_1_57' title='bbox 522 514 557 551; x_wconf 87' lang='lat' dir='ltr'><strong>A</strong></span> <span class='ocrx_word' id='word_1_58' title='bbox 589 515 758 551; x_wconf 85' lang='lat' dir='ltr'>nemine</span> <span class='ocrx_word' id='word_1_59' title='bbox 789 515 873 552; x_wconf 86' lang='lat' dir='ltr'>alio</span> <span class='ocrx_word' id='word_1_60' title='bbox 904 527 1043 564; x_wconf 76' lang='lat' dir='ltr'>quam.</span> <span class='ocrx_word' id='word_1_61' title='bbox 1066 515 1120 552; x_wconf 89' lang='lat' dir='ltr'>ab</span> <span class='ocrx_word' id='word_1_62' title='bbox 1151 528 1200 552; x_wconf 89' lang='lat' dir='ltr'>ea</span> <span class='ocrx_word' id='word_1_63' title='bbox 1232 515 1449 564; x_wconf 70' lang='lat' dir='ltr'>penderes</span> <span class='ocrx_word' id='word_1_64' title='bbox 1502 514 1657 552; x_wconf 89' lang='lat' dir='ltr'>Verum</span> <span class='ocrx_word' id='word_1_65' title='bbox 1691 515 1817 552; x_wconf 86' lang='lat' dir='ltr'>times</span> 
     </span>
     <span class='ocr_line' id='line_1_8' title="bbox 246 569 1817 618; baseline -0.001 -11"><span class='ocrx_word' id='word_1_66' title='bbox 246 569 490 614; x_wconf 84' lang='lat' dir='ltr'>monachos,</span> <span class='ocrx_word' id='word_1_67' title='bbox 533 582 584 606; x_wconf 87' lang='grc'>110</span> <span class='ocrx_word' id='word_1_68' title='bbox 624 569 703 606; x_wconf 87' lang='lat' dir='ltr'>tibi</span> <span class='ocrx_word' id='word_1_69' title='bbox 743 569 1004 607; x_wconf 76' lang='lat' dir='ltr'>maledicant</span> <span class='ocrx_word' id='word_1_70' title='bbox 1044 574 1087 606; x_wconf 85' lang='lat' dir='ltr'>et</span> <span class='ocrx_word' id='word_1_71' title='bbox 1128 569 1430 618; x_wconf 84' lang='lat' dir='ltr'>obloquantur.</span> <span class='ocrx_word' id='word_1_72' title='bbox 1490 569 1541 606; x_wconf 84' lang='lat' dir='ltr'>Id</span> <span class='ocrx_word' id='word_1_73' title='bbox 1582 582 1817 618; x_wconf 86' lang='lat' dir='ltr'>nunquam,</span> 
     </span>
     <span class='ocr_line' id='line_1_9' title="bbox 247 624 1819 674; baseline 0 -13"><span class='ocrx_word' id='word_1_74' title='bbox 247 624 490 673; x_wconf 87' lang='lat' dir='ltr'>vbicunque</span> <span class='ocrx_word' id='word_1_75' title='bbox 513 625 580 669; x_wconf 81' lang='lat' dir='ltr'>sis,</span> <span class='ocrx_word' id='word_1_76' title='bbox 607 624 709 662; x_wconf 90' lang='lat' dir='ltr'>dum</span> <span class='ocrx_word' id='word_1_77' title='bbox 736 626 932 674; x_wconf 84' lang='lat' dir='ltr'>spiritum</span> <span class='ocrx_word' id='word_1_78' title='bbox 961 625 1116 670; x_wconf 82' lang='lat' dir='ltr'>trahes,</span> <span class='ocrx_word' id='word_1_79' title='bbox 1140 625 1277 661; x_wconf 83' lang='lat' dir='ltr'>vitare</span> <span class='ocrx_word' id='word_1_80' title='bbox 1304 629 1437 674; x_wconf 79' lang='lat' dir='ltr'>potes,</span> <span class='ocrx_word' id='word_1_81' title='bbox 1461 625 1645 661; x_wconf 78' lang='lat' dir='ltr'>maxime</span> <span class='ocrx_word' id='word_1_82' title='bbox 1672 624 1819 662; x_wconf 86' lang='lat' dir='ltr'>multis</span> 
     </span>
     <span class='ocr_line' id='line_1_10' title="bbox 246 679 1819 729; baseline -0.001 -12"><span class='ocrx_word' id='word_1_83' title='bbox 246 693 271 717; x_wconf 86' lang='lat' dir='ltr'>a</span> <span class='ocrx_word' id='word_1_84' title='bbox 298 684 341 717; x_wconf 90' lang='lat' dir='ltr'>te</span> <span class='ocrx_word' id='word_1_85' title='bbox 367 680 457 717; x_wconf 88' lang='lat' dir='ltr'>iure</span> <span class='ocrx_word' id='word_1_86' title='bbox 485 680 612 716; x_wconf 87' lang='lat' dir='ltr'>editis</span> <span class='ocrx_word' id='word_1_87' title='bbox 641 681 810 729; x_wconf 84' lang='lat' dir='ltr'>scriptis</span> <span class='ocrx_word' id='word_1_88' title='bbox 836 681 878 717; x_wconf 91' lang='lat' dir='ltr'>in</span> <span class='ocrx_word' id='word_1_89' title='bbox 906 680 1038 717; x_wconf 81' lang='lat' dir='ltr'>falsos</span> <span class='ocrx_word' id='word_1_90' title='bbox 1067 680 1309 717; x_wconf 79' lang='lat' dir='ltr'>monachos.</span> <span class='ocrx_word' id='word_1_91' title='bbox 1370 679 1472 725; x_wconf 83' lang='lat' dir='ltr'>Quis</span> <span class='ocrx_word' id='word_1_92' title='bbox 1500 680 1611 717; x_wconf 89' lang='lat' dir='ltr'>enim</span> <span class='ocrx_word' id='word_1_93' title='bbox 1638 679 1819 717; x_wconf 86' lang='lat' dir='ltr'>aliorum</span> 
     </span>
     <span class='ocr_line' id='line_1_11' title="bbox 246 734 1820 785; baseline -0.001 -13"><span class='ocrx_word' id='word_1_94' title='bbox 246 734 591 772; x_wconf 80' lang='lat' dir='ltr'>maledicentiam</span> <span class='ocrx_word' id='word_1_95' title='bbox 628 734 824 772; x_wconf 86' lang='lat' dir='ltr'>mortalis</span> <span class='ocrx_word' id='word_1_96' title='bbox 859 735 1042 784; x_wconf 80' lang='lat' dir='ltr'>effugere</span> <span class='ocrx_word' id='word_1_97' title='bbox 1077 738 1233 785; x_wconf 77' lang='lat' dir='ltr'>potest,</span> <span class='ocrx_word' id='word_1_98' title='bbox 1269 734 1441 772; x_wconf 78' lang='lat' dir='ltr'>Christo</span> <span class='ocrx_word' id='word_1_99' title='bbox 1475 736 1604 772; x_wconf 86' lang='lat' dir='ltr'>etiam</span> <span class='ocrx_word' id='word_1_100' title='bbox 1638 734 1743 772; x_wconf 88' lang='lat' dir='ltr'>talia</span> <span class='ocrx_word' id='word_1_101' title='bbox 1779 736 1820 771; x_wconf 90' lang='lat' dir='ltr'>in</span> 
     </span>
    </p>

    <p class='ocr_par' dir='ltr' id='par_1_4' title="bbox 168 790 985 839">
     <span class='ocr_line' id='line_1_12' title="bbox 168 790 985 839; baseline 0.001 -12"><span class='ocrx_word' id='word_1_102' title='bbox 168 801 227 831; x_wconf 84' lang='lat'>125</span> <span class='ocrx_word' id='word_1_103' title='bbox 246 802 372 828; x_wconf 90' lang='lat' dir='ltr'>carne</span> <span class='ocrx_word' id='word_1_104' title='bbox 394 790 449 827; x_wconf 88' lang='lat' dir='ltr'>ad</span> <span class='ocrx_word' id='word_1_105' title='bbox 471 794 651 827; x_wconf 86' lang='lat' dir='ltr'>mortem</span> <span class='ocrx_word' id='word_1_106' title='bbox 674 803 808 839; x_wconf 85' lang='lat' dir='ltr'>vsque</span> <span class='ocrx_word' id='word_1_107' title='bbox 831 803 956 839; x_wconf 89' lang='lat' dir='ltr'>passo</span> <span class='ocrx_word' id='word_1_108' title='bbox 970 794 985 828; x_wconf 63' lang='grc' dir='ltr'>’Β</span> 
     </span>
    </p>

    <p class='ocr_par' dir='ltr' id='par_1_5' title="bbox 247 844 1822 1059">
     <span class='ocr_line' id='line_1_13' title="bbox 303 844 1822 894; baseline -0.001 -12"><span class='ocrx_word' id='word_1_109' title='bbox 303 844 442 891; x_wconf 83' lang='lat' dir='ltr'>Quare</span> <span class='ocrx_word' id='word_1_110' title='bbox 475 849 525 882; x_wconf 83' lang='lat' dir='ltr'>vt</span> <span class='ocrx_word' id='word_1_111' title='bbox 557 857 641 882; x_wconf 90' lang='lat' dir='ltr'>non</span> <span class='ocrx_word' id='word_1_112' title='bbox 674 858 751 894; x_wconf 90' lang='lat' dir='ltr'>ego</span> <span class='ocrx_word' id='word_1_113' title='bbox 784 845 899 882; x_wconf 86' lang='lat' dir='ltr'>solus</span> <span class='ocrx_word' id='word_1_114' title='bbox 930 850 972 882; x_wconf 87' lang='lat' dir='ltr'>te</span> <span class='ocrx_word' id='word_1_115' title='bbox 1004 858 1214 890; x_wconf 72' lang='lat' dir='ltr'>vocarem,</span> <span class='ocrx_word' id='word_1_116' title='bbox 1248 845 1456 882; x_wconf 86' lang='lat' dir='ltr'>Dominus</span> <span class='ocrx_word' id='word_1_117' title='bbox 1488 845 1822 882; x_wconf 83' lang='lat' dir='ltr'>Panormitanus</span> 
     </span>
     <span class='ocr_line' id='line_1_14' title="bbox 247 899 1821 950; baseline -0.001 -13"><span class='ocrx_word' id='word_1_118' title='bbox 247 901 379 938; x_wconf 90' lang='lat' dir='ltr'>eciam</span> <span class='ocrx_word' id='word_1_119' title='bbox 410 900 465 938; x_wconf 87' lang='lat' dir='ltr'>ad</span> <span class='ocrx_word' id='word_1_120' title='bbox 492 904 534 938; x_wconf 85' lang='lat' dir='ltr'>te</span> <span class='ocrx_word' id='word_1_121' title='bbox 563 900 723 937; x_wconf 80' lang='lat' dir='ltr'>scribit.</span> <span class='ocrx_word' id='word_1_122' title='bbox 784 900 847 945; x_wconf 90' lang='lat' dir='ltr'>Ei,</span> <span class='ocrx_word' id='word_1_123' title='bbox 876 905 1105 950; x_wconf 81' lang='lat' dir='ltr'>postquam</span> <span class='ocrx_word' id='word_1_124' title='bbox 1135 899 1241 937; x_wconf 86' lang='lat' dir='ltr'>nihil</span> <span class='ocrx_word' id='word_1_125' title='bbox 1270 900 1375 937; x_wconf 89' lang='lat' dir='ltr'>certi</span> <span class='ocrx_word' id='word_1_126' title='bbox 1402 912 1427 937; x_wconf 85' lang='lat' dir='ltr'>a</span> <span class='ocrx_word' id='word_1_127' title='bbox 1453 903 1494 937; x_wconf 87' lang='lat' dir='ltr'>te</span> <span class='ocrx_word' id='word_1_128' title='bbox 1520 899 1676 937; x_wconf 87' lang='lat' dir='ltr'>habere</span> <span class='ocrx_word' id='word_1_129' title='bbox 1698 900 1821 949; x_wconf 90' lang='lat' dir='ltr'>potui</span> 
     </span>
     <span class='ocr_line' id='line_1_15' title="bbox 249 955 1820 1005; baseline -0.001 -13"><span class='ocrx_word' id='word_1_130' title='bbox 249 956 452 1005; x_wconf 79' lang='lat' dir='ltr'>responsi,</span> <span class='ocrx_word' id='word_1_131' title='bbox 469 955 637 993; x_wconf 85' lang='lat' dir='ltr'>litteras</span> <span class='ocrx_word' id='word_1_132' title='bbox 652 959 748 992; x_wconf 89' lang='lat' dir='ltr'>tuas</span> <span class='ocrx_word' id='word_1_133' title='bbox 765 955 819 992; x_wconf 88' lang='lat' dir='ltr'>ad</span> <span class='ocrx_word' id='word_1_134' title='bbox 835 968 900 992; x_wconf 90' lang='lat' dir='ltr'>me</span> <span class='ocrx_word' id='word_1_135' title='bbox 914 955 1039 993; x_wconf 84' lang='lat' dir='ltr'>datas</span> <span class='ocrx_word' id='word_1_136' title='bbox 1057 955 1237 992; x_wconf 84' lang='lat' dir='ltr'>ostendi.</span> <span class='ocrx_word' id='word_1_137' title='bbox 1271 955 1355 992; x_wconf 82' lang='lat' dir='ltr'>Fac</span> <span class='ocrx_word' id='word_1_138' title='bbox 1371 955 1499 1004; x_wconf 88' lang='lat' dir='ltr'>igitur</span> <span class='ocrx_word' id='word_1_139' title='bbox 1516 955 1679 992; x_wconf 86' lang='lat' dir='ltr'>rcsolue</span> <span class='ocrx_word' id='word_1_140' title='bbox 1697 960 1820 992; x_wconf 87' lang='lat' dir='ltr'>tuum</span> 
     </span>
     <span class='ocr_line' id='line_1_16' title="bbox 248 1009 1821 1059; baseline -0.001 -12"><span class='ocrx_word' id='word_1_141' title='bbox 248 1011 452 1056; x_wconf 85' lang='lat' dir='ltr'>animum,</span> <span class='ocrx_word' id='word_1_142' title='bbox 488 1015 532 1048; x_wconf 89' lang='lat' dir='ltr'>et</span> <span class='ocrx_word' id='word_1_143' title='bbox 568 1009 757 1059; x_wconf 84' lang='lat' dir='ltr'>significa</span> <span class='ocrx_word' id='word_1_144' title='bbox 794 1010 916 1047; x_wconf 89' lang='lat' dir='ltr'>nobis</span> <span class='ocrx_word' id='word_1_145' title='bbox 951 1024 1005 1048; x_wconf 90' lang='lat' dir='ltr'>an</span> <span class='ocrx_word' id='word_1_146' title='bbox 1040 1011 1197 1048; x_wconf 88' lang='lat' dir='ltr'>reuerti</span> <span class='ocrx_word' id='word_1_147' title='bbox 1234 1010 1351 1047; x_wconf 78' lang='lat' dir='ltr'>velis.</span> <span class='ocrx_word' id='word_1_148' title='bbox 1413 1010 1602 1047; x_wconf 82' lang='lat' dir='ltr'>Habebis</span> <span class='ocrx_word' id='word_1_149' title='bbox 1635 1010 1700 1047; x_wconf 94' lang='lat' dir='ltr'>hic</span> <span class='ocrx_word' id='word_1_150' title='bbox 1736 1022 1821 1047; x_wconf 91' lang='lat' dir='ltr'>non</span> 
     </span>
    </p>

    <p class='ocr_par' dir='ltr' id='par_1_6' title="bbox 170 1065 1824 1335">
     <span class='ocr_line' id='line_1_17' title="bbox 170 1065 1821 1114; baseline 0 -12"><span class='ocrx_word' id='word_1_151' title='bbox 170 1077 230 1107; x_wconf 88' lang='lat'>130</span> <span class='ocrx_word' id='word_1_152' title='bbox 250 1065 377 1103; x_wconf 87' lang='lat' dir='ltr'>modo</span> <span class='ocrx_word' id='word_1_153' title='bbox 416 1067 565 1103; x_wconf 89' lang='lat' dir='ltr'>vinum</span> <span class='ocrx_word' id='word_1_154' title='bbox 606 1065 970 1114; x_wconf 84' lang='lat' dir='ltr'>Burgundiacum,</span> <span class='ocrx_word' id='word_1_155' title='bbox 1011 1066 1131 1102; x_wconf 90' lang='lat' dir='ltr'>cuius</span> <span class='ocrx_word' id='word_1_156' title='bbox 1172 1069 1213 1102; x_wconf 86' lang='lat' dir='ltr'>te</span> <span class='ocrx_word' id='word_1_157' title='bbox 1249 1078 1351 1102; x_wconf 80' lang='lat' dir='ltr'>vsus</span> <span class='ocrx_word' id='word_1_158' title='bbox 1394 1065 1488 1102; x_wconf 86' lang='lat' dir='ltr'>istic</span> <span class='ocrx_word' id='word_1_159' title='bbox 1528 1065 1706 1108; x_wconf 78' lang='lat' dir='ltr'>detinet,</span> <span class='ocrx_word' id='word_1_160' title='bbox 1749 1065 1821 1102; x_wconf 89' lang='lat' dir='ltr'>sed</span> 
     </span>
     <span class='ocr_line' id='line_1_18' title="bbox 249 1120 1821 1169; baseline -0.001 -11"><span class='ocrx_word' id='word_1_161' title='bbox 249 1122 393 1158; x_wconf 88' lang='lat' dir='ltr'>omnia</span> <span class='ocrx_word' id='word_1_162' title='bbox 423 1121 508 1163; x_wconf 85' lang='lat' dir='ltr'>alia</span> <span class='ocrx_word' id='word_1_163' title='bbox 538 1121 651 1165; x_wconf 86' lang='lat' dir='ltr'>vina,</span> <span class='ocrx_word' id='word_1_164' title='bbox 683 1121 839 1169; x_wconf 88' lang='lat' dir='ltr'>quibus</span> <span class='ocrx_word' id='word_1_165' title='bbox 870 1125 999 1158; x_wconf 87' lang='lat' dir='ltr'>antea</span> <span class='ocrx_word' id='word_1_166' title='bbox 1028 1134 1072 1158; x_wconf 85' lang='lat' dir='ltr'>es</span> <span class='ocrx_word' id='word_1_167' title='bbox 1106 1134 1207 1157; x_wconf 82' lang='lat' dir='ltr'>vsus</span> <span class='ocrx_word' id='word_1_168' title='bbox 1240 1125 1282 1157; x_wconf 87' lang='lat' dir='ltr'>et</span> <span class='ocrx_word' id='word_1_169' title='bbox 1316 1124 1436 1157; x_wconf 87' lang='lat' dir='ltr'>tuam</span> <span class='ocrx_word' id='word_1_170' title='bbox 1467 1121 1689 1157; x_wconf 90' lang='lat' dir='ltr'>nutriuisti</span> <span class='ocrx_word' id='word_1_171' title='bbox 1722 1120 1821 1157; x_wconf 87' lang='lat' dir='ltr'>olim</span> 
     </span>
     <span class='ocr_line' id='line_1_19' title="bbox 249 1175 1824 1225; baseline -0.001 -12"><span class='ocrx_word' id='word_1_172' title='bbox 249 1180 452 1214; x_wconf 87' lang='lat' dir='ltr'>aetatem.</span> <span class='ocrx_word' id='word_1_173' title='bbox 512 1175 703 1213; x_wconf 82' lang='lat' dir='ltr'>Habebis</span> <span class='ocrx_word' id='word_1_174' title='bbox 721 1176 853 1213; x_wconf 88' lang='lat' dir='ltr'>eciam</span> <span class='ocrx_word' id='word_1_175' title='bbox 871 1175 1104 1224; x_wconf 85' lang='lat' dir='ltr'>aliquando</span> <span class='ocrx_word' id='word_1_176' title='bbox 1121 1175 1430 1225; x_wconf 87' lang='lat' dir='ltr'>Hungaricum,</span> <span class='ocrx_word' id='word_1_177' title='bbox 1448 1188 1533 1213; x_wconf 91' lang='lat' dir='ltr'>non</span> <span class='ocrx_word' id='word_1_178' title='bbox 1551 1176 1670 1225; x_wconf 89' lang='lat' dir='ltr'>peius</span> <span class='ocrx_word' id='word_1_179' title='bbox 1688 1188 1824 1224; x_wconf 88' lang='lat' dir='ltr'>neque</span> 
     </span>
     <span class='ocr_line' id='line_1_20' title="bbox 250 1230 1821 1280; baseline -0.001 -12"><span class='ocrx_word' id='word_1_180' title='bbox 250 1232 469 1268; x_wconf 89' lang='lat' dir='ltr'>insuauius</span> <span class='ocrx_word' id='word_1_181' title='bbox 506 1230 830 1280; x_wconf 87' lang='lat' dir='ltr'>Burgundiaco;</span> <span class='ocrx_word' id='word_1_182' title='bbox 874 1230 990 1280; x_wconf 86' lang='lat' dir='ltr'>quod</span> <span class='ocrx_word' id='word_1_183' title='bbox 1025 1244 1076 1268; x_wconf 83' lang='lat' dir='ltr'>ex</span> <span class='ocrx_word' id='word_1_184' title='bbox 1113 1231 1336 1280; x_wconf 82' lang='lat' dir='ltr'>Hungaria</span> <span class='ocrx_word' id='word_1_185' title='bbox 1370 1231 1558 1279; x_wconf 80' lang='lat' dir='ltr'>Reginae</span> <span class='ocrx_word' id='word_1_186' title='bbox 1600 1230 1680 1268; x_wconf 89' lang='lat' dir='ltr'>huc</span> <span class='ocrx_word' id='word_1_187' title='bbox 1721 1231 1821 1268; x_wconf 90' lang='lat' dir='ltr'>naui</span> 
     </span>
     <span class='ocr_line' id='line_1_21' title="bbox 249 1285 1824 1335; baseline -0.001 -12"><span class='ocrx_word' id='word_1_188' title='bbox 249 1286 431 1324; x_wconf 88' lang='lat' dir='ltr'>allatum</span> <span class='ocrx_word' id='word_1_189' title='bbox 462 1291 528 1323; x_wconf 86' lang='lat' dir='ltr'>est</span> <span class='ocrx_word' id='word_1_190' title='bbox 558 1290 614 1331; x_wconf 89' lang='lat' dir='ltr'>et,</span> <span class='ocrx_word' id='word_1_191' title='bbox 646 1287 679 1322; x_wconf 83' lang='lat' dir='ltr'>si</span> <span class='ocrx_word' id='word_1_192' title='bbox 710 1298 794 1335; x_wconf 84' lang='lat' dir='ltr'>pax</span> <span class='ocrx_word' id='word_1_193' title='bbox 827 1286 868 1322; x_wconf 92' lang='lat' dir='ltr'>in</span> <span class='ocrx_word' id='word_1_194' title='bbox 900 1299 995 1323; x_wconf 88' lang='lat' dir='ltr'>mea</span> <span class='ocrx_word' id='word_1_195' title='bbox 1020 1286 1243 1335; x_wconf 83' lang='lat' dir='ltr'>Hungaria</span> <span class='ocrx_word' id='word_1_196' title='bbox 1272 1290 1419 1323; x_wconf 88' lang='lat' dir='ltr'>secuta</span> <span class='ocrx_word' id='word_1_197' title='bbox 1446 1285 1589 1330; x_wconf 84' lang='lat' dir='ltr'>fuerit,</span> <span class='ocrx_word' id='word_1_198' title='bbox 1621 1285 1824 1323; x_wconf 80' lang='lat' dir='ltr'>afferetur</span> 
     </span>
    </p>

    <p class='ocr_par' dir='ltr' id='par_1_7' title="bbox 171 1340 1826 1556">
     <span class='ocr_line' id='line_1_22' title="bbox 171 1340 1823 1390; baseline -0.001 -12"><span class='ocrx_word' id='word_1_199' title='bbox 171 1353 230 1384; x_wconf 83' lang='lat'>135</span> <span class='ocrx_word' id='word_1_200' title='bbox 250 1342 488 1379; x_wconf 78' lang='lat' dir='ltr'>annuatim.</span> <span class='ocrx_word' id='word_1_201' title='bbox 549 1340 590 1378; x_wconf 71' lang='lat' dir='ltr'>Si</span> <span class='ocrx_word' id='word_1_202' title='bbox 612 1341 832 1390; x_wconf 87' lang='lat' dir='ltr'>quippiam</span> <span class='ocrx_word' id='word_1_203' title='bbox 854 1341 897 1378; x_wconf 91' lang='lat' dir='ltr'>in</span> <span class='ocrx_word' id='word_1_204' title='bbox 920 1341 1167 1378; x_wconf 81' lang='lat' dir='ltr'>venditione</span> <span class='ocrx_word' id='word_1_205' title='bbox 1189 1341 1341 1378; x_wconf 86' lang='lat' dir='ltr'>domus</span> <span class='ocrx_word' id='word_1_206' title='bbox 1359 1340 1484 1378; x_wconf 86' lang='lat' dir='ltr'>isthic</span> <span class='ocrx_word' id='word_1_207' title='bbox 1502 1345 1602 1378; x_wconf 85' lang='lat' dir='ltr'>tuae</span> <span class='ocrx_word' id='word_1_208' title='bbox 1619 1341 1823 1385; x_wconf 77' lang='lat' dir='ltr'>amiseris,</span> 
     </span>
     <span class='ocr_line' id='line_1_23' title="bbox 251 1396 1826 1446; baseline -0.001 -11"><span class='ocrx_word' id='word_1_209' title='bbox 251 1396 465 1441; x_wconf 89' lang='lat' dir='ltr'>solatium,</span> <span class='ocrx_word' id='word_1_210' title='bbox 488 1396 603 1445; x_wconf 84' lang='lat' dir='ltr'>quod</span> <span class='ocrx_word' id='word_1_211' title='bbox 626 1396 853 1433; x_wconf 88' lang='lat' dir='ltr'>habiturus</span> <span class='ocrx_word' id='word_1_212' title='bbox 874 1409 918 1433; x_wconf 90' lang='lat' dir='ltr'>es</span> <span class='ocrx_word' id='word_1_213' title='bbox 939 1397 981 1433; x_wconf 89' lang='lat' dir='ltr'>in</span> <span class='ocrx_word' id='word_1_214' title='bbox 1003 1396 1094 1434; x_wconf 91' lang='lat' dir='ltr'>solo</span> <span class='ocrx_word' id='word_1_215' title='bbox 1116 1397 1256 1446; x_wconf 90' lang='lat' dir='ltr'>patrio</span> <span class='ocrx_word' id='word_1_216' title='bbox 1278 1409 1372 1433; x_wconf 85' lang='lat' dir='ltr'>cum</span> <span class='ocrx_word' id='word_1_217' title='bbox 1397 1397 1483 1433; x_wconf 88' lang='lat' dir='ltr'>tuis</span> <span class='ocrx_word' id='word_1_218' title='bbox 1501 1396 1667 1445; x_wconf 85' lang='lat' dir='ltr'>aliaque</span> <span class='ocrx_word' id='word_1_219' title='bbox 1690 1400 1765 1433; x_wconf 87' lang='lat' dir='ltr'>tua</span> <span class='ocrx_word' id='word_1_220' title='bbox 1782 1398 1826 1432; x_wconf 86' lang='lat' dir='ltr'>et</span> 
     </span>
     <span class='ocr_line' id='line_1_24' title="bbox 250 1451 1824 1501; baseline -0.001 -12"><span class='ocrx_word' id='word_1_221' title='bbox 250 1456 351 1489; x_wconf 86' lang='lat' dir='ltr'>tuae</span> <span class='ocrx_word' id='word_1_222' title='bbox 368 1452 550 1501; x_wconf 83' lang='lat' dir='ltr'>regionis</span> <span class='ocrx_word' id='word_1_223' title='bbox 567 1451 792 1489; x_wconf 90' lang='lat' dir='ltr'>commoda</span> <span class='ocrx_word' id='word_1_224' title='bbox 810 1466 816 1495; x_wconf 85' lang='grc'>;</span> <span class='ocrx_word' id='word_1_225' title='bbox 844 1455 887 1488; x_wconf 83' lang='grc'>01;</span> <span class='ocrx_word' id='word_1_226' title='bbox 905 1464 981 1489; x_wconf 87' lang='grc'>1103</span> <span class='ocrx_word' id='word_1_227' title='bbox 999 1452 1123 1489; x_wconf 85' lang='lat' dir='ltr'>amici</span> <span class='ocrx_word' id='word_1_228' title='bbox 1141 1452 1214 1500; x_wconf 89' lang='lat' dir='ltr'>qui</span> <span class='ocrx_word' id='word_1_229' title='bbox 1231 1464 1379 1488; x_wconf 87' lang='lat' dir='ltr'>sumus</span> <span class='ocrx_word' id='word_1_230' title='bbox 1398 1452 1461 1488; x_wconf 89' lang='lat' dir='ltr'>tui</span> <span class='ocrx_word' id='word_1_231' title='bbox 1478 1451 1519 1488; x_wconf 90' lang='lat' dir='ltr'>id</span> <span class='ocrx_word' id='word_1_232' title='bbox 1537 1463 1633 1488; x_wconf 91' lang='lat' dir='ltr'>cum</span> <span class='ocrx_word' id='word_1_233' title='bbox 1652 1451 1824 1488; x_wconf 84' lang='lat' dir='ltr'>foenore</span> 
     </span>
     <span class='ocr_line' id='line_1_25' title="bbox 251 1507 681 1556; baseline -0.005 -11"><span class='ocrx_word' id='word_1_234' title='bbox 251 1507 681 1556; x_wconf 83' lang='lat' dir='ltr'>recompensabimus.</span> 
     </span>
    </p>

    <p class='ocr_par' dir='ltr' id='par_1_8' title="bbox 306 1561 1824 1611">
     <span class='ocr_line' id='line_1_26' title="bbox 306 1561 1824 1611; baseline -0.001 -12"><span class='ocrx_word' id='word_1_235' title='bbox 306 1562 449 1600; x_wconf 68' lang='lat' dir='ltr'>Scribe</span> <span class='ocrx_word' id='word_1_236' title='bbox 471 1562 602 1611; x_wconf 85' lang='lat' dir='ltr'>igitur</span> <span class='ocrx_word' id='word_1_237' title='bbox 623 1562 728 1599; x_wconf 86' lang='lat' dir='ltr'>certi</span> <span class='ocrx_word' id='word_1_238' title='bbox 750 1561 924 1610; x_wconf 85' lang='lat' dir='ltr'>aliquid.</span> <span class='ocrx_word' id='word_1_239' title='bbox 986 1561 1076 1611; x_wconf 86' lang='lat' dir='ltr'>Ego</span> <span class='ocrx_word' id='word_1_240' title='bbox 1097 1561 1299 1611; x_wconf 88' lang='lat' dir='ltr'>quicquid</span> <span class='ocrx_word' id='word_1_241' title='bbox 1329 1562 1370 1598; x_wconf 92' lang='lat' dir='ltr'>in</span> <span class='ocrx_word' id='word_1_242' title='bbox 1394 1574 1459 1598; x_wconf 85' lang='grc'>1110</span> <span class='ocrx_word' id='word_1_243' title='bbox 1481 1562 1563 1599; x_wconf 92' lang='lat' dir='ltr'>erit</span> <span class='ocrx_word' id='word_1_244' title='bbox 1585 1561 1752 1606; x_wconf 83' lang='lat' dir='ltr'>faciam,</span> <span class='ocrx_word' id='word_1_245' title='bbox 1777 1565 1824 1598; x_wconf 87' lang='lat' dir='ltr'>vt</span> 
     </span>
    </p>

    <p class='ocr_par' dir='ltr' id='par_1_9' title="bbox 173 1616 1826 1888">
     <span class='ocr_line' id='line_1_27' title="bbox 173 1616 1825 1667; baseline 0.001 -16"><span class='ocrx_word' id='word_1_246' title='bbox 173 1630 232 1661; x_wconf 84' lang='lat'>140</span> <span class='ocrx_word' id='word_1_247' title='bbox 252 1621 299 1655; x_wconf 86' lang='lat' dir='ltr'>tu</span> <span class='ocrx_word' id='word_1_248' title='bbox 332 1618 419 1667; x_wconf 89' lang='lat' dir='ltr'>ipse</span> <span class='ocrx_word' id='word_1_249' title='bbox 449 1617 637 1654; x_wconf 81' lang='lat' dir='ltr'>iudicare</span> <span class='ocrx_word' id='word_1_250' title='bbox 668 1617 804 1666; x_wconf 88' lang='lat' dir='ltr'>possis</span> <span class='ocrx_word' id='word_1_251' title='bbox 836 1616 936 1654; x_wconf 91' lang='lat' dir='ltr'>boni</span> <span class='ocrx_word' id='word_1_252' title='bbox 966 1618 1091 1654; x_wconf 90' lang='lat' dir='ltr'>amici</span> <span class='ocrx_word' id='word_1_253' title='bbox 1123 1618 1305 1654; x_wconf 86' lang='lat' dir='ltr'>officium</span> <span class='ocrx_word' id='word_1_254' title='bbox 1339 1617 1379 1653; x_wconf 92' lang='lat' dir='ltr'>in</span> <span class='ocrx_word' id='word_1_255' title='bbox 1411 1621 1531 1654; x_wconf 86' lang='lat' dir='ltr'>tuam</span> <span class='ocrx_word' id='word_1_256' title='bbox 1562 1629 1650 1654; x_wconf 90' lang='lat' dir='ltr'>rem</span> <span class='ocrx_word' id='word_1_257' title='bbox 1678 1629 1743 1654; x_wconf 91' lang='lat' dir='ltr'>me</span> <span class='ocrx_word' id='word_1_258' title='bbox 1774 1629 1825 1653; x_wconf 78' lang='lat' dir='ltr'>ex</span> 
     </span>
     <span class='ocr_line' id='line_1_28' title="bbox 251 1671 1825 1722; baseline -0.001 -12"><span class='ocrx_word' id='word_1_259' title='bbox 251 1674 395 1710; x_wconf 90' lang='lat' dir='ltr'>animo</span> <span class='ocrx_word' id='word_1_260' title='bbox 416 1673 694 1722; x_wconf 82' lang='lat' dir='ltr'>praestitisse.</span> <span class='ocrx_word' id='word_1_261' title='bbox 746 1671 857 1709; x_wconf 87' lang='lat' dir='ltr'>Nam</span> <span class='ocrx_word' id='word_1_262' title='bbox 875 1672 1016 1721; x_wconf 84' lang='lat' dir='ltr'>quoad</span> <span class='ocrx_word' id='word_1_263' title='bbox 1039 1672 1166 1710; x_wconf 89' lang='lat' dir='ltr'>dubie</span> <span class='ocrx_word' id='word_1_264' title='bbox 1187 1671 1317 1709; x_wconf 88' lang='lat' dir='ltr'>fueris</span> <span class='ocrx_word' id='word_1_265' title='bbox 1340 1671 1592 1717; x_wconf 85' lang='lat' dir='ltr'>voluntatis,</span> <span class='ocrx_word' id='word_1_266' title='bbox 1615 1676 1658 1709; x_wconf 88' lang='lat' dir='ltr'>et</span> <span class='ocrx_word' id='word_1_267' title='bbox 1680 1684 1764 1709; x_wconf 93' lang='lat' dir='ltr'>non</span> <span class='ocrx_word' id='word_1_268' title='bbox 1783 1675 1825 1709; x_wconf 91' lang='lat' dir='ltr'>te</span> 
     </span>
     <span class='ocr_line' id='line_1_29' title="bbox 251 1726 1825 1777; baseline -0.001 -12"><span class='ocrx_word' id='word_1_269' title='bbox 251 1728 373 1765; x_wconf 85' lang='lat' dir='ltr'>nobis</span> <span class='ocrx_word' id='word_1_270' title='bbox 409 1728 638 1777; x_wconf 86' lang='lat' dir='ltr'>aperueris,</span> <span class='ocrx_word' id='word_1_271' title='bbox 673 1740 748 1764; x_wconf 88' lang='lat' dir='ltr'>nee</span> <span class='ocrx_word' id='word_1_272' title='bbox 786 1727 1015 1764; x_wconf 88' lang='lat' dir='ltr'>honestum</span> <span class='ocrx_word' id='word_1_273' title='bbox 1051 1731 1128 1771; x_wconf 86' lang='lat' dir='ltr'>est,</span> <span class='ocrx_word' id='word_1_274' title='bbox 1165 1740 1239 1764; x_wconf 89' lang='lat' dir='ltr'>nec</span> <span class='ocrx_word' id='word_1_275' title='bbox 1273 1727 1373 1764; x_wconf 89' lang='lat' dir='ltr'>licet</span> <span class='ocrx_word' id='word_1_276' title='bbox 1409 1727 1463 1764; x_wconf 85' lang='lat' dir='ltr'>ad</span> <span class='ocrx_word' id='word_1_277' title='bbox 1499 1726 1662 1776; x_wconf 83' lang='lat' dir='ltr'>aliquid</span> <span class='ocrx_word' id='word_1_278' title='bbox 1697 1727 1748 1764; x_wconf 83' lang='lat' dir='ltr'>de</span> <span class='ocrx_word' id='word_1_279' title='bbox 1783 1731 1825 1764; x_wconf 89' lang='lat' dir='ltr'>te</span> 
     </span>
     <span class='ocr_line' id='line_1_30' title="bbox 251 1781 1825 1832; baseline -0.001 -12"><span class='ocrx_word' id='word_1_280' title='bbox 251 1782 464 1832; x_wconf 81' lang='lat' dir='ltr'>agendum</span> <span class='ocrx_word' id='word_1_281' title='bbox 482 1796 549 1820; x_wconf 90' lang='lat' dir='ltr'>mc</span> <span class='ocrx_word' id='word_1_282' title='bbox 568 1782 776 1832; x_wconf 83' lang='lat' dir='ltr'>Reginam</span> <span class='ocrx_word' id='word_1_283' title='bbox 794 1782 969 1820; x_wconf 85' lang='lat' dir='ltr'>hortari.</span> <span class='ocrx_word' id='word_1_284' title='bbox 1030 1782 1126 1819; x_wconf 92' lang='lat' dir='ltr'>Non</span> <span class='ocrx_word' id='word_1_285' title='bbox 1144 1795 1277 1831; x_wconf 87' lang='lat' dir='ltr'>vsque</span> <span class='ocrx_word' id='word_1_286' title='bbox 1295 1782 1402 1823; x_wconf 76' lang='lat' dir='ltr'>adeo</span> <span class='ocrx_word' id='word_1_287' title='bbox 1419 1781 1574 1819; x_wconf 87' lang='lat' dir='ltr'>Caesar</span> <span class='ocrx_word' id='word_1_288' title='bbox 1591 1781 1825 1819; x_wconf 83' lang='lat' dir='ltr'>demessuit</span> 
     </span>
     <span class='ocr_line' id='line_1_31' title="bbox 253 1837 1826 1888; baseline -0.001 -13"><span class='ocrx_word' id='word_1_289' title='bbox 253 1842 450 1888; x_wconf 82' lang='lat' dir='ltr'>segetem,</span> <span class='ocrx_word' id='word_1_290' title='bbox 477 1839 580 1887; x_wconf 90' lang='lat' dir='ltr'>quin</span> <span class='ocrx_word' id='word_1_291' title='bbox 606 1842 649 1875; x_wconf 90' lang='lat' dir='ltr'>et</span> <span class='ocrx_word' id='word_1_292' title='bbox 676 1837 863 1887; x_wconf 82' lang='lat' dir='ltr'>Reginae</span> <span class='ocrx_word' id='word_1_293' title='bbox 890 1849 1010 1874; x_wconf 87' lang='lat' dir='ltr'>suam</span> <span class='ocrx_word' id='word_1_294' title='bbox 1035 1849 1214 1875; x_wconf 88' lang='lat' dir='ltr'>messem</span> <span class='ocrx_word' id='word_1_295' title='bbox 1240 1837 1484 1886; x_wconf 69' lang='lat' dir='ltr'>reliqueritz</span> <span class='ocrx_word' id='word_1_296' title='bbox 1512 1850 1562 1874; x_wconf 86' lang='lat' dir='ltr'>ex</span> <span class='ocrx_word' id='word_1_297' title='bbox 1592 1849 1677 1886; x_wconf 85' lang='lat' dir='ltr'>qua</span> <span class='ocrx_word' id='word_1_298' title='bbox 1705 1837 1826 1874; x_wconf 87' lang='lat' dir='ltr'>bonis</span> 
     </span>
    </p>

    <p class='ocr_par' dir='ltr' id='par_1_10' title="bbox 173 1893 780 1943">
     <span class='ocr_line' id='line_1_32' title="bbox 173 1893 780 1943; baseline 0.003 -16"><span class='ocrx_word' id='word_1_299' title='bbox 173 1905 232 1937; x_wconf 80' lang='lat'>145</span> <span class='ocrx_word' id='word_1_300' title='bbox 253 1894 355 1930; x_wconf 86' lang='lat' dir='ltr'>viris</span> <span class='ocrx_word' id='word_1_301' title='bbox 376 1893 604 1930; x_wconf 88' lang='lat' dir='ltr'>subuenire</span> <span class='ocrx_word' id='word_1_302' title='bbox 624 1897 780 1943; x_wconf 87' lang='lat' dir='ltr'>posset.</span> 
     </span>
    </p>

    <p class='ocr_par' dir='ltr' id='par_1_11' title="bbox 255 1946 1827 2163">
     <span class='ocr_line' id='line_1_33' title="bbox 308 1946 1826 1998; baseline -0.001 -12"><span class='ocrx_word' id='word_1_303' title='bbox 308 1948 405 1986; x_wconf 90' lang='lat' dir='ltr'>Non</span> <span class='ocrx_word' id='word_1_304' title='bbox 441 1948 678 1998; x_wconf 86' lang='lat' dir='ltr'>Episcopus</span> <span class='ocrx_word' id='word_1_305' title='bbox 713 1948 851 1985; x_wconf 89' lang='lat' dir='ltr'>solum</span> <span class='ocrx_word' id='word_1_306' title='bbox 887 1946 1138 1992; x_wconf 86' lang='lat' dir='ltr'>Culmensis,</span> <span class='ocrx_word' id='word_1_307' title='bbox 1175 1946 1247 1984; x_wconf 84' lang='lat' dir='ltr'>sed</span> <span class='ocrx_word' id='word_1_308' title='bbox 1278 1960 1355 1996; x_wconf 90' lang='lat' dir='ltr'>ego</span> <span class='ocrx_word' id='word_1_309' title='bbox 1390 1959 1560 1996; x_wconf 89' lang='lat' dir='ltr'>quoque</span> <span class='ocrx_word' id='word_1_310' title='bbox 1593 1946 1826 1996; x_wconf 88' lang='lat' dir='ltr'>plurimum</span> 
     </span>
     <span class='ocr_line' id='line_1_34' title="bbox 255 2001 1825 2052; baseline -0.001 -11"><span class='ocrx_word' id='word_1_311' title='bbox 255 2016 579 2041; x_wconf 87' lang='lat' dir='ltr'>succensueram</span> <span class='ocrx_word' id='word_1_312' title='bbox 615 2003 740 2040; x_wconf 86' lang='lat' dir='ltr'>Dano</span> <span class='ocrx_word' id='word_1_313' title='bbox 776 2016 869 2040; x_wconf 90' lang='lat' dir='ltr'>meo</span> <span class='ocrx_word' id='word_1_314' title='bbox 899 2006 1074 2052; x_wconf 88' lang='lat' dir='ltr'>propter</span> <span class='ocrx_word' id='word_1_315' title='bbox 1103 2002 1331 2052; x_wconf 87' lang='lat' dir='ltr'>epistolam</span> <span class='ocrx_word' id='word_1_316' title='bbox 1363 2006 1483 2039; x_wconf 86' lang='lat' dir='ltr'>tuam</span> <span class='ocrx_word' id='word_1_317' title='bbox 1515 2001 1825 2040; x_wconf 84' lang='lat' dir='ltr'>circumlatam.</span> 
     </span>
     <span class='ocr_line' id='line_1_35' title="bbox 255 2057 1826 2106; baseline -0.001 -10"><span class='ocrx_word' id='word_1_318' title='bbox 255 2058 336 2096; x_wconf 81' lang='lat' dir='ltr'>Sed</span> <span class='ocrx_word' id='word_1_319' title='bbox 359 2059 400 2096; x_wconf 89' lang='lat' dir='ltr'>id</span> <span class='ocrx_word' id='word_1_320' title='bbox 429 2059 530 2096; x_wconf 88' lang='lat' dir='ltr'>fecit</span> <span class='ocrx_word' id='word_1_321' title='bbox 556 2071 633 2096; x_wconf 89' lang='lat' dir='ltr'>suo</span> <span class='ocrx_word' id='word_1_322' title='bbox 658 2071 797 2101; x_wconf 84' lang='lat' dir='ltr'>more;</span> <span class='ocrx_word' id='word_1_323' title='bbox 830 2059 1001 2096; x_wconf 80' lang='lat' dir='ltr'>veniam</span> <span class='ocrx_word' id='word_1_324' title='bbox 1031 2059 1176 2106; x_wconf 85' lang='lat' dir='ltr'>itaque</span> <span class='ocrx_word' id='word_1_325' title='bbox 1204 2061 1404 2094; x_wconf 88' lang='lat' dir='ltr'>meretur.</span> <span class='ocrx_word' id='word_1_326' title='bbox 1465 2057 1554 2106; x_wconf 84' lang='lat' dir='ltr'>Ego</span> <span class='ocrx_word' id='word_1_327' title='bbox 1580 2061 1679 2094; x_wconf 80' lang='lat' dir='ltr'>vtor</span> <span class='ocrx_word' id='word_1_328' title='bbox 1706 2069 1755 2094; x_wconf 93' lang='lat' dir='ltr'>eo</span> <span class='ocrx_word' id='word_1_329' title='bbox 1784 2058 1826 2094; x_wconf 91' lang='lat' dir='ltr'>in</span> 
     </span>
     <span class='ocr_line' id='line_1_36' title="bbox 255 2112 1827 2163; baseline -0.002 -12"><span class='ocrx_word' id='word_1_330' title='bbox 255 2114 510 2151; x_wconf 85' lang='lat' dir='ltr'>rudimentis</span> <span class='ocrx_word' id='word_1_331' title='bbox 543 2113 642 2150; x_wconf 89' lang='lat' dir='ltr'>solis</span> <span class='ocrx_word' id='word_1_332' title='bbox 678 2112 835 2151; x_wconf 84' lang='lat' dir='ltr'>Grecae</span> <span class='ocrx_word' id='word_1_333' title='bbox 871 2113 1181 2163; x_wconf 81' lang='lat' dir='ltr'>grammatices,</span> <span class='ocrx_word' id='word_1_334' title='bbox 1215 2112 1268 2149; x_wconf 89' lang='lat' dir='ltr'>ad</span> <span class='ocrx_word' id='word_1_335' title='bbox 1302 2116 1470 2149; x_wconf 84' lang='lat' dir='ltr'>caetera</span> <span class='ocrx_word' id='word_1_336' title='bbox 1506 2113 1686 2161; x_wconf 77' lang='lat' dir='ltr'>parcius</span> <span class='ocrx_word' id='word_1_337' title='bbox 1748 2112 1827 2149; x_wconf 89' lang='lat' dir='ltr'>Est</span> 
     </span>
    </p>

    <p class='ocr_par' dir='ltr' id='par_1_12' title="bbox 176 2167 1828 2438">
     <span class='ocr_line' id='line_1_37' title="bbox 176 2167 1828 2219; baseline -0.002 -12"><span class='ocrx_word' id='word_1_338' title='bbox 176 2179 236 2209; x_wconf 84' lang='lat'>150</span> <span class='ocrx_word' id='word_1_339' title='bbox 254 2170 367 2206; x_wconf 87' lang='lat' dir='ltr'>enim</span> <span class='ocrx_word' id='word_1_340' title='bbox 389 2182 414 2206; x_wconf 90' lang='lat' dir='ltr'>a</span> <span class='ocrx_word' id='word_1_341' title='bbox 435 2181 566 2219; x_wconf 87' lang='lat' dir='ltr'>puero</span> <span class='ocrx_word' id='word_1_342' title='bbox 588 2169 631 2205; x_wconf 89' lang='lat' dir='ltr'>in</span> <span class='ocrx_word' id='word_1_343' title='bbox 654 2168 736 2205; x_wconf 89' lang='lat' dir='ltr'>illis</span> <span class='ocrx_word' id='word_1_344' title='bbox 757 2173 955 2206; x_wconf 81' lang='lat' dir='ltr'>versatus</span> <span class='ocrx_word' id='word_1_345' title='bbox 984 2169 1026 2205; x_wconf 94' lang='lat' dir='ltr'>in</span> <span class='ocrx_word' id='word_1_346' title='bbox 1048 2167 1159 2205; x_wconf 90' lang='lat' dir='ltr'>ludis</span> <span class='ocrx_word' id='word_1_347' title='bbox 1182 2167 1392 2205; x_wconf 88' lang='lat' dir='ltr'>literariis.</span> <span class='ocrx_word' id='word_1_348' title='bbox 1455 2167 1518 2204; x_wconf 88' lang='lat' dir='ltr'>Tu</span> <span class='ocrx_word' id='word_1_349' title='bbox 1547 2168 1581 2204; x_wconf 89' lang='lat' dir='ltr'>si</span> <span class='ocrx_word' id='word_1_350' title='bbox 1610 2168 1674 2204; x_wconf 86' lang='lat' dir='ltr'>vis</span> <span class='ocrx_word' id='word_1_351' title='bbox 1702 2167 1757 2204; x_wconf 88' lang='lat' dir='ltr'>ad</span> <span class='ocrx_word' id='word_1_352' title='bbox 1785 2171 1828 2204; x_wconf 87' lang='lat' dir='ltr'>te</span> 
     </span>
     <span class='ocr_line' id='line_1_38' title="bbox 255 2222 1827 2271; baseline -0.002 -10"><span class='ocrx_word' id='word_1_353' title='bbox 255 2224 497 2261; x_wconf 88' lang='lat' dir='ltr'>ornandum</span> <span class='ocrx_word' id='word_1_354' title='bbox 529 2227 573 2261; x_wconf 87' lang='lat' dir='ltr'>et</span> <span class='ocrx_word' id='word_1_355' title='bbox 601 2236 757 2261; x_wconf 90' lang='lat' dir='ltr'>nomen</span> <span class='ocrx_word' id='word_1_356' title='bbox 785 2227 909 2261; x_wconf 87' lang='lat' dir='ltr'>tuum</span> <span class='ocrx_word' id='word_1_357' title='bbox 940 2222 1203 2261; x_wconf 81' lang='lat' dir='ltr'>efferendum</span> <span class='ocrx_word' id='word_1_358' title='bbox 1229 2223 1318 2259; x_wconf 88' lang='lat' dir='ltr'>eius</span> <span class='ocrx_word' id='word_1_359' title='bbox 1347 2223 1410 2259; x_wconf 86' lang='lat' dir='ltr'>vti</span> <span class='ocrx_word' id='word_1_360' title='bbox 1439 2234 1579 2271; x_wconf 77' lang='lat' dir='ltr'>opera,</span> <span class='ocrx_word' id='word_1_361' title='bbox 1609 2222 1744 2259; x_wconf 87' lang='lat' dir='ltr'>scribe</span> <span class='ocrx_word' id='word_1_362' title='bbox 1772 2222 1827 2259; x_wconf 85' lang='lat' dir='ltr'>ad</span> 
     </span>
     <span class='ocr_line' id='line_1_39' title="bbox 255 2275 1826 2328; baseline -0.002 -12"><span class='ocrx_word' id='word_1_363' title='bbox 255 2292 364 2323; x_wconf 89' lang='lat' dir='ltr'>eum,</span> <span class='ocrx_word' id='word_1_364' title='bbox 399 2283 443 2316; x_wconf 89' lang='lat' dir='ltr'>et</span> <span class='ocrx_word' id='word_1_365' title='bbox 477 2283 597 2316; x_wconf 84' lang='lat' dir='ltr'>vtere</span> <span class='ocrx_word' id='word_1_366' title='bbox 627 2291 676 2316; x_wconf 86' lang='grc'>00</span> <span class='ocrx_word' id='word_1_367' title='bbox 706 2282 764 2327; x_wconf 83' lang='grc' dir='ltr'>τῷ</span> <span class='ocrx_word' id='word_1_368' title='bbox 795 2277 1066 2328; x_wconf 83' lang='grc' dir='ltr'>ἐγκωμιάστῃ,</span> <span class='ocrx_word' id='word_1_369' title='bbox 1098 2277 1396 2314; x_wconf 86' lang='lat' dir='ltr'>laudatissimo</span> <span class='ocrx_word' id='word_1_370' title='bbox 1426 2279 1529 2314; x_wconf 87' lang='lat' dir='ltr'>viro.</span> <span class='ocrx_word' id='word_1_371' title='bbox 1589 2275 1826 2314; x_wconf 84' lang='lat' dir='ltr'>Gerardum</span> 
     </span>
     <span class='ocr_line' id='line_1_40' title="bbox 256 2331 1828 2382; baseline -0.002 -11"><span class='ocrx_word' id='word_1_372' title='bbox 256 2334 468 2371; x_wconf 88' lang='lat' dir='ltr'>medicum</span> <span class='ocrx_word' id='word_1_373' title='bbox 504 2333 687 2371; x_wconf 90' lang='lat' dir='ltr'>libenter</span> <span class='ocrx_word' id='word_1_374' title='bbox 723 2333 823 2379; x_wconf 88' lang='lat' dir='ltr'>vidi,</span> <span class='ocrx_word' id='word_1_375' title='bbox 861 2334 1008 2371; x_wconf 86' lang='lat' dir='ltr'>curaui</span> <span class='ocrx_word' id='word_1_376' title='bbox 1039 2337 1088 2369; x_wconf 88' lang='lat' dir='ltr'>vt</span> <span class='ocrx_word' id='word_1_377' title='bbox 1119 2332 1296 2370; x_wconf 86' lang='lat' dir='ltr'>haberet</span> <span class='ocrx_word' id='word_1_378' title='bbox 1327 2344 1577 2382; x_wconf 89' lang='lat' dir='ltr'>responsum</span> <span class='ocrx_word' id='word_1_379' title='bbox 1606 2344 1631 2369; x_wconf 87' lang='lat' dir='ltr'>a</span> <span class='ocrx_word' id='word_1_380' title='bbox 1663 2331 1828 2381; x_wconf 82' lang='lat' dir='ltr'>Regina</span> 
     </span>
     <span class='ocr_line' id='line_1_41' title="bbox 258 2387 1826 2438; baseline -0.002 -12"><span class='ocrx_word' id='word_1_381' title='bbox 258 2401 343 2426; x_wconf 92' lang='lat' dir='ltr'>non</span> <span class='ocrx_word' id='word_1_382' title='bbox 366 2390 538 2426; x_wconf 90' lang='lat' dir='ltr'>omnino</span> <span class='ocrx_word' id='word_1_383' title='bbox 560 2390 790 2438; x_wconf 89' lang='lat' dir='ltr'>ingratum.</span> <span class='ocrx_word' id='word_1_384' title='bbox 852 2387 1039 2437; x_wconf 86' lang='lat' dir='ltr'>Reginae</span> <span class='ocrx_word' id='word_1_385' title='bbox 1062 2389 1103 2424; x_wconf 94' lang='lat' dir='ltr'>in</span> <span class='ocrx_word' id='word_1_386' title='bbox 1132 2392 1175 2425; x_wconf 87' lang='lat' dir='ltr'>te</span> <span class='ocrx_word' id='word_1_387' title='bbox 1202 2387 1408 2432; x_wconf 77' lang='lat' dir='ltr'>fauorem,</span> <span class='ocrx_word' id='word_1_388' title='bbox 1438 2391 1487 2424; x_wconf 80' lang='lat' dir='ltr'>vt</span> <span class='ocrx_word' id='word_1_389' title='bbox 1507 2387 1630 2436; x_wconf 84' lang='lat' dir='ltr'>petis,</span> <span class='ocrx_word' id='word_1_390' title='bbox 1654 2399 1826 2436; x_wconf 87' lang='lat' dir='ltr'>pergam</span> 
     </span>
    </p>

    <p class='ocr_par' dir='ltr' id='par_1_13' title="bbox 176 2444 380 2483">
     <span class='ocr_line' id='line_1_42' title="bbox 176 2444 380 2483; baseline -0.01 0"><span class='ocrx_word' id='word_1_391' title='bbox 176 2453 236 2483; x_wconf 87' lang='grc' dir='ltr'>Ι55</span> <span class='ocrx_word' id='word_1_392' title='bbox 256 2444 380 2482; x_wconf 86' lang='lat' dir='ltr'>alere.</span> 
     </span>
    </p>

    <p class='ocr_par' dir='ltr' id='par_1_14' title="bbox 256 2497 1829 2657">
     <span class='ocr_line' id='line_1_43' title="bbox 312 2497 1828 2546; baseline -0.001 -11"><span class='ocrx_word' id='word_1_393' title='bbox 312 2498 434 2536; x_wconf 87' lang='lat' dir='ltr'>Hanc</span> <span class='ocrx_word' id='word_1_394' title='bbox 450 2499 735 2536; x_wconf 81' lang='lat' dir='ltr'>verbosiorem</span> <span class='ocrx_word' id='word_1_395' title='bbox 751 2498 1100 2546; x_wconf 86' lang='lat' dir='ltr'>inconditamque</span> <span class='ocrx_word' id='word_1_396' title='bbox 1116 2497 1353 2546; x_wconf 73' lang='lat' dir='ltr'>hystoriam</span> <span class='ocrx_word' id='word_1_397' title='bbox 1369 2497 1514 2546; x_wconf 89' lang='lat' dir='ltr'>pocius</span> <span class='ocrx_word' id='word_1_398' title='bbox 1529 2509 1657 2545; x_wconf 88' lang='lat' dir='ltr'>quam</span> <span class='ocrx_word' id='word_1_399' title='bbox 1672 2497 1828 2545; x_wconf 87' lang='lat' dir='ltr'>episto-</span> 
     </span>
     <span class='ocr_line' id='line_1_44' title="bbox 256 2553 1826 2602; baseline -0.001 -12"><span class='ocrx_word' id='word_1_400' title='bbox 256 2553 355 2599; x_wconf 89' lang='lat' dir='ltr'>lam,</span> <span class='ocrx_word' id='word_1_401' title='bbox 384 2553 716 2602; x_wconf 86' lang='lat' dir='ltr'>libertatemque</span> <span class='ocrx_word' id='word_1_402' title='bbox 745 2553 955 2590; x_wconf 88' lang='lat' dir='ltr'>scribendi</span> <span class='ocrx_word' id='word_1_403' title='bbox 983 2566 1034 2590; x_wconf 87' lang='lat' dir='ltr'>ex</span> <span class='ocrx_word' id='word_1_404' title='bbox 1066 2557 1236 2602; x_wconf 87' lang='lat' dir='ltr'>pectore</span> <span class='ocrx_word' id='word_1_405' title='bbox 1265 2564 1443 2601; x_wconf 73' lang='lat' dir='ltr'>syncero</span> <span class='ocrx_word' id='word_1_406' title='bbox 1471 2555 1705 2601; x_wconf 87' lang='lat' dir='ltr'>apertoque</span> <span class='ocrx_word' id='word_1_407' title='bbox 1734 2563 1826 2601; x_wconf 90' lang='lat' dir='ltr'>pro-</span> 
     </span>
     <span class='ocr_line' id='line_1_45' title="bbox 256 2606 1829 2657; baseline -0.002 -11"><span class='ocrx_word' id='word_1_408' title='bbox 256 2608 426 2653; x_wconf 84' lang='lat' dir='ltr'>fectam,</span> <span class='ocrx_word' id='word_1_409' title='bbox 450 2608 550 2646; x_wconf 90' lang='lat' dir='ltr'>boni</span> <span class='ocrx_word' id='word_1_410' title='bbox 572 2608 743 2646; x_wconf 89' lang='lat' dir='ltr'>consule</span> <span class='ocrx_word' id='word_1_411' title='bbox 764 2623 771 2653; x_wconf 85' lang='lat'><em>;</em></span> <span class='ocrx_word' id='word_1_412' title='bbox 799 2620 927 2657; x_wconf 87' lang='lat' dir='ltr'>quam</span> <span class='ocrx_word' id='word_1_413' title='bbox 947 2608 1027 2644; x_wconf 92' lang='lat' dir='ltr'>nisi</span> <span class='ocrx_word' id='word_1_414' title='bbox 1044 2608 1193 2644; x_wconf 79' lang='lat' dir='ltr'>viceris</span> <span class='ocrx_word' id='word_1_415' title='bbox 1213 2607 1295 2644; x_wconf 87' lang='lat' dir='ltr'>tuis</span> <span class='ocrx_word' id='word_1_416' title='bbox 1313 2606 1628 2656; x_wconf 86' lang='lat' dir='ltr'>prolixioribus,</span> <span class='ocrx_word' id='word_1_417' title='bbox 1647 2606 1829 2643; x_wconf 86' lang='lat' dir='ltr'>scribam</span> 
     </span>
    </p>
   </div>
   <div class='ocr_carea' id='block_1_3' title="bbox 178 2660 1828 2767">
    <p class='ocr_par' dir='ltr' id='par_1_15' title="bbox 178 2660 1828 2767">
     <span class='ocr_line' id='line_1_46' title="bbox 257 2660 1828 2713; baseline -0.001 -13"><span class='ocrx_word' id='word_1_418' title='bbox 257 2663 454 2713; x_wconf 78' lang='lat' dir='ltr'>deinceps</span> <span class='ocrx_word' id='word_1_419' title='bbox 488 2663 710 2713; x_wconf 85' lang='lat' dir='ltr'>longiores,</span> <span class='ocrx_word' id='word_1_420' title='bbox 743 2667 792 2700; x_wconf 82' lang='lat' dir='ltr'>vt</span> <span class='ocrx_word' id='word_1_421' title='bbox 823 2663 1014 2701; x_wconf 81' lang='lat' dir='ltr'>taedium</span> <span class='ocrx_word' id='word_1_422' title='bbox 1043 2662 1123 2700; x_wconf 89' lang='lat' dir='ltr'>tibi</span> <span class='ocrx_word' id='word_1_423' title='bbox 1157 2674 1228 2699; x_wconf 89' lang='lat' dir='ltr'>eas</span> <span class='ocrx_word' id='word_1_424' title='bbox 1263 2661 1426 2699; x_wconf 86' lang='lat' dir='ltr'>lecturo</span> <span class='ocrx_word' id='word_1_425' title='bbox 1462 2661 1651 2699; x_wconf 78' lang='lat' dir='ltr'>afferam.</span> <span class='ocrx_word' id='word_1_426' title='bbox 1711 2660 1828 2705; x_wconf 86' lang='lat' dir='ltr'>Vale,</span> 
     </span>
     <span class='ocr_line' id='line_1_47' title="bbox 178 2721 537 2767; baseline 0 -11"><span class='ocrx_word' id='word_1_427' title='bbox 178 2721 239 2750; x_wconf 81' lang='lat'>160</span> <span class='ocrx_word' id='word_1_428' title='bbox 258 2730 408 2767; x_wconf 87' lang='lat' dir='ltr'>meque</span> <span class='ocrx_word' id='word_1_429' title='bbox 429 2731 537 2756; x_wconf 87' lang='lat' dir='ltr'>ama.</span> 
     </span>
    </p>
   </div>
   <div class='ocr_carea' id='block_1_4' title="bbox 314 2772 1020 2820">
    <p class='ocr_par' dir='ltr' id='par_1_16' title="bbox 314 2772 1020 2820">
     <span class='ocr_line' id='line_1_48' title="bbox 314 2772 1020 2820; baseline -0.001 -10"><span class='ocrx_word' id='word_1_430' title='bbox 314 2772 540 2810; x_wconf 82' lang='lat' dir='ltr'>Bruxellae</span> <span class='ocrx_word' id='word_1_431' title='bbox 564 2774 613 2810; x_wconf 71' lang='grc'>21)</span> <span class='ocrx_word' id='word_1_432' title='bbox 635 2772 734 2811; x_wconf 85' lang='grc' dir='ltr'>Ι11111</span> <span class='ocrx_word' id='word_1_433' title='bbox 754 2772 880 2810; x_wconf 87' lang='grc' dir='ltr'>Α11110</span> <span class='ocrx_word' id='word_1_434' title='bbox 903 2781 1020 2820; x_wconf 81' lang='lat'>1532.</span> 
     </span>
    </p>
   </div>
   <div class='ocr_carea' id='block_1_5' title="bbox 847 2880 1257 2922">
    <p class='ocr_par' dir='ltr' id='par_1_17' title="bbox 847 2880 1257 2922">
     <span class='ocr_line' id='line_1_49' title="bbox 847 2880 1257 2922; baseline -0.002 -9"><span class='ocrx_word' id='word_1_435' title='bbox 847 2892 918 2922; x_wconf 84' lang='lat'>152.</span> <span class='ocrx_word' id='word_1_436' title='bbox 945 2880 1156 2922; x_wconf 83' lang='grc' dir='ltr'>ἐγκωμιάστη</span> <span class='ocrx_word' id='word_1_437' title='bbox 1174 2881 1257 2912; x_wconf 86' lang='lat' dir='ltr'>MS.</span> 
     </span>
    </p>
   </div>
   <div class='ocr_carea' id='block_1_6' title="bbox 307 3007 1723 3051">
    <p class='ocr_par' dir='ltr' id='par_1_18' title="bbox 307 3007 1723 3051">
     <span class='ocr_line' id='line_1_50' title="bbox 307 3007 1723 3051; baseline -0.003 -9"><span class='ocrx_word' id='word_1_438' title='bbox 307 3019 378 3051; x_wconf 81' lang='lat'>127.</span> <span class='ocrx_word' id='word_1_439' title='bbox 405 3010 547 3048; x_wconf 87' lang='lat' dir='ltr'>scribit]</span> <span class='ocrx_word' id='word_1_440' title='bbox 566 3010 634 3051; x_wconf 90' lang='lat' dir='ltr'>Ep.</span> <span class='ocrx_word' id='word_1_441' title='bbox 654 3011 750 3047; x_wconf 77' lang='lat'>2689.</span> <span class='ocrx_word' id='word_1_442' title='bbox 1128 3017 1200 3049; x_wconf 89' lang='lat'>147.</span> <span class='ocrx_word' id='word_1_443' title='bbox 1227 3007 1346 3046; x_wconf 82' lang='lat' dir='ltr'>Dano]</span> <span class='ocrx_word' id='word_1_444' title='bbox 1373 3007 1426 3039; x_wconf 80' lang='lat' dir='ltr'>Cf.</span> <span class='ocrx_word' id='word_1_445' title='bbox 1443 3007 1512 3048; x_wconf 86' lang='lat' dir='ltr'>Ep.</span> <span class='ocrx_word' id='word_1_446' title='bbox 1527 3010 1622 3048; x_wconf 79' lang='lat'>2644.</span> <span class='ocrx_word' id='word_1_447' title='bbox 1644 3017 1723 3048; x_wconf 85' lang='lat' dir='ltr'>24n.</span> 
     </span>
    </p>
   </div>
  </div>
 </body>
</html>
