1966 3379
153 114 274 162 2789]

565 112 636 151 TO
666 111 949 151 NICHOLAS
980 111 1311 151 BORBONIUS

1646 113 1721 149 195

152 217 315 254 lectant
334 216 569 254 iamdudum
592 217 688 254 hinc
710 217 879 254 euolare
901 216 1194 254 meditantem.
1248 216 1395 265 Neque
1418 220 1560 253 tamen
1583 216 1721 253 efferri

152 271 265 309 soleo
303 272 447 308 animo
477 272 643 320 quoties
678 272 762 308 tuis
797 272 944 320 tuique
975 271 1174 308 similium
1207 271 1294 319 (qui
1328 272 1569 320 paucissimi
1602 274 1718 317 sunt)

152 325 350 363 laudibus
384 326 427 362 in
462 326 625 363 coelum
659 325 801 363 vehor.

862 325 1044 362 Abunde
1080 325 1182 362 mihi
1223 325 1386 362 celeber
1425 338 1473 361 ac
1513 325 1719 374 gloriosus

152 379 328 417 videbor
355 380 388 417 si
415 384 512 429 post
540 384 606 417 tot
634 381 674 417 in
702 380 976 417 restituendis
1003 379 1136 417 literis
1163 380 1394 416 exhaustos
1427 379 1590 417 labores
1622 393 1718 417 cum
1739 391 1780 421 25

150 433 318 471 Christo
339 447 432 471 meo
454 434 627 471 tandem
650 434 880 483 aliquando
902 435 1173 483 requiescam.

206 488 320 533 Vale,
344 488 530 526 Borboni
552 493 679 538 poeta
701 489 987 533 mellitissime,
1011 493 1054 526 et
1083 488 1225 525 Musas
1254 489 1356 525 istas
1385 501 1493 537 quae
1522 501 1609 525 sese
1639 488 1717 525 tibi

150 545 241 580 tam
270 542 472 591 benignas
499 555 547 580 ac
576 543 819 580 famili-areis
848 543 1084 592 indulgent,
1106 555 1191 579 non
1220 547 1309 580 tam
1340 543 1559 580 hominum
1588 555 1717 591 quam

148 596 304 646 gloriae
325 596 481 634 Christi
502 598 658 635 seruire
679 597 821 635 facito.

881 596 923 635 Si
945 597 1069 634 huius
1096 597 1248 634 calculi
1275 601 1491 634 tormenta
1519 598 1717 642 sinerent,

149 651 418 700 prolixiorem
433 652 657 701 epistolam
674 652 861 689 haberes.
906 652 1082 690 Poetam
1100 651 1363 689 Salmonium
1378 651 1560 689 totidem
1579 652 1718 689 verbis
1738 663 1779 692 30

148 705 251 742 mihi
273 705 472 743 resaluta.

203 759 397 810 Friburgi
420 760 644 810 Brisgoiae,
667 772 747 798 1111.
774 761 875 799 Idus
896 761 1028 811 April.
1052 760 1177 798 Anno
1199 761 1350 798 salutis
1374 770 1490 808 1533.

448 1002 654 1042 2⁷4⁸279O.

195 1091 397 1136 Agrippae
417 1092 549 1137 Opera
569 1092 607 1132 ii,
629 1104 667 1137 p.
692 1102 795 1136 1054.

193 1141 330 1174 Jortin
350 1141 389 1181 ii,
410 1153 448 1185 p.
469 1150 553 1185 470.

721 1002 858 1042 FROM
882 1002 1154 1043 CORNELIUS
1178 1001 1406 1042 AGRIPPA.

1364 1091 1642 1133 <Frankfort.>

1362 1151 1405 1174 10
1424 1141 1538 1185 April
1562 1151 1667 1183 1533.

189 1217 280 1254 [The
298 1217 399 1256 place
418 1217 511 1247 from
529 1217 646 1247 which
662 1217 827 1257 Agrippa
843 1220 957 1247 wrote
975 1226 1041 1246 can
1060 1217 1105 1247 be
1123 1216 1306 1256 supplied,
1325 1227 1364 1247 as
1382 1217 1539 1247 another
1553 1216 1663 1247 letter
1680 1217 1718 1247 of

147 1270 186 1290 10
204 1260 308 1300 April
328 1270 409 1299 1533
427 1261 530 1300 (Agr.
551 1261 592 1291 E.
612 1271 647 1301 p.
670 1262 766 1299 1055)
786 1261 814 1291 is
831 1260 943 1291 dated
962 1261 1055 1291 from
1074 1260 1304 1298 Frankfort.]

672 1347 862 1374 AGRIPPA
883 1348 941 1373 AD
964 1347 1108 1374 ERASM
1116 1347 1188 1373 VM.

199 1408 367 1445 MVLTIS
388 1412 432 1445 et
454 1408 617 1457 magnis
639 1408 689 1445 de
712 1407 839 1445 rebus
861 1407 915 1445 ad
938 1412 980 1445 te
1002 1409 1238 1457 scripturus
1266 1407 1414 1453 forem,
1438 1412 1503 1445 ter
1529 1409 1715 1446 maxime

145 1463 332 1507 Erasme,
367 1463 447 1499 nisi
481 1476 532 1500 ex
570 1467 611 1500 te
644 1462 768 1512 plura
800 1463 1046 1511 maioraque
1081 1467 1366 1512 expectarem.
1427 1462 1492 1500 Sic
1529 1476 1715 1512 namque

143 1517 354 1567 prioribus
376 1517 510 1555 literis
532 1518 617 1554 tuis
638 1517 861 1567 polliceris⁷
886 1522 926 1554 te
950 1530 1024 1566 per
1045 1518 1183 1554 ocium
1214 1517 1362 1567 longas
1390 1530 1546 1566 easque
1572 1530 1713 1555 neces-

143 1572 275 1609 sarias
296 1571 442 1609 literas
463 1572 517 1609 ad
539 1585 604 1609 me
626 1572 854 1609 daturum:
888 1572 960 1609 sed
988 1573 1291 1622 occupationes
1322 1576 1419 1609 tuas
1448 1572 1626 1610 vlterius
1654 1573 1712 1610 in-

142 1626 369 1676 terpellare
396 1639 481 1664 non
509 1627 658 1671 audeo,
680 1640 729 1664 eo
755 1627 870 1675 quod
898 1626 1029 1664 taleni
1059 1640 1124 1664 me
1153 1627 1292 1664 fateor
1316 1628 1390 1676 qui
1418 1627 1497 1664 tibi
1526 1628 1641 1676 quod
1671 1632 1714 1666 te
1734 1640 1753 1671 5

142 1681 316 1730 dignun]
348 1685 413 1719 est
443 1681 678 1718 retribuere
708 1694 793 1719 non
824 1683 994 1731 possim.
1056 1681 1169 1719 Tuas
1197 1685 1344 1719 tamen
1372 1682 1518 1719 literas
1546 1695 1715 1720 summo

142 1735 350 1773 desiderio
371 1740 541 1786 exopto,
565 1748 749 1785 rogoque
772 1740 832 1781 vt,
856 1737 928 1785 qui
957 1740 999 1773 te
1026 1736 1177 1785 grandi
1204 1736 1343 1785 diligit
1370 1737 1541 1781 affectu,
1564 1737 1713 1787 Agrip-

141 1803 240 1840 pam
262 1794 385 1828 tuum
408 1803 459 1827 ne
487 1795 748 1828 contemnas.

809 1790 997 1828 Libellus
1020 1804 1151 1835 meus,
1174 1803 1300 1839 quem
1323 1791 1527 1828 aduersus
1548 1791 1714 1841 aliquot

141 1844 419 1894 theologistas
442 1845 632 1883 Basileae
653 1845 950 1883 excudendum
972 1845 1143 1890 tradidi,
1162 1859 1204 1882 re
1227 1845 1385 1883 infecta
1407 1846 1461 1883 ad
1483 1859 1549 1884 me
1572 1846 1711 1891 rediit,

141 1912 189 1936 eo
211 1900 325 1948 quod
346 1900 573 1937 nonnullos
595 1899 854 1937 offendisset.

916 1900 957 1937 Is
980 1913 1090 1937 nunc
1116 1901 1354 1938 excudetur
1382 1901 1496 1938 alibi.

140 1954 195 1991 ad
217 1958 258 1992 te
283 1954 334 1991 de
360 1954 438 1992 hac
464 1967 505 1992 re
531 1955 671 2000 latius,
695 1955 767 1992 sed
795 1967 866 1992 eas
894 1954 1039 1992 literas
1067 1955 1145 1992 tibi
1174 1968 1260 1992 non
1288 1955 1417 1993 fuisse
1444 1955 1632 1993 redditas
1660 1969 1712 1994 ex

140 2009 226 2046 tuis
247 2010 437 2058 cognoui,
460 2010 705 2059 pariterque
726 2023 777 2046 cx
799 2008 1039 2047 Cratandro
1060 2009 1265 2047 intellexi.

194 2062 275 2102 Sed
292 2064 343 2101 de
361 2064 425 2101 his
441 2064 559 2102 alias.
602 2064 825 2102 Caeterum
844 2077 955 2102 nunc
973 2065 1086 2113 quod
1106 2070 1148 2102 te
1170 2065 1274 2102 scire
1291 2066 1503 2110 conuenit,
1522 2078 1712 2103 reueren-

137 2196 368 2228 Roterodamo
391 2207 492 2235 quem
516 2196 643 2227 obiisse
665 2197 766 2227 toties
787 2196 890 2227 audi-

138 2242 237 2277 erat).
285 2241 361 2271 The
384 2251 535 2271 rumour
551 2240 657 2271 could
680 2241 773 2271 have
789 2250 892 2270 come

137 2288 177 2315 to
189 2284 396 2314 Borbonius
413 2284 573 2324 through
592 2284 739 2314 Brixius
754 2284 789 2314 in
809 2293 892 2323 1530

138 2329 212 2365 (see
230 2328 300 2368 Ep.
320 2337 414 2367 2379.
434 2328 568 2367 468-9).

182 2372 278 2402 2789.
316 2381 368 2410 30.
403 2371 644 2409 Salmonium]
680 2371 715 2401 J.
742 2371 889 2402 Salmon

138 2415 288 2451 Macrin,
311 2424 522 2454 1490—1550;
549 2416 638 2445 born
658 2419 698 2445 at
718 2414 888 2451 Loudun,

137 2459 317 2489 educatod
327 2463 367 2489 at
376 2459 497 2493 Parim
515 2459 763 2489 chamberlain
774 2461 782 2495 (
793 2461 888 2497 1520)

137 2506 176 2532 to
190 2503 337 2532 Francis
351 2511 378 2538 1;
404 2507 444 2533 at
459 2503 521 2533 the
539 2503 627 2533 time
639 2502 675 2533 of
693 2503 767 2532 this
781 2503 890 2533 letter

136 2546 181 2575 he
199 2546 272 2576 had
291 2546 441 2586 already
458 2546 654 2586 publishod
676 2546 889 2577 Carminium

136 2589 288 2626 libellus,
311 2590 424 2626 Paris,
442 2590 646 2625 Colinaeus,
671 2591 771 2628 1528:
802 2591 886 2620 Car-

136 2633 276 2664 minum
295 2633 353 2663 lib.
373 2643 392 2672 4
409 2634 454 2663 ad
472 2633 673 2664 Hilermu‘m
693 2634 886 2670 BeHm'um,

136 2676 250 2713 Paris,
288 2677 494 2713 Colinaeus,
538 2687 619 2716 1530
659 2679 888 2718 (containing

136 2730 262 2760 poems
279 2724 318 2750 to
336 2721 524 2755 Erasnms,
543 2725 581 2751 to
599 2721 759 2751 Thomas
777 2721 887 2757 More,

134 2763 207 2793 and
225 2768 264 2794 to
279 2764 407 2804 Henry
424 2766 530 2802 Vlll);
552 2765 761 2803 Lyricorum
778 2765 836 2796 lib.
856 2774 888 2801 Δ,

138 2807 469 2846 ΕρίιΙιαΙαυινίοταῃι
513 2808 572 2838 lib.
617 2817 648 2845 Ι,
689 2809 802 2845 Paris,
843 2810 885 2840 G.

136 2850 317 2881 Mori-hius
338 2852 564 2892 Campensis,
590 2861 683 2892 1531.
734 2853 775 2882 111
804 2862 884 2893 1534

134 2894 179 2924 he
200 2895 395 2934 published
412 2896 630 2934 Eleqt'arum,
649 2897 884 2936 epiyramma-

134 2942 209 2968 tum
227 2942 256 2968 et
273 2938 430 2970 Odarum
447 2939 505 2970 lib.
525 2948 556 2977 3,
575 2939 689 2976 Paris,
709 2941 750 2970 A.
767 2941 885 2980 Augo-

961 2197 1090 2231 rellus;
1132 2197 1167 2227 in
1201 2205 1281 2236 1537
1318 2197 1543 2236 Hymnorum
1579 2198 1638 2227 lib.
1679 2200 1711 2233 ὁ,

960 2241 1074 2275 Paris,
1089 2241 1131 2270 R.
1146 2241 1358 2281 Stephanus
1371 2253 1378 2276 ;
1404 2241 1477 2272 and
1490 2242 1525 2271 in
1538 2242 1602 2272 the
1613 2252 1712 2272 same

959 2295 1047 2324 year
1070 2284 1229 2315 Odarum
1254 2285 1312 2315 lib.
1339 2285 1369 2320 6,
1401 2285 1535 2325 Lyons,
1562 2285 1595 2316 S.
1621 2285 1711 2325 Gry-

959 2328 1079 2368 phius,
1098 2328 1292 2359 dedicated
1311 2332 1349 2358 to
1368 2329 1517 2359 Francis
1535 2338 1558 2358 1.
1600 2329 1712 2369 Many

957 2372 995 2401 of
1013 2372 1067 2401 his
1086 2382 1212 2411 poems
1225 2383 1286 2402 are
1297 2372 1494 2403 addressed
1510 2378 1548 2403 to
1563 2373 1711 2402 hiswifo

957 2415 1126 2446 Gillonue
1150 2416 1195 2446 do
1220 2416 1432 2451 Boursaust,
1454 2417 1575 2446 whose
1598 2416 1710 2446 death

958 2459 1101 2489 besides
1132 2461 1364 2500 oovasioning
1396 2461 1499 2490 three
1533 2460 1647 2490 books
1673 2460 1711 2490 of

959 2503 1118 2533 Narniae
1151 2504 1281 2540 (Paris,
1318 2505 1425 2541 1550),
1460 2503 1572 2533 called
1610 2504 1710 2534 forth

958 2546 1247 2587 fr0111dul3011ay
1258 2548 1373 2577 onoof
1385 2548 1447 2577 tho
1461 2552 1555 2577 most.
1570 2548 1708 2577 lwauti-

958 2591 1008 2620 sul
1021 2591 1058 2621 of
1070 2591 1125 2620 his
1139 2602 1277 2630 pocius.
1311 2591 1362 2621 To
1374 2591 1510 2621 Macrin
1521 2591 1709 2630 (1111101111)-

956 2635 1154 2664 addressed
1185 2635 1261 2665 also
1294 2635 1349 2664 his
1381 2635 1554 2665 Discours
1580 2645 1643 2664 sur
1674 2635 1707 2664 Ia

957 2679 1105 2717 Iouanqc
1123 2679 1161 2708 ‹lc
1180 2679 1214 2708 Ia
1233 2684 1339 2709 vestu.

1003 2723 1098 2752 2790.
1124 2731 1152 2760 3.
1181 2722 1378 2762 prioribus]
1399 2722 1464 2761 Ep.
1487 2724 1580 2753 2002.

1000 2767 1029 2795 8.
1057 2766 1231 2803 Libellus]
1258 2766 1334 2795 Tho
1361 2766 1535 2804 Apoloqz‘a
1561 2775 1586 2794 ι’.
1617 2766 1706 2795 theo-

956 2810 1102 2848 loyz'stns
1137 2810 1392 2843 l2(›uunicn.s·‹‘.s·;
1433 2820 1491 2839 sco
1524 2809 1591 2848 Ep.
1624 2818 1708 2848 :739

954 2853 1089 2883 intr-od.

1002 2906 1050 2927 12.
1078 2897 1166 2935 tuis]
1187 2897 1254 2937 Ep.
1276 2897 1370 2935 2748.

1557 1900 1713 1950 Scripsi
1735 1912 1775 1935 10
1800 1898 1801 1901 ’
