1966 3379
268 113 344 149 196
724 110 983 150 LETTERS
1014 111 1084 150 or
1116 111 1383 151 ERASMUS
1717 116 1840 163 [1533

267 217 467 254 dissimus
506 220 637 265 atque
669 215 984 254 illustrissimus
1025 217 1228 267 Princeps
1264 217 1447 263 Elector,
1485 218 1839 269 Archiepiseopus

208 288 246 318 15
266 271 538 316 ColoniensiS,
557 271 630 320 qui
651 271 907 320 scriptorum
931 276 1103 309 tuorum
1127 272 1462 310 studiosissimus
1484 277 1527 310 te
1545 275 1665 311 vnice
1687 274 1838 323 diligit,

265 331 397 372 amat,
429 326 631 363 obseruat
663 330 707 363 et
740 330 983 371 veneratur,
1016 331 1157 363 tecum
1194 329 1405 377 auspicari
1440 329 1560 377 cupit
1592 330 1838 374 amicitiam,

266 386 394 430 teque
416 393 559 418 coram
583 381 726 418 videre
747 385 791 418 ct
812 381 959 418 audire
982 381 1208 426 desiderat,
1233 383 1439 431 iussitque
1460 383 1515 420 ad
1538 388 1579 420 te
1601 384 1838 429 scriberem,

265 437 498 485 sciremque
520 449 570 473 ex
594 440 636 472 te
658 436 691 472 si
714 448 787 485 per
808 436 916 473 hanc
939 441 1148 474 aestatem
1170 450 1259 474 sese
1284 438 1482 475 accedere
1505 438 1608 475 velis
1631 437 1838 484 Bonnam,

266 492 353 528 siue
389 490 621 536 Coloniam,
656 490 821 539 aliquot
859 491 924 528 vel
961 491 1167 541 pauculos
1203 492 1290 529 dies
1327 492 1386 529 illi
1423 505 1583 530 morem
1617 497 1837 541 gesturus;

204 563 246 584 20
265 546 516 583 effecturum
551 558 595 582 se
628 549 676 582 vt
712 550 754 582 te
790 546 953 583 itineris
993 546 1105 583 illius
1138 547 1309 583 minime
1345 549 1577 596 poeniteat.
1639 547 1703 585 Tu
1737 548 1839 597 quid

264 600 459 638 facturus
490 601 545 638 sis
577 600 770 638 rescribe.
834 601 972 638 Vnum
1008 601 1086 638 hoc
1115 602 1213 646 scio,
1246 602 1279 638 si
1312 606 1520 639 venturus
1551 603 1618 647 sis,
1651 602 1840 640 offendes

264 656 503 705 Principem
551 655 900 693 Christianissimi
950 657 1092 699 animi,
1133 661 1178 693 et
1224 669 1352 706 penes
1400 670 1525 706 quem
1575 656 1841 695 Christianae

264 710 464 760 Reipubl.
494 723 542 748 ac
573 710 770 760 publicae
801 711 1110 760 tranquillitati
1140 716 1186 749 tu
1219 711 1450 761 plurimum
1483 712 1674 750 conterre
1708 717 1839 762 atque

262 765 461 816 prodesse
483 766 655 815 poteris.

203 836 243 866 25
319 820 421 858 Vale
442 820 723 867 foelicissime,
750 832 810 858 10.
834 820 967 870 April.
991 821 1115 859 Anno
1141 831 1256 869 1533.
1280 821 1436 859 festino
1458 821 1635 860 calamo.

583 985 774 1037 27912810
836 981 974 1023 FROM
997 982 1198 1023 VroLms
1221 983 1516 1024 ZUICHEMUS.

314 1073 405 1106 Van
424 1072 621 1106 Heussen.
642 1072 695 1106 iv.
720 1083 786 1116 113
808 1075 873 1116 (β).
1546 1075 1699 1108 Padua.

311 1123 428 1156 VZE.
448 1134 494 1167 44
515 1125 578 1166 (γ).
1482 1133 1524 1167 17
1545 1124 1659 1169 April
1683 1134 1788 1168 1533.

800 1200 976 1227 ERASMO
998 1200 1311 1228 ROTERODAMO.

318 1260 609 1298 LITTERARVM
624 1265 798 1298 tuarum
817 1261 1081 1306 fasciculum,
1097 1261 1342 1299 doctissime
1358 1262 1407 1299 D.
1425 1262 1612 1307 Erasme,
1624 1263 1840 1300 redditum

264 1315 367 1352 mihi
388 1328 490 1361 esse,
513 1328 564 1353 ex
588 1316 829 1353 nouissimis
853 1316 1007 1353 litteris
1030 1317 1133 1353 meis
1155 1321 1351 1354 constare
1374 1317 1452 1354 tibi
1474 1318 1628 1367 potuit.
1681 1317 1840 1367 Alogus

263 1370 454 1408 nondum
476 1370 531 1408 ad
554 1383 630 1408 nos
648 1370 785 1416 rediit,
801 1375 1055 1420 expectatus
1072 1371 1143 1408 diu
1162 1385 1185 1408 a
1205 1372 1364 1415 multis,
1383 1385 1467 1409 non
1486 1377 1657 1410 tantum
1676 1377 1839 1410 nostra-

263 1425 392 1470 tibus,
425 1425 498 1462 sed
533 1438 558 1462 a
594 1425 768 1471 Bembo,
802 1426 1046 1469 Bonamico,
1081 1430 1212 1475 atque
1247 1426 1340 1464 aliis
1373 1427 1522 1473 doctis,
1555 1440 1737 1476 quorum
1774 1428 1840 1465 hic

224 1496 242 1526 5
262 1480 558 1518 familiaritate
579 1493 681 1518 Vsus
705 1484 782 1526 est,
805 1485 849 1518 et
877 1482 919 1518 in
949 1493 1132 1530 quorum
1161 1482 1398 1519 rationibus
1427 1495 1581 1520 nomen
1610 1495 1735 1520 suum
1764 1495 1840 1532 pro

262 1547 540 1585 mnemosyne
581 1535 764 1584 reliquit.
827 1535 983 1573 Scribit
1023 1540 1169 1573 tamen
1214 1536 1447 1586 aliquando
1487 1537 1538 1574 de
1579 1537 1839 1582 sacerdotiiS,

262 1590 665 1640 conditionibusque
687 1590 973 1641 amplissimiS,
992 1598 1123 1641 atque
1141 1592 1347 1629 eiusmodi
1370 1592 1498 1629 fumis
1521 1593 1683 1630 interea
1706 1592 1840 1630 lactat

261 1645 504 1683 creditores.

317 1700 380 1737 De
402 1700 547 1738 studio
568 1701 682 1750 quod
705 1714 853 1738 mones
875 1701 1068 1739 facturus
1094 1715 1200 1747 sum,
1224 1714 1309 1739 non
1339 1706 1387 1739 vt
1416 1702 1667 1748 valetudini,
1691 1702 1763 1740 sed
1791 1707 1841 1740 vt

204 1772 243 1793 10
262 1754 461 1792 fortunae
501 1755 734 1799 consulam,
772 1769 820 1793 ac
861 1757 1093 1794 amicorum
1135 1757 1345 1806 suffragiis
1386 1761 1496 1801 vtar,
1533 1757 1635 1795 dum
1678 1757 1738 1795 illi
1773 1770 1841 1795 me

261 1810 467 1848 adiuuare
488 1815 530 1855 et
549 1815 729 1860 possunt
750 1815 794 1849 et
815 1812 1007 1860 cupiunt.
1055 1812 1135 1848 Hic
1158 1824 1295 1849 annus
1318 1812 1421 1849 mihi
1438 1811 1520 1849 fuit
1538 1812 1838 1850 submolestus.

262 1864 343 1902 Sed
366 1865 717 1903 tamen-fructum
734 1867 824 1904 eius
841 1879 926 1904 non
944 1866 1198 1904 mediocrem
1221 1867 1372 1912 sentio,
1390 1868 1638 1916 praesertim
1657 1868 1697 1904 in
1721 1868 1838 1904 iuris-

262 1920 503 1970 prudentia.
545 1920 855 1971 Antagonistae
878 1922 960 1958 mei
982 1921 1188 1959 inuidiam
1210 1926 1253 1959 et
1275 1923 1484 1971 impetum
1507 1923 1591 1960 iam
1609 1922 1837 1960 deuoraui:

263 1987 510 2024 quanquam
547 1988 647 2013 sane
683 1977 891 2026 principia
926 1976 1029 2014 mihi
1070 1976 1188 2014 fuere
1229 1976 1426 2022 difficilia,
1462 1978 1711 2026 praesertim
1753 1990 1839 2015 non

204 2046 242 2075 15
263 2034 435 2067 assueto
456 2030 596 2068 adhuc
619 2030 780 2068 Italicis
802 2032 978 2080 ingeniis
999 2036 1043 2069 et
1065 2031 1240 2069 technis.

319 2084 369 2122 In
387 2085 704 2135 Archiepiscopi
721 2085 1039 2124 Cantuariensis
1057 2086 1195 2124 locum
1215 2086 1343 2124 audio
1360 2088 1606 2124 successisse
1624 2087 1837 2136 quendam

263 2140 335 2189 qui
371 2141 585 2190 superiore
620 2153 734 2178 anno
767 2141 881 2191 apud
917 2140 1139 2179 Caesarem
1174 2141 1347 2179 functus
1383 2146 1447 2179 est
1482 2142 1704 2192 legatione,
1738 2147 1782 2179 et
1814 2155 1839 2179 a

262 2195 474 2244 plerisque
515 2195 843 2233 commendatur
883 2196 938 2233 ob
978 2196 1295 2234 humanitatem
1337 2201 1379 2234 et
1425 2197 1679 2234 doctrinam.
1739 2196 1837 2235 Non

263 2249 415 2287 dubito
446 2251 548 2299 quin
582 2250 652 2287 ille
684 2252 929 2300 pensionem
961 2251 1040 2288 tibi
1074 2251 1238 2289 saluam
1272 2264 1361 2289 esse
1393 2252 1573 2297 curabit,
1606 2252 1733 2290 modo
1765 2252 1837 2289 ad-

202 2321 244 2341 20
263 2305 452 2342 monitus
468 2305 608 2349 fuerit,
628 2318 723 2342 cum
741 2307 870 2343 etiam
893 2307 981 2343 iure
1003 2319 1096 2344 eam
1119 2307 1284 2356 exigere
1306 2307 1545 2344 constituto
1563 2311 1838 2357 procuratore

262 2360 408 2409 possis.
470 2359 695 2409 Multoque
716 2362 851 2398 satius
872 2365 938 2398 est
959 2361 1148 2410 aliquam
1176 2366 1342 2410 partem
1371 2362 1720 2411 procuratoribus
1748 2375 1836 2400 ero-

261 2427 372 2464 gare,
391 2427 519 2463 quam
543 2419 681 2452 totam
704 2416 915 2453 amittere.
976 2416 1226 2453 Zachariam
1248 2416 1499 2454 Deiotarum
1521 2429 1606 2454 non
1628 2417 1740 2462 noui,
1759 2417 1838 2454 nisi

262 2482 313 2506 ex
341 2470 425 2506 tuis
455 2469 623 2507 litteris.
684 2470 744 2507 Ac
776 2471 942 2508 vtinam
974 2471 1146 2520 plurimi
1175 2471 1297 2508 Frisii
1322 2472 1363 2508 in
1395 2472 1484 2508 eius
1512 2471 1665 2515 locum,
1695 2472 1767 2520 qui
1796 2475 1838 2508 te

262 2536 396 2573 aeque
413 2529 571 2569 ament,
590 2525 842 2563 succedant:
869 2526 1055 2563 arbitror
1069 2526 1181 2562 enim
1199 2525 1253 2563 ad
1271 2526 1457 2564 nationis
1474 2530 1645 2564 nostrae
1667 2525 1837 2563 laudem

202 2594 242 2624 25
262 2579 486 2628 pertinere,
520 2579 553 2616 si
586 2592 635 2617 ea
669 2584 745 2618 tua
777 2584 983 2629 agnoscat
1018 2581 1181 2625 merita,
1217 2580 1474 2630 dignamque
1507 2593 1549 2618 se
1586 2585 1662 2618 tuo
1694 2593 1837 2618 amore

262 2637 452 2683 praestet
467 2637 481 2671 ?

691 2707 787 2737 2791.
814 2717 865 2737 20.
893 2711 1132 2747 procuratore
1149 2708 1356 2738 constituto
1373 2720 1404 2746 γ.

305 2793 402 2824 2790.
431 2803 480 2832 14.
509 2794 832 2835 Arehiepiscopus]
923 2795 1014 2826 Her·
1133 2798 1181 2826 16.
1208 2795 1409 2836 quendam]
1435 2795 1621 2832 Cranmer,
1649 2795 1836 2826 ambassa-

261 2848 373 2868 mann
392 2837 429 2868 of
446 2837 562 2868 Wied.
1084 2839 1151 2869 dor
1185 2844 1224 2870 to
1260 2839 1324 2870 the
1361 2840 1542 2880 Emperor
1576 2840 1613 2869 in
1648 2848 1742 2878 1532,
1778 2849 1837 2870 see

305 2881 401 2911 2791.
432 2891 459 2912 1.
486 2881 727 2920 Litterarum]
746 2882 815 2922 Ep.
836 2885 933 2922 2736.
1083 2884 1241 2918 Brewer,
1259 2894 1294 2914 v.
1317 2893 1410 2920 1290,
1429 2887 1498 2913 ete.

305 2935 334 2956 2.
362 2925 509 2962 litteris]
527 2925 596 2965 Ep.
616 2928 712 2965 2767.
1128 2936 1180 2957 22.
1207 2927 1438 2965 Deiotarum]
1454 2927 1522 2957 His
1534 2926 1645 2958 death
1664 2926 1837 2958 occurred

349 2969 500 3010 Alogus]
519 2969 571 2999 Cf.
591 2969 660 3010 Ep.
682 2978 775 3009 2753.
793 2980 915 3009 30m1n.
1084 2976 1149 3002 not
1167 2971 1252 3011 long
1268 2971 1413 3007 before;
1439 2981 1497 3002 see
1515 2971 1585 3012 Ep.
1607 2980 1700 3009 1205.
1722 2980 1776 3001 1n.
