<?xml version="1.0" encoding="UTF-8"?>
<!DOCTYPE html PUBLIC "-//W3C//DTD XHTML 1.0 Transitional//EN"
    "http://www.w3.org/TR/xhtml1/DTD/xhtml1-transitional.dtd">
<html xmlns="http://www.w3.org/1999/xhtml" xml:lang="en" lang="en">
 <head>
  <title>
</title>
<meta http-equiv="Content-Type" content="text/html;charset=utf-8" />
  <meta name='ocr-system' content='tesseract 3.04.00' />
  <meta name='ocr-capabilities' content='ocr_page ocr_carea ocr_par ocr_line ocrx_word'/>
</head>
<body>
  <div class='ocr_page' id='page_1' title='image "./opusepistolarum10eras_0102.png"; bbox 0 0 1966 3379; ppageno 0'>
   <div class='ocr_carea' id='block_1_1' title="bbox 277 105 1858 159">
    <p class='ocr_par' dir='ltr' id='par_1_1' title="bbox 277 105 1858 159">
     <span class='ocr_line' id='line_1_1' title="bbox 277 105 1858 159; baseline 0.005 -18"><span class='ocrx_word' id='word_1_1' title='bbox 277 105 329 141; x_wconf 88' lang='lat'>70</span> <span class='ocrx_word' id='word_1_2' title='bbox 709 105 969 144; x_wconf 76' lang='lat' dir='ltr'><strong>LETTERS</strong></span> <span class='ocrx_word' id='word_1_3' title='bbox 1001 105 1072 145; x_wconf 75' lang='lat' dir='ltr'>or</span> <span class='ocrx_word' id='word_1_4' title='bbox 1102 106 1371 147; x_wconf 81' lang='lat' dir='ltr'>ERASMUS</span> <span class='ocrx_word' id='word_1_5' title='bbox 1735 112 1858 159; x_wconf 84' lang='lat'>[1532</span> 
     </span>
    </p>
   </div>
   <div class='ocr_carea' id='block_1_2' title="bbox 207 209 1859 2199">
    <p class='ocr_par' dir='ltr' id='par_1_2' title="bbox 210 209 1859 1308">
     <span class='ocr_line' id='line_1_2' title="bbox 277 209 1858 264; baseline 0.004 -18"><span class='ocrx_word' id='word_1_6' title='bbox 277 209 532 247; x_wconf 87' lang='lat' dir='ltr'>Vissenacus</span> <span class='ocrx_word' id='word_1_7' title='bbox 564 210 767 257; x_wconf 83' lang='lat' dir='ltr'>medicus,</span> <span class='ocrx_word' id='word_1_8' title='bbox 800 213 865 249; x_wconf 75' lang='lat' dir='ltr'>vir</span> <span class='ocrx_word' id='word_1_9' title='bbox 897 213 937 249; x_wconf 93' lang='lat' dir='ltr'>in</span> <span class='ocrx_word' id='word_1_10' title='bbox 970 212 1104 250; x_wconf 89' lang='lat' dir='ltr'>literis</span> <span class='ocrx_word' id='word_1_11' title='bbox 1137 217 1347 252; x_wconf 81' lang='lat' dir='ltr'>versatus.</span> <span class='ocrx_word' id='word_1_12' title='bbox 1400 213 1523 251; x_wconf 89' lang='lat' dir='ltr'>Hanc</span> <span class='ocrx_word' id='word_1_13' title='bbox 1553 215 1759 264; x_wconf 78' lang='lat' dir='ltr'>Virginem</span> <span class='ocrx_word' id='word_1_14' title='bbox 1792 229 1858 254; x_wconf 91' lang='lat' dir='ltr'>me</span> 
     </span>
     <span class='ocr_line' id='line_1_3' title="bbox 277 265 1857 318; baseline 0.004 -17"><span class='ocrx_word' id='word_1_15' title='bbox 277 265 409 302; x_wconf 86' lang='lat' dir='ltr'>inscio</span> <span class='ocrx_word' id='word_1_16' title='bbox 426 265 626 311; x_wconf 49' lang='lat' dir='ltr'>Leuinus</span> <span class='ocrx_word' id='word_1_17' title='bbox 644 271 687 303; x_wconf 92' lang='lat' dir='ltr'>et</span> <span class='ocrx_word' id='word_1_18' title='bbox 706 266 779 304; x_wconf 87' lang='lat' dir='ltr'>illa</span> <span class='ocrx_word' id='word_1_19' title='bbox 796 267 920 309; x_wconf 68' lang='lat' dir='ltr'>hunc.</span> <span class='ocrx_word' id='word_1_20' title='bbox 940 267 1131 317; x_wconf 87' lang='lat' dir='ltr'>deperire</span> <span class='ocrx_word' id='word_1_21' title='bbox 1149 269 1301 318; x_wconf 88' lang='lat' dir='ltr'>coepit.</span> <span class='ocrx_word' id='word_1_22' title='bbox 1345 268 1522 307; x_wconf 81' lang='lat' dir='ltr'>Fuimus</span> <span class='ocrx_word' id='word_1_23' title='bbox 1540 269 1597 307; x_wconf 91' lang='lat' dir='ltr'>ibi</span> <span class='ocrx_word' id='word_1_24' title='bbox 1615 270 1754 308; x_wconf 88' lang='lat' dir='ltr'>tribus</span> <span class='ocrx_word' id='word_1_25' title='bbox 1771 271 1857 308; x_wconf 86' lang='lat' dir='ltr'>fere</span> 
     </span>
     <span class='ocr_line' id='line_1_4' title="bbox 276 319 1857 375; baseline 0.004 -19"><span class='ocrx_word' id='word_1_26' title='bbox 276 319 570 359; x_wconf 80' lang='lat' dir='ltr'>hebdomadis,</span> <span class='ocrx_word' id='word_1_27' title='bbox 632 321 687 358; x_wconf 83' lang='lat' dir='ltr'>Et</span> <span class='ocrx_word' id='word_1_28' title='bbox 724 322 887 360; x_wconf 87' lang='lat' dir='ltr'>interea</span> <span class='ocrx_word' id='word_1_29' title='bbox 923 322 1027 360; x_wconf 81' lang='lat' dir='ltr'>nihil</span> <span class='ocrx_word' id='word_1_30' title='bbox 1065 323 1169 360; x_wconf 91' lang='lat' dir='ltr'>mihi</span> <span class='ocrx_word' id='word_1_31' title='bbox 1205 328 1322 361; x_wconf 88' lang='lat' dir='ltr'>certo</span> <span class='ocrx_word' id='word_1_32' title='bbox 1357 330 1556 362; x_wconf 79' lang='lat' dir='ltr'>constare</span> <span class='ocrx_word' id='word_1_33' title='bbox 1594 330 1765 375; x_wconf 88' lang='lat' dir='ltr'>poterat</span> <span class='ocrx_word' id='word_1_34' title='bbox 1806 326 1857 364; x_wconf 91' lang='lat' dir='ltr'>de</span> 
     </span>
     <span class='ocr_line' id='line_1_5' title="bbox 214 375 1859 427; baseline 0.004 -16"><span class='ocrx_word' id='word_1_35' title='bbox 214 391 255 422; x_wconf 84' lang='lat'>35</span> <span class='ocrx_word' id='word_1_36' title='bbox 276 375 468 424; x_wconf 90' lang='lat' dir='ltr'>ipsorum</span> <span class='ocrx_word' id='word_1_37' title='bbox 498 388 656 421; x_wconf 89' lang='lat' dir='ltr'>amore,</span> <span class='ocrx_word' id='word_1_38' title='bbox 687 382 990 427; x_wconf 77' lang='lat' dir='ltr'>praeterquam</span> <span class='ocrx_word' id='word_1_39' title='bbox 1018 378 1132 427; x_wconf 90' lang='lat' dir='ltr'>quod</span> <span class='ocrx_word' id='word_1_40' title='bbox 1162 391 1273 416; x_wconf 83' lang='lat' dir='ltr'>vnus</span> <span class='ocrx_word' id='word_1_41' title='bbox 1300 383 1344 416; x_wconf 88' lang='lat' dir='ltr'>et</span> <span class='ocrx_word' id='word_1_42' title='bbox 1366 379 1477 417; x_wconf 82' lang='lat' dir='ltr'>alter</span> <span class='ocrx_word' id='word_1_43' title='bbox 1504 393 1555 416; x_wconf 84' lang='lat' dir='ltr'>ex</span> <span class='ocrx_word' id='word_1_44' title='bbox 1578 381 1695 426; x_wconf 86' lang='lat' dir='ltr'>meis,</span> <span class='ocrx_word' id='word_1_45' title='bbox 1718 382 1859 418; x_wconf 88' lang='lat' dir='ltr'>nescio</span> 
     </span>
     <span class='ocr_line' id='line_1_6' title="bbox 275 430 1859 484; baseline 0.004 -17"><span class='ocrx_word' id='word_1_46' title='bbox 275 430 378 479; x_wconf 89' lang='lat' dir='ltr'>quid</span> <span class='ocrx_word' id='word_1_47' title='bbox 401 431 442 467; x_wconf 92' lang='lat' dir='ltr'>in</span> <span class='ocrx_word' id='word_1_48' title='bbox 471 444 617 468; x_wconf 88' lang='lat' dir='ltr'>aurem</span> <span class='ocrx_word' id='word_1_49' title='bbox 647 445 786 470; x_wconf 91' lang='lat' dir='ltr'>meam</span> <span class='ocrx_word' id='word_1_50' title='bbox 816 433 895 470; x_wconf 76' lang='lat' dir='ltr'>hac</span> <span class='ocrx_word' id='word_1_51' title='bbox 925 433 976 470; x_wconf 91' lang='lat' dir='ltr'>de</span> <span class='ocrx_word' id='word_1_52' title='bbox 1005 446 1048 470; x_wconf 89' lang='lat' dir='ltr'>re</span> <span class='ocrx_word' id='word_1_53' title='bbox 1080 435 1439 472; x_wconf 83' lang='lat' dir='ltr'>insusurrauerat.</span> <span class='ocrx_word' id='word_1_54' title='bbox 1502 435 1591 484; x_wconf 85' lang='lat' dir='ltr'>Ego</span> <span class='ocrx_word' id='word_1_55' title='bbox 1619 435 1662 473; x_wconf 87' lang='lat' dir='ltr'>id</span> <span class='ocrx_word' id='word_1_56' title='bbox 1690 435 1859 474; x_wconf 90' lang='lat' dir='ltr'>silentio</span> 
     </span>
     <span class='ocr_line' id='line_1_7' title="bbox 275 486 1858 541; baseline 0.004 -19"><span class='ocrx_word' id='word_1_57' title='bbox 275 486 461 534; x_wconf 90' lang='lat' dir='ltr'>preterii,</span> <span class='ocrx_word' id='word_1_58' title='bbox 484 487 737 525; x_wconf 82' lang='lat' dir='ltr'>existimans</span> <span class='ocrx_word' id='word_1_59' title='bbox 762 501 811 526; x_wconf 85' lang='lat' dir='ltr'>ea</span> <span class='ocrx_word' id='word_1_60' title='bbox 834 488 885 525; x_wconf 90' lang='lat' dir='ltr'>de</span> <span class='ocrx_word' id='word_1_61' title='bbox 916 501 971 533; x_wconf 90' lang='lat' dir='ltr'>re,</span> <span class='ocrx_word' id='word_1_62' title='bbox 996 489 1029 525; x_wconf 86' lang='lat' dir='ltr'>si</span> <span class='ocrx_word' id='word_1_63' title='bbox 1058 502 1184 526; x_wconf 82' lang='lat' dir='ltr'>verus</span> <span class='ocrx_word' id='word_1_64' title='bbox 1213 494 1325 527; x_wconf 86' lang='lat' dir='ltr'>esset</span> <span class='ocrx_word' id='word_1_65' title='bbox 1351 490 1464 527; x_wconf 87' lang='lat' dir='ltr'>inter</span> <span class='ocrx_word' id='word_1_66' title='bbox 1489 503 1560 528; x_wconf 89' lang='lat' dir='ltr'>eos</span> <span class='ocrx_word' id='word_1_67' title='bbox 1586 503 1720 535; x_wconf 92' lang='lat' dir='ltr'>amor,</span> <span class='ocrx_word' id='word_1_68' title='bbox 1743 492 1858 541; x_wconf 87' lang='lat' dir='ltr'>ipsos</span> 
     </span>
     <span class='ocr_line' id='line_1_8' title="bbox 276 541 1856 595; baseline 0.004 -18"><span class='ocrx_word' id='word_1_69' title='bbox 276 553 442 578; x_wconf 90' lang='lat' dir='ltr'>mecum</span> <span class='ocrx_word' id='word_1_70' title='bbox 478 541 748 591; x_wconf 76' lang='lat' dir='ltr'>loquuturos</span> <span class='ocrx_word' id='word_1_71' title='bbox 810 543 970 581; x_wconf 94' lang='lat' dir='ltr'>Triduo</span> <span class='ocrx_word' id='word_1_72' title='bbox 1006 548 1241 593; x_wconf 78' lang='lat' dir='ltr'>antequam</span> <span class='ocrx_word' id='word_1_73' title='bbox 1279 546 1436 582; x_wconf 83' lang='lat' dir='ltr'>reuerti</span> <span class='ocrx_word' id='word_1_74' title='bbox 1473 545 1554 582; x_wconf 84' lang='lat' dir='ltr'>huc</span> <span class='ocrx_word' id='word_1_75' title='bbox 1596 558 1856 595; x_wconf 83' lang='lat' dir='ltr'>pararemus,</span> 
     </span>
     <span class='ocr_line' id='line_1_9' title="bbox 275 595 1859 651; baseline 0.003 -18"><span class='ocrx_word' id='word_1_76' title='bbox 275 595 481 633; x_wconf 88' lang='lat' dir='ltr'>Iacobum</span> <span class='ocrx_word' id='word_1_77' title='bbox 504 597 677 635; x_wconf 84' lang='lat' dir='ltr'>Danum</span> <span class='ocrx_word' id='word_1_78' title='bbox 700 597 769 634; x_wconf 85' lang='grc' dir='ltr'>τὸν</span> <span class='ocrx_word' id='word_1_79' title='bbox 790 598 944 648; x_wconf 82' lang='grc' dir='ltr'>κήρυκά</span> <span class='ocrx_word' id='word_1_80' title='bbox 970 615 1014 636; x_wconf 84' lang='grc' dir='ltr'>τε</span> <span class='ocrx_word' id='word_1_81' title='bbox 1039 599 1107 636; x_wconf 80' lang='grc' dir='ltr'>καὶ</span> <span class='ocrx_word' id='word_1_82' title='bbox 1134 599 1353 648; x_wconf 78' lang='grc' dir='ltr'>περίφωρον</span> <span class='ocrx_word' id='word_1_83' title='bbox 1374 599 1551 638; x_wconf 88' lang='lat' dir='ltr'>laudum</span> <span class='ocrx_word' id='word_1_84' title='bbox 1574 605 1762 646; x_wconf 88' lang='lat' dir='ltr'>tuarum,</span> <span class='ocrx_word' id='word_1_85' title='bbox 1785 603 1859 651; x_wconf 88' lang='lat' dir='ltr'>qui</span> 
     </span>
     <span class='ocr_line' id='line_1_10' title="bbox 213 652 1857 705; baseline 0.004 -17"><span class='ocrx_word' id='word_1_86' title='bbox 213 667 255 698; x_wconf 82' lang='lat'>40</span> <span class='ocrx_word' id='word_1_87' title='bbox 274 656 317 688; x_wconf 88' lang='lat' dir='ltr'>et</span> <span class='ocrx_word' id='word_1_88' title='bbox 339 652 428 701; x_wconf 89' lang='lat' dir='ltr'>ipse</span> <span class='ocrx_word' id='word_1_89' title='bbox 451 652 568 702; x_wconf 87' lang='lat' dir='ltr'>apud</span> <span class='ocrx_word' id='word_1_90' title='bbox 597 666 664 690; x_wconf 89' lang='lat' dir='ltr'>me</span> <span class='ocrx_word' id='word_1_91' title='bbox 691 659 770 699; x_wconf 81' lang='lat' dir='ltr'>est,</span> <span class='ocrx_word' id='word_1_92' title='bbox 800 654 988 691; x_wconf 82' lang='lat' dir='ltr'>Leuinus</span> <span class='ocrx_word' id='word_1_93' title='bbox 1016 654 1071 692; x_wconf 91' lang='lat' dir='ltr'>ad</span> <span class='ocrx_word' id='word_1_94' title='bbox 1102 668 1167 692; x_wconf 89' lang='lat' dir='ltr'>mc</span> <span class='ocrx_word' id='word_1_95' title='bbox 1199 657 1315 692; x_wconf 69' lang='lat' dir='ltr'>misit</span> <span class='ocrx_word' id='word_1_96' title='bbox 1345 660 1557 705; x_wconf 81' lang='lat' dir='ltr'>rogatum,</span> <span class='ocrx_word' id='word_1_97' title='bbox 1588 661 1635 693; x_wconf 81' lang='lat' dir='ltr'>vt</span> <span class='ocrx_word' id='word_1_98' title='bbox 1663 669 1857 694; x_wconf 75' lang='lat' dir='ltr'>curarem</span> 
     </span>
     <span class='ocr_line' id='line_1_11' title="bbox 273 706 1858 761; baseline 0.003 -17"><span class='ocrx_word' id='word_1_99' title='bbox 273 706 389 756; x_wconf 87' lang='lat' dir='ltr'>apud</span> <span class='ocrx_word' id='word_1_100' title='bbox 411 707 670 746; x_wconf 86' lang='lat' dir='ltr'>Damianum</span> <span class='ocrx_word' id='word_1_101' title='bbox 694 709 903 746; x_wconf 87' lang='lat' dir='ltr'>medicum</span> <span class='ocrx_word' id='word_1_102' title='bbox 927 710 1102 755; x_wconf 75' lang='lat' dir='ltr'>efficere,</span> <span class='ocrx_word' id='word_1_103' title='bbox 1125 723 1209 760; x_wconf 92' lang='lat' dir='ltr'>quo</span> <span class='ocrx_word' id='word_1_104' title='bbox 1232 711 1406 760; x_wconf 78' lang='lat' dir='ltr'>virginis</span> <span class='ocrx_word' id='word_1_105' title='bbox 1428 712 1706 749; x_wconf 90' lang='lat' dir='ltr'>matrimonio</span> <span class='ocrx_word' id='word_1_106' title='bbox 1728 713 1858 761; x_wconf 91' lang='lat' dir='ltr'>potiri</span> 
     </span>
     <span class='ocr_line' id='line_1_12' title="bbox 274 763 1856 816; baseline 0.003 -17"><span class='ocrx_word' id='word_1_107' title='bbox 274 767 431 811; x_wconf 85' lang='lat' dir='ltr'>posset.</span> <span class='ocrx_word' id='word_1_108' title='bbox 493 763 583 813; x_wconf 85' lang='lat' dir='ltr'>Ego</span> <span class='ocrx_word' id='word_1_109' title='bbox 605 764 742 802; x_wconf 90' lang='lat' dir='ltr'>multa</span> <span class='ocrx_word' id='word_1_110' title='bbox 765 765 882 814; x_wconf 88' lang='lat' dir='ltr'>prius</span> <span class='ocrx_word' id='word_1_111' title='bbox 910 765 1071 802; x_wconf 89' lang='lat' dir='ltr'>Leuino</span> <span class='ocrx_word' id='word_1_112' title='bbox 1099 765 1392 816; x_wconf 70' lang='lat' dir='ltr'>(lepretlicanS‚</span> <span class='ocrx_word' id='word_1_113' title='bbox 1415 766 1686 816; x_wconf 89' lang='lat' dir='ltr'>plurimaque</span> <span class='ocrx_word' id='word_1_114' title='bbox 1709 768 1856 804; x_wconf 90' lang='lat' dir='ltr'>matri-</span> 
     </span>
     <span class='ocr_line' id='line_1_13' title="bbox 274 818 1856 867; baseline 0.003 -13"><span class='ocrx_word' id='word_1_115' title='bbox 274 818 406 855; x_wconf 86' lang='lat' dir='ltr'>monii</span> <span class='ocrx_word' id='word_1_116' title='bbox 428 822 470 855; x_wconf 92' lang='lat' dir='ltr'>et</span> <span class='ocrx_word' id='word_1_117' title='bbox 493 819 718 857; x_wconf 85' lang='lat' dir='ltr'>commoda</span> <span class='ocrx_word' id='word_1_118' title='bbox 741 825 781 857; x_wconf 91' lang='lat' dir='ltr'>et</span> <span class='ocrx_word' id='word_1_119' title='bbox 807 820 1091 860; x_wconf 80' lang='lat' dir='ltr'>incommoda.</span> <span class='ocrx_word' id='word_1_120' title='bbox 1110 821 1143 858; x_wconf 87' lang='lat' dir='ltr'>si</span> <span class='ocrx_word' id='word_1_121' title='bbox 1160 821 1286 858; x_wconf 86' lang='lat' dir='ltr'>aliter</span> <span class='ocrx_word' id='word_1_122' title='bbox 1303 834 1367 858; x_wconf 88' lang='lat' dir='ltr'>res</span> <span class='ocrx_word' id='word_1_123' title='bbox 1386 821 1572 867; x_wconf 83' lang='lat' dir='ltr'>caderet,</span> <span class='ocrx_word' id='word_1_124' title='bbox 1587 834 1856 867; x_wconf 76' lang='lat' dir='ltr'>enumerans,</span> 
     </span>
     <span class='ocr_line' id='line_1_14' title="bbox 273 873 1858 927; baseline 0.003 -17"><span class='ocrx_word' id='word_1_125' title='bbox 273 873 498 923; x_wconf 83' lang='lat' dir='ltr'>praecibus</span> <span class='ocrx_word' id='word_1_126' title='bbox 538 875 727 920; x_wconf 91' lang='lat' dir='ltr'>tandem,</span> <span class='ocrx_word' id='word_1_127' title='bbox 766 880 814 912; x_wconf 77' lang='lat' dir='ltr'>vt</span> <span class='ocrx_word' id='word_1_128' title='bbox 850 875 1004 913; x_wconf 87' lang='lat' dir='ltr'>saltem</span> <span class='ocrx_word' id='word_1_129' title='bbox 1038 877 1229 913; x_wconf 81' lang='lat' dir='ltr'>animum</span> <span class='ocrx_word' id='word_1_130' title='bbox 1268 876 1467 914; x_wconf 87' lang='lat' dir='ltr'>Damiani</span> <span class='ocrx_word' id='word_1_131' title='bbox 1504 877 1731 927; x_wconf 78' lang='lat' dir='ltr'>experirer,</span> <span class='ocrx_word' id='word_1_132' title='bbox 1768 878 1858 914; x_wconf 90' lang='lat' dir='ltr'>eius</span> 
     </span>
     <span class='ocr_line' id='line_1_15' title="bbox 210 929 1857 982; baseline 0.003 -17"><span class='ocrx_word' id='word_1_133' title='bbox 210 942 252 974; x_wconf 85' lang='lat'>45</span> <span class='ocrx_word' id='word_1_134' title='bbox 274 929 427 973; x_wconf 76' lang='lat' dir='ltr'>victus,</span> <span class='ocrx_word' id='word_1_135' title='bbox 451 942 545 966; x_wconf 89' lang='lat' dir='ltr'>sum</span> <span class='ocrx_word' id='word_1_136' title='bbox 568 929 646 967; x_wconf 87' lang='lat' dir='ltr'>hac</span> <span class='ocrx_word' id='word_1_137' title='bbox 669 930 720 967; x_wconf 88' lang='lat' dir='ltr'>de</span> <span class='ocrx_word' id='word_1_138' title='bbox 743 943 785 967; x_wconf 85' lang='grc'>19</span> <span class='ocrx_word' id='word_1_139' title='bbox 807 930 927 968; x_wconf 92' lang='lat' dir='ltr'>illum</span> <span class='ocrx_word' id='word_1_140' title='bbox 950 930 1178 969; x_wconf 85' lang='lat' dir='ltr'>allocutus.</span> <span class='ocrx_word' id='word_1_141' title='bbox 1239 930 1319 977; x_wconf 85' lang='lat' dir='ltr'>Qui</span> <span class='ocrx_word' id='word_1_142' title='bbox 1342 931 1493 969; x_wconf 83' lang='lat' dir='ltr'>habito</span> <span class='ocrx_word' id='word_1_143' title='bbox 1516 933 1644 982; x_wconf 87' lang='lat' dir='ltr'>prius,</span> <span class='ocrx_word' id='word_1_144' title='bbox 1663 938 1711 970; x_wconf 79' lang='lat' dir='ltr'>vt</span> <span class='ocrx_word' id='word_1_145' title='bbox 1731 933 1857 970; x_wconf 87' lang='lat' dir='ltr'>iusse-</span> 
     </span>
     <span class='ocr_line' id='line_1_16' title="bbox 274 985 1858 1036; baseline 0.003 -16"><span class='ocrx_word' id='word_1_146' title='bbox 274 996 377 1029; x_wconf 89' lang='lat' dir='ltr'>ram,</span> <span class='ocrx_word' id='word_1_147' title='bbox 401 997 496 1021; x_wconf 90' lang='lat' dir='ltr'>cum</span> <span class='ocrx_word' id='word_1_148' title='bbox 521 998 653 1023; x_wconf 78' lang='lat' dir='ltr'>vxore</span> <span class='ocrx_word' id='word_1_149' title='bbox 676 985 866 1029; x_wconf 72' lang='lat' dir='ltr'>consilio,</span> <span class='ocrx_word' id='word_1_150' title='bbox 890 986 1135 1036; x_wconf 84' lang='lat' dir='ltr'>respondit:</span> <span class='ocrx_word' id='word_1_151' title='bbox 1165 988 1371 1036; x_wconf 82' lang='lat' dir='ltr'>virginem</span> <span class='ocrx_word' id='word_1_152' title='bbox 1396 988 1531 1036; x_wconf 86' lang='lat' dir='ltr'>ipsam</span> <span class='ocrx_word' id='word_1_153' title='bbox 1556 988 1640 1025; x_wconf 84' lang='lat' dir='ltr'>iam</span> <span class='ocrx_word' id='word_1_154' title='bbox 1658 987 1712 1025; x_wconf 87' lang='lat' dir='ltr'>ab</span> <span class='ocrx_word' id='word_1_155' title='bbox 1734 989 1858 1025; x_wconf 87' lang='lat' dir='ltr'>annis</span> 
     </span>
     <span class='ocr_line' id='line_1_17' title="bbox 272 1038 1854 1092; baseline 0.004 -17"><span class='ocrx_word' id='word_1_156' title='bbox 272 1038 441 1076; x_wconf 85' lang='lat' dir='ltr'>duobus</span> <span class='ocrx_word' id='word_1_157' title='bbox 470 1044 547 1077; x_wconf 88' lang='lat' dir='ltr'>aut</span> <span class='ocrx_word' id='word_1_158' title='bbox 574 1040 711 1077; x_wconf 84' lang='lat' dir='ltr'>tribus</span> <span class='ocrx_word' id='word_1_159' title='bbox 737 1053 822 1078; x_wconf 90' lang='lat' dir='ltr'>non</span> <span class='ocrx_word' id='word_1_160' title='bbox 848 1041 1025 1078; x_wconf 85' lang='lat' dir='ltr'>vltimae</span> <span class='ocrx_word' id='word_1_161' title='bbox 1054 1043 1182 1079; x_wconf 87' lang='lat' dir='ltr'>sortis</span> <span class='ocrx_word' id='word_1_162' title='bbox 1205 1055 1354 1092; x_wconf 86' lang='lat' dir='ltr'>procos</span> <span class='ocrx_word' id='word_1_163' title='bbox 1377 1042 1590 1088; x_wconf 84' lang='lat' dir='ltr'>habuisse,</span> <span class='ocrx_word' id='word_1_164' title='bbox 1613 1046 1657 1080; x_wconf 89' lang='lat' dir='ltr'>et</span> <span class='ocrx_word' id='word_1_165' title='bbox 1678 1056 1763 1080; x_wconf 93' lang='lat' dir='ltr'>non</span> <span class='ocrx_word' id='word_1_166' title='bbox 1786 1043 1854 1081; x_wconf 89' lang='lat' dir='ltr'>de-</span> 
     </span>
     <span class='ocr_line' id='line_1_18' title="bbox 272 1096 1856 1147; baseline 0.003 -16"><span class='ocrx_word' id='word_1_167' title='bbox 272 1107 362 1132; x_wconf 85' lang='lat' dir='ltr'>esse</span> <span class='ocrx_word' id='word_1_168' title='bbox 384 1107 497 1132; x_wconf 90' lang='lat' dir='ltr'>nunc</span> <span class='ocrx_word' id='word_1_169' title='bbox 520 1108 690 1145; x_wconf 90' lang='lat' dir='ltr'>quoque</span> <span class='ocrx_word' id='word_1_170' title='bbox 713 1096 922 1145; x_wconf 88' lang='lat' dir='ltr'>quosdam</span> <span class='ocrx_word' id='word_1_171' title='bbox 941 1098 1046 1134; x_wconf 87' lang='lat' dir='ltr'>satis</span> <span class='ocrx_word' id='word_1_172' title='bbox 1063 1097 1233 1143; x_wconf 85' lang='lat' dir='ltr'>diuites,</span> <span class='ocrx_word' id='word_1_173' title='bbox 1258 1098 1330 1147; x_wconf 92' lang='lat' dir='ltr'>qui</span> <span class='ocrx_word' id='word_1_174' title='bbox 1346 1097 1458 1135; x_wconf 90' lang='lat' dir='ltr'>illius</span> <span class='ocrx_word' id='word_1_175' title='bbox 1475 1097 1693 1135; x_wconf 78' lang='lat' dir='ltr'>ambirent</span> <span class='ocrx_word' id='word_1_176' title='bbox 1710 1100 1856 1136; x_wconf 87' lang='lat' dir='ltr'>matri-</span> 
     </span>
     <span class='ocr_line' id='line_1_19' title="bbox 272 1151 1855 1201; baseline 0.003 -14"><span class='ocrx_word' id='word_1_177' title='bbox 272 1151 464 1188; x_wconf 89' lang='lat' dir='ltr'>monium</span> <span class='ocrx_word' id='word_1_178' title='bbox 483 1164 489 1188; x_wconf 89' lang='lat'>:</span> <span class='ocrx_word' id='word_1_179' title='bbox 523 1155 670 1188; x_wconf 88' lang='lat' dir='ltr'>tamen</span> <span class='ocrx_word' id='word_1_180' title='bbox 693 1164 786 1189; x_wconf 91' lang='lat' dir='ltr'>mea</span> <span class='ocrx_word' id='word_1_181' title='bbox 805 1164 956 1190; x_wconf 78' lang='lat' dir='ltr'>caussa</span> <span class='ocrx_word' id='word_1_182' title='bbox 973 1156 1187 1201; x_wconf 90' lang='lat' dir='ltr'>quatenus</span> <span class='ocrx_word' id='word_1_183' title='bbox 1210 1166 1287 1190; x_wconf 86' lang='lat' dir='ltr'>sua</span> <span class='ocrx_word' id='word_1_184' title='bbox 1310 1154 1537 1190; x_wconf 70' lang='lat' dir='ltr'>interesset</span> <span class='ocrx_word' id='word_1_185' title='bbox 1559 1166 1602 1190; x_wconf 90' lang='lat' dir='ltr'>se</span> <span class='ocrx_word' id='word_1_186' title='bbox 1624 1153 1855 1199; x_wconf 85' lang='lat' dir='ltr'>facturum,</span> 
     </span>
     <span class='ocr_line' id='line_1_20' title="bbox 212 1205 1855 1258; baseline 0.002 -16"><span class='ocrx_word' id='word_1_187' title='bbox 212 1219 252 1248; x_wconf 82' lang='lat'>50</span> <span class='ocrx_word' id='word_1_188' title='bbox 273 1209 321 1242; x_wconf 78' lang='lat' dir='ltr'>vt</span> <span class='ocrx_word' id='word_1_189' title='bbox 343 1205 551 1243; x_wconf 86' lang='lat' dir='ltr'>consultis</span> <span class='ocrx_word' id='word_1_190' title='bbox 573 1207 690 1256; x_wconf 90' lang='lat' dir='ltr'>prius</span> <span class='ocrx_word' id='word_1_191' title='bbox 713 1208 1039 1257; x_wconf 81' lang='lat' dir='ltr'>consanguineis</span> <span class='ocrx_word' id='word_1_192' title='bbox 1064 1208 1197 1258; x_wconf 89' lang='lat' dir='ltr'>ipsius</span> <span class='ocrx_word' id='word_1_193' title='bbox 1219 1209 1394 1258; x_wconf 79' lang='lat' dir='ltr'>virginis</span> <span class='ocrx_word' id='word_1_194' title='bbox 1420 1209 1610 1258; x_wconf 87' lang='lat' dir='ltr'>paternis</span> <span class='ocrx_word' id='word_1_195' title='bbox 1635 1213 1678 1246; x_wconf 92' lang='lat' dir='ltr'>et</span> <span class='ocrx_word' id='word_1_196' title='bbox 1700 1213 1855 1246; x_wconf 90' lang='lat' dir='ltr'>mater-</span> 
     </span>
     <span class='ocr_line' id='line_1_21' title="bbox 272 1261 1306 1308; baseline 0.003 -11"><span class='ocrx_word' id='word_1_197' title='bbox 272 1261 336 1297; x_wconf 90' lang='lat' dir='ltr'>nis</span> <span class='ocrx_word' id='word_1_198' title='bbox 357 1274 452 1298; x_wconf 87' lang='lat' dir='ltr'>eam</span> <span class='ocrx_word' id='word_1_199' title='bbox 476 1261 580 1299; x_wconf 89' lang='lat' dir='ltr'>mihi</span> <span class='ocrx_word' id='word_1_200' title='bbox 602 1261 739 1308; x_wconf 82' lang='lat' dir='ltr'>daret,</span> <span class='ocrx_word' id='word_1_201' title='bbox 763 1263 804 1299; x_wconf 90' lang='lat' dir='ltr'>in</span> <span class='ocrx_word' id='word_1_202' title='bbox 827 1262 978 1300; x_wconf 91' lang='lat' dir='ltr'>Leuini</span> <span class='ocrx_word' id='word_1_203' title='bbox 1001 1267 1147 1301; x_wconf 87' lang='lat' dir='ltr'>tamen</span> <span class='ocrx_word' id='word_1_204' title='bbox 1169 1276 1306 1300; x_wconf 80' lang='lat' dir='ltr'>vsum.</span> 
     </span>
    </p>

    <p class='ocr_par' dir='ltr' id='par_1_3' title="bbox 271 1314 1857 1479">
     <span class='ocr_line' id='line_1_22' title="bbox 328 1314 1857 1367; baseline 0.003 -14"><span class='ocrx_word' id='word_1_205' title='bbox 328 1314 394 1353; x_wconf 84' lang='lat' dir='ltr'>Sic</span> <span class='ocrx_word' id='word_1_206' title='bbox 427 1329 470 1354; x_wconf 91' lang='lat' dir='ltr'>re</span> <span class='ocrx_word' id='word_1_207' title='bbox 503 1317 801 1367; x_wconf 88' lang='lat' dir='ltr'>semiperfecta</span> <span class='ocrx_word' id='word_1_208' title='bbox 837 1317 918 1355; x_wconf 90' lang='lat' dir='ltr'>huc</span> <span class='ocrx_word' id='word_1_209' title='bbox 951 1319 1110 1356; x_wconf 90' lang='lat' dir='ltr'>reuersi</span> <span class='ocrx_word' id='word_1_210' title='bbox 1141 1331 1300 1356; x_wconf 77' lang='lat' dir='ltr'>sumus</span> <span class='ocrx_word' id='word_1_211' title='bbox 1364 1318 1618 1356; x_wconf 77' lang='lat' dir='ltr'>Vissenacus</span> <span class='ocrx_word' id='word_1_212' title='bbox 1649 1319 1857 1357; x_wconf 88' lang='lat' dir='ltr'>consultis</span> 
     </span>
     <span class='ocr_line' id='line_1_23' title="bbox 271 1371 1855 1424; baseline 0.003 -16"><span class='ocrx_word' id='word_1_213' title='bbox 271 1372 357 1408; x_wconf 89' lang='lat' dir='ltr'>suis</span> <span class='ocrx_word' id='word_1_214' title='bbox 389 1371 506 1409; x_wconf 91' lang='lat' dir='ltr'>domi</span> <span class='ocrx_word' id='word_1_215' title='bbox 539 1372 740 1410; x_wconf 83' lang='lat' dir='ltr'>affinibus</span> <span class='ocrx_word' id='word_1_216' title='bbox 771 1373 897 1410; x_wconf 92' lang='lat' dir='ltr'>rediit</span> <span class='ocrx_word' id='word_1_217' title='bbox 929 1373 1010 1411; x_wconf 89' lang='lat' dir='ltr'>huc</span> <span class='ocrx_word' id='word_1_218' title='bbox 1042 1374 1096 1411; x_wconf 88' lang='lat' dir='ltr'>ad</span> <span class='ocrx_word' id='word_1_219' title='bbox 1128 1387 1194 1411; x_wconf 88' lang='lat' dir='ltr'>me</span> <span class='ocrx_word' id='word_1_220' title='bbox 1230 1378 1327 1424; x_wconf 88' lang='lat' dir='ltr'>post</span> <span class='ocrx_word' id='word_1_221' title='bbox 1361 1374 1573 1412; x_wconf 83' lang='lat' dir='ltr'>decimum</span> <span class='ocrx_word' id='word_1_222' title='bbox 1610 1374 1697 1412; x_wconf 87' lang='lat' dir='ltr'>fere</span> <span class='ocrx_word' id='word_1_223' title='bbox 1730 1375 1855 1413; x_wconf 85' lang='lat' dir='ltr'>diem.</span> 
     </span>
     <span class='ocr_line' id='line_1_24' title="bbox 271 1425 1857 1479; baseline 0.003 -15"><span class='ocrx_word' id='word_1_224' title='bbox 271 1425 351 1472; x_wconf 86' lang='lat' dir='ltr'>Qui</span> <span class='ocrx_word' id='word_1_225' title='bbox 380 1427 529 1465; x_wconf 89' lang='lat' dir='ltr'>eadem</span> <span class='ocrx_word' id='word_1_226' title='bbox 559 1440 668 1477; x_wconf 89' lang='lat' dir='ltr'>quae</span> <span class='ocrx_word' id='word_1_227' title='bbox 694 1430 811 1479; x_wconf 89' lang='lat' dir='ltr'>prius</span> <span class='ocrx_word' id='word_1_228' title='bbox 838 1428 941 1466; x_wconf 92' lang='lat' dir='ltr'>mihi</span> <span class='ocrx_word' id='word_1_229' title='bbox 967 1429 1200 1479; x_wconf 83' lang='lat' dir='ltr'>respondit,</span> <span class='ocrx_word' id='word_1_230' title='bbox 1227 1442 1268 1467; x_wconf 87' lang='lat' dir='ltr'>se</span> <span class='ocrx_word' id='word_1_231' title='bbox 1298 1429 1458 1467; x_wconf 87' lang='lat' dir='ltr'>scilicet</span> <span class='ocrx_word' id='word_1_232' title='bbox 1489 1442 1606 1467; x_wconf 92' lang='lat' dir='ltr'>meae</span> <span class='ocrx_word' id='word_1_233' title='bbox 1635 1430 1857 1468; x_wconf 80' lang='lat' dir='ltr'>voluntati</span> 
     </span>
    </p>

    <p class='ocr_par' dir='ltr' id='par_1_4' title="bbox 210 1481 1858 1755">
     <span class='ocr_line' id='line_1_25' title="bbox 210 1481 1855 1534; baseline 0.002 -15"><span class='ocrx_word' id='word_1_234' title='bbox 210 1495 250 1525; x_wconf 83' lang='lat'>55</span> <span class='ocrx_word' id='word_1_235' title='bbox 271 1481 683 1529; x_wconf 86' lang='lat' dir='ltr'>obsecundaturum,</span> <span class='ocrx_word' id='word_1_236' title='bbox 707 1483 899 1533; x_wconf 83' lang='lat' dir='ltr'>aliosque</span> <span class='ocrx_word' id='word_1_237' title='bbox 922 1485 1095 1522; x_wconf 89' lang='lat' dir='ltr'>maioris</span> <span class='ocrx_word' id='word_1_238' title='bbox 1125 1484 1248 1533; x_wconf 82' lang='lat' dir='ltr'>longe</span> <span class='ocrx_word' id='word_1_239' title='bbox 1277 1497 1407 1534; x_wconf 90' lang='lat' dir='ltr'>quam</span> <span class='ocrx_word' id='word_1_240' title='bbox 1437 1485 1624 1522; x_wconf 89' lang='lat' dir='ltr'>Leuinus</span> <span class='ocrx_word' id='word_1_241' title='bbox 1653 1485 1855 1523; x_wconf 84' lang='lat' dir='ltr'>fortunae</span> 
     </span>
     <span class='ocr_line' id='line_1_26' title="bbox 271 1539 1857 1590; baseline 0.002 -15"><span class='ocrx_word' id='word_1_242' title='bbox 271 1550 422 1587; x_wconf 88' lang='lat' dir='ltr'>procos</span> <span class='ocrx_word' id='word_1_243' title='bbox 444 1539 715 1583; x_wconf 87' lang='lat' dir='ltr'>reiecturum,</span> <span class='ocrx_word' id='word_1_244' title='bbox 739 1539 855 1588; x_wconf 89' lang='lat' dir='ltr'>quod</span> <span class='ocrx_word' id='word_1_245' title='bbox 877 1540 950 1576; x_wconf 83' lang='lat' dir='ltr'>vix</span> <span class='ocrx_word' id='word_1_246' title='bbox 973 1539 1155 1577; x_wconf 89' lang='lat' dir='ltr'>aliorum</span> <span class='ocrx_word' id='word_1_247' title='bbox 1177 1541 1317 1590; x_wconf 79' lang='lat' dir='ltr'>gratia</span> <span class='ocrx_word' id='word_1_248' title='bbox 1334 1540 1529 1578; x_wconf 86' lang='lat' dir='ltr'>facturus</span> <span class='ocrx_word' id='word_1_249' title='bbox 1546 1545 1668 1578; x_wconf 87' lang='lat' dir='ltr'>esset.</span> <span class='ocrx_word' id='word_1_250' title='bbox 1722 1540 1857 1587; x_wconf 86' lang='lat' dir='ltr'>Quem</span> 
     </span>
     <span class='ocr_line' id='line_1_27' title="bbox 272 1592 1858 1645; baseline 0.003 -16"><span class='ocrx_word' id='word_1_251' title='bbox 272 1592 368 1630; x_wconf 86' lang='lat' dir='ltr'>hinc</span> <span class='ocrx_word' id='word_1_252' title='bbox 398 1594 542 1631; x_wconf 92' lang='lat' dir='ltr'>remisi</span> <span class='ocrx_word' id='word_1_253' title='bbox 575 1607 672 1631; x_wconf 86' lang='lat' dir='ltr'>cum</span> <span class='ocrx_word' id='word_1_254' title='bbox 708 1594 884 1640; x_wconf 88' lang='lat' dir='ltr'>Leuino,</span> <span class='ocrx_word' id='word_1_255' title='bbox 917 1599 965 1632; x_wconf 80' lang='lat' dir='ltr'>vt</span> <span class='ocrx_word' id='word_1_256' title='bbox 996 1599 1228 1645; x_wconf 84' lang='lat' dir='ltr'>postquam</span> <span class='ocrx_word' id='word_1_257' title='bbox 1260 1599 1302 1632; x_wconf 87' lang='lat' dir='ltr'>et</span> <span class='ocrx_word' id='word_1_258' title='bbox 1335 1595 1424 1632; x_wconf 87' lang='lat' dir='ltr'>dies</span> <span class='ocrx_word' id='word_1_259' title='bbox 1461 1600 1504 1633; x_wconf 87' lang='lat' dir='ltr'>et</span> <span class='ocrx_word' id='word_1_260' title='bbox 1535 1600 1681 1634; x_wconf 89' lang='lat' dir='ltr'>noctes</span> <span class='ocrx_word' id='word_1_261' title='bbox 1712 1597 1858 1634; x_wconf 86' lang='lat' dir='ltr'>animo</span> 
     </span>
     <span class='ocr_line' id='line_1_28' title="bbox 271 1648 1856 1700; baseline 0.003 -15"><span class='ocrx_word' id='word_1_262' title='bbox 271 1648 557 1687; x_wconf 87' lang='lat' dir='ltr'>meditaretur</span> <span class='ocrx_word' id='word_1_263' title='bbox 593 1649 706 1687; x_wconf 89' lang='lat' dir='ltr'>illius</span> <span class='ocrx_word' id='word_1_264' title='bbox 737 1651 913 1700; x_wconf 80' lang='lat' dir='ltr'>virginis</span> <span class='ocrx_word' id='word_1_265' title='bbox 945 1650 1221 1695; x_wconf 73' lang='lat' dir='ltr'>connubium,</span> <span class='ocrx_word' id='word_1_266' title='bbox 1256 1649 1455 1688; x_wconf 84' lang='lat' dir='ltr'>Gandaui</span> <span class='ocrx_word' id='word_1_267' title='bbox 1486 1650 1631 1688; x_wconf 89' lang='lat' dir='ltr'>dotem</span> <span class='ocrx_word' id='word_1_268' title='bbox 1664 1656 1707 1689; x_wconf 85' lang='lat' dir='ltr'>et</span> <span class='ocrx_word' id='word_1_269' title='bbox 1739 1651 1856 1689; x_wconf 88' lang='lat' dir='ltr'>here-</span> 
     </span>
     <span class='ocr_line' id='line_1_29' title="bbox 270 1703 1857 1755; baseline 0.002 -14"><span class='ocrx_word' id='word_1_270' title='bbox 270 1703 431 1741; x_wconf 87' lang='lat' dir='ltr'>ditates</span> <span class='ocrx_word' id='word_1_271' title='bbox 462 1704 630 1754; x_wconf 87' lang='lat' dir='ltr'>puellae</span> <span class='ocrx_word' id='word_1_272' title='bbox 665 1706 946 1755; x_wconf 83' lang='lat' dir='ltr'>experiretur,</span> <span class='ocrx_word' id='word_1_273' title='bbox 979 1719 1027 1743; x_wconf 85' lang='lat' dir='ltr'>ac</span> <span class='ocrx_word' id='word_1_274' title='bbox 1064 1707 1313 1743; x_wconf 86' lang='lat' dir='ltr'>conuocatis</span> <span class='ocrx_word' id='word_1_275' title='bbox 1347 1707 1434 1743; x_wconf 90' lang='lat' dir='ltr'>suis</span> <span class='ocrx_word' id='word_1_276' title='bbox 1467 1707 1614 1744; x_wconf 83' lang='lat' dir='ltr'>amicis</span> <span class='ocrx_word' id='word_1_277' title='bbox 1646 1720 1695 1744; x_wconf 86' lang='lat' dir='ltr'>ea</span> <span class='ocrx_word' id='word_1_278' title='bbox 1725 1706 1777 1744; x_wconf 89' lang='lat' dir='ltr'>de</span> <span class='ocrx_word' id='word_1_279' title='bbox 1814 1720 1857 1744; x_wconf 89' lang='lat' dir='ltr'>re</span> 
     </span>
    </p>

    <p class='ocr_par' dir='ltr' id='par_1_5' title="bbox 209 1760 1856 2032">
     <span class='ocr_line' id='line_1_30' title="bbox 209 1760 1855 1811; baseline 0.002 -16"><span class='ocrx_word' id='word_1_280' title='bbox 209 1765 251 1794; x_wconf 80' lang='lat'>60</span> <span class='ocrx_word' id='word_1_281' title='bbox 271 1762 494 1805; x_wconf 84' lang='lat' dir='ltr'>tractaret,</span> <span class='ocrx_word' id='word_1_282' title='bbox 518 1760 785 1810; x_wconf 77' lang='lat' dir='ltr'>cognitisque</span> <span class='ocrx_word' id='word_1_283' title='bbox 808 1760 888 1798; x_wconf 88' lang='lat' dir='ltr'>hiis</span> <span class='ocrx_word' id='word_1_284' title='bbox 911 1773 1020 1810; x_wconf 86' lang='lat' dir='ltr'>quae</span> <span class='ocrx_word' id='word_1_285' title='bbox 1043 1761 1186 1798; x_wconf 86' lang='lat' dir='ltr'>dotem</span> <span class='ocrx_word' id='word_1_286' title='bbox 1212 1762 1344 1811; x_wconf 91' lang='lat' dir='ltr'>ipsius</span> <span class='ocrx_word' id='word_1_287' title='bbox 1365 1767 1671 1799; x_wconf 86' lang='lat' dir='ltr'>concernerent</span> <span class='ocrx_word' id='word_1_288' title='bbox 1690 1775 1732 1800; x_wconf 94' lang='lat' dir='ltr'>re</span> <span class='ocrx_word' id='word_1_289' title='bbox 1750 1763 1855 1800; x_wconf 88' lang='lat' dir='ltr'>inte-</span> 
     </span>
     <span class='ocr_line' id='line_1_31' title="bbox 270 1814 1856 1866; baseline 0.002 -15"><span class='ocrx_word' id='word_1_290' title='bbox 270 1827 344 1863; x_wconf 88' lang='lat' dir='ltr'>gra</span> <span class='ocrx_word' id='word_1_291' title='bbox 363 1814 418 1852; x_wconf 91' lang='lat' dir='ltr'>ad</span> <span class='ocrx_word' id='word_1_292' title='bbox 435 1827 501 1852; x_wconf 89' lang='lat' dir='ltr'>me</span> <span class='ocrx_word' id='word_1_293' title='bbox 524 1820 829 1861; x_wconf 85' lang='lat' dir='ltr'>reuerteretur,</span> <span class='ocrx_word' id='word_1_294' title='bbox 853 1820 896 1854; x_wconf 91' lang='lat' dir='ltr'>et</span> <span class='ocrx_word' id='word_1_295' title='bbox 918 1821 1069 1866; x_wconf 83' lang='lat' dir='ltr'>postea</span> <span class='ocrx_word' id='word_1_296' title='bbox 1090 1816 1205 1866; x_wconf 90' lang='lat' dir='ltr'>quod</span> <span class='ocrx_word' id='word_1_297' title='bbox 1228 1817 1265 1854; x_wconf 85' lang='lat' dir='ltr'>ei</span> <span class='ocrx_word' id='word_1_298' title='bbox 1287 1821 1330 1854; x_wconf 88' lang='lat' dir='ltr'>et</span> <span class='ocrx_word' id='word_1_299' title='bbox 1353 1817 1619 1854; x_wconf 87' lang='lat' dir='ltr'>commodius</span> <span class='ocrx_word' id='word_1_300' title='bbox 1641 1822 1684 1855; x_wconf 90' lang='lat' dir='ltr'>et</span> <span class='ocrx_word' id='word_1_301' title='bbox 1706 1817 1856 1855; x_wconf 87' lang='lat' dir='ltr'>vtilius</span> 
     </span>
     <span class='ocr_line' id='line_1_32' title="bbox 270 1869 1855 1922; baseline 0.003 -16"><span class='ocrx_word' id='word_1_302' title='bbox 270 1869 466 1907; x_wconf 87' lang='lat' dir='ltr'>futurum</span> <span class='ocrx_word' id='word_1_303' title='bbox 488 1875 613 1915; x_wconf 90' lang='lat' dir='ltr'>esset,</span> <span class='ocrx_word' id='word_1_304' title='bbox 636 1875 679 1908; x_wconf 89' lang='lat' dir='ltr'>te</span> <span class='ocrx_word' id='word_1_305' title='bbox 702 1872 818 1921; x_wconf 85' lang='lat' dir='ltr'>prius</span> <span class='ocrx_word' id='word_1_306' title='bbox 841 1871 1039 1909; x_wconf 86' lang='lat' dir='ltr'>consulto</span> <span class='ocrx_word' id='word_1_307' title='bbox 1062 1871 1103 1909; x_wconf 93' lang='lat' dir='ltr'>id</span> <span class='ocrx_word' id='word_1_308' title='bbox 1124 1871 1385 1917; x_wconf 75' lang='lat' dir='ltr'>faceremus3</span> <span class='ocrx_word' id='word_1_309' title='bbox 1420 1885 1471 1910; x_wconf 92' lang='lat' dir='ltr'>ne</span> <span class='ocrx_word' id='word_1_310' title='bbox 1502 1873 1535 1909; x_wconf 88' lang='lat' dir='ltr'>si</span> <span class='ocrx_word' id='word_1_311' title='bbox 1563 1872 1617 1910; x_wconf 89' lang='lat' dir='ltr'>ob</span> <span class='ocrx_word' id='word_1_312' title='bbox 1650 1874 1855 1922; x_wconf 89' lang='lat' dir='ltr'>intempe-</span> 
     </span>
     <span class='ocr_line' id='line_1_33' title="bbox 270 1925 1855 1977; baseline 0.002 -15"><span class='ocrx_word' id='word_1_313' title='bbox 270 1925 433 1962; x_wconf 89' lang='lat' dir='ltr'>stiuum</span> <span class='ocrx_word' id='word_1_314' title='bbox 451 1939 641 1964; x_wconf 88' lang='lat' dir='ltr'>amorem</span> <span class='ocrx_word' id='word_1_315' title='bbox 664 1926 863 1964; x_wconf 86' lang='lat' dir='ltr'>indotata</span> <span class='ocrx_word' id='word_1_316' title='bbox 886 1927 947 1964; x_wconf 89' lang='lat' dir='ltr'>illi</span> <span class='ocrx_word' id='word_1_317' title='bbox 967 1940 1018 1964; x_wconf 88' lang='lat' dir='ltr'>ea</span> <span class='ocrx_word' id='word_1_318' title='bbox 1035 1928 1315 1977; x_wconf 86' lang='lat' dir='ltr'>contingeret,</span> <span class='ocrx_word' id='word_1_319' title='bbox 1338 1928 1549 1977; x_wconf 83' lang='lat' dir='ltr'>peniteret</span> <span class='ocrx_word' id='word_1_320' title='bbox 1572 1941 1613 1965; x_wconf 88' lang='lat' dir='ltr'>se</span> <span class='ocrx_word' id='word_1_321' title='bbox 1636 1941 1731 1966; x_wconf 86' lang='lat' dir='ltr'>cum</span> <span class='ocrx_word' id='word_1_322' title='bbox 1750 1932 1855 1965; x_wconf 93' lang='lat' dir='ltr'>tem-</span> 
     </span>
     <span class='ocr_line' id='line_1_34' title="bbox 269 1981 1855 2032; baseline 0.001 -14"><span class='ocrx_word' id='word_1_323' title='bbox 269 1993 370 2030; x_wconf 89' lang='lat' dir='ltr'>pore</span> <span class='ocrx_word' id='word_1_324' title='bbox 402 1981 468 2018; x_wconf 90' lang='lat' dir='ltr'>sui</span> <span class='ocrx_word' id='word_1_325' title='bbox 499 1981 617 2019; x_wconf 88' lang='lat' dir='ltr'>faeti.</span> <span class='ocrx_word' id='word_1_326' title='bbox 679 1981 986 2020; x_wconf 84' lang='lat' dir='ltr'>Commiseram</span> <span class='ocrx_word' id='word_1_327' title='bbox 1023 1987 1169 2020; x_wconf 86' lang='lat' dir='ltr'>autem</span> <span class='ocrx_word' id='word_1_328' title='bbox 1205 1983 1255 2027; x_wconf 74' lang='lat' dir='ltr'>ei,</span> <span class='ocrx_word' id='word_1_329' title='bbox 1289 1987 1334 2019; x_wconf 81' lang='lat' dir='ltr'>vt</span> <span class='ocrx_word' id='word_1_330' title='bbox 1368 1995 1642 2032; x_wconf 85' lang='lat' dir='ltr'>nequaquam</span> <span class='ocrx_word' id='word_1_331' title='bbox 1673 1996 1715 2020; x_wconf 88' lang='lat' dir='ltr'>se</span> <span class='ocrx_word' id='word_1_332' title='bbox 1748 1984 1855 2028; x_wconf 86' lang='lat' dir='ltr'>istic,</span> 
     </span>
    </p>

    <p class='ocr_par' dir='ltr' id='par_1_6' title="bbox 207 2036 1857 2199">
     <span class='ocr_line' id='line_1_35' title="bbox 207 2036 1857 2088; baseline 0.002 -16"><span class='ocrx_word' id='word_1_333' title='bbox 207 2042 249 2078; x_wconf 81' lang='lat'>65</span> <span class='ocrx_word' id='word_1_334' title='bbox 269 2040 504 2085; x_wconf 87' lang='lat' dir='ltr'>antequam</span> <span class='ocrx_word' id='word_1_335' title='bbox 528 2036 582 2074; x_wconf 88' lang='lat' dir='ltr'>ad</span> <span class='ocrx_word' id='word_1_336' title='bbox 605 2049 672 2074; x_wconf 88' lang='lat' dir='ltr'>me</span> <span class='ocrx_word' id='word_1_337' title='bbox 696 2037 867 2083; x_wconf 87' lang='lat' dir='ltr'>rediret,</span> <span class='ocrx_word' id='word_1_338' title='bbox 890 2041 932 2075; x_wconf 91' lang='lat' dir='ltr'>et</span> <span class='ocrx_word' id='word_1_339' title='bbox 956 2037 1034 2075; x_wconf 89' lang='lat' dir='ltr'>hac</span> <span class='ocrx_word' id='word_1_340' title='bbox 1056 2038 1108 2075; x_wconf 90' lang='lat' dir='ltr'>de</span> <span class='ocrx_word' id='word_1_341' title='bbox 1130 2050 1173 2075; x_wconf 87' lang='lat' dir='ltr'>re</span> <span class='ocrx_word' id='word_1_342' title='bbox 1195 2037 1249 2075; x_wconf 89' lang='lat' dir='ltr'>ad</span> <span class='ocrx_word' id='word_1_343' title='bbox 1272 2042 1314 2074; x_wconf 88' lang='lat' dir='ltr'>te</span> <span class='ocrx_word' id='word_1_344' title='bbox 1337 2038 1630 2083; x_wconf 70' lang='lat' dir='ltr'>scriberemus,</span> <span class='ocrx_word' id='word_1_345' title='bbox 1650 2042 1857 2088; x_wconf 88' lang='lat' dir='ltr'>tuamque</span> 
     </span>
     <span class='ocr_line' id='line_1_36' title="bbox 269 2092 1854 2142; baseline 0.002 -14"><span class='ocrx_word' id='word_1_346' title='bbox 269 2092 561 2141; x_wconf 82' lang='lat' dir='ltr'>experiremur</span> <span class='ocrx_word' id='word_1_347' title='bbox 598 2092 884 2137; x_wconf 73' lang='lat' dir='ltr'>voluntatem,</span> <span class='ocrx_word' id='word_1_348' title='bbox 922 2092 1067 2142; x_wconf 90' lang='lat' dir='ltr'>aliquo</span> <span class='ocrx_word' id='word_1_349' title='bbox 1105 2095 1164 2141; x_wconf 83' lang='lat' dir='ltr'>[se</span> <span class='ocrx_word' id='word_1_350' title='bbox 1199 2093 1309 2141; x_wconf 81' lang='lat' dir='ltr'>istic]</span> <span class='ocrx_word' id='word_1_351' title='bbox 1346 2093 1635 2142; x_wconf 69' lang='lat' dir='ltr'>obstringeret</span> <span class='ocrx_word' id='word_1_352' title='bbox 1670 2093 1854 2132; x_wconf 82' lang='lat' dir='ltr'>vinculo.</span> 
     </span>
     <span class='ocr_line' id='line_1_37' title="bbox 269 2145 1855 2199; baseline 0.002 -16"><span class='ocrx_word' id='word_1_353' title='bbox 269 2145 312 2183; x_wconf 92' lang='lat' dir='ltr'>Is</span> <span class='ocrx_word' id='word_1_354' title='bbox 334 2146 511 2184; x_wconf 87' lang='lat' dir='ltr'>tandem</span> <span class='ocrx_word' id='word_1_355' title='bbox 534 2160 730 2185; x_wconf 90' lang='lat' dir='ltr'>reuersus</span> <span class='ocrx_word' id='word_1_356' title='bbox 754 2147 916 2193; x_wconf 90' lang='lat' dir='ltr'>retulit,</span> <span class='ocrx_word' id='word_1_357' title='bbox 936 2161 1032 2186; x_wconf 91' lang='lat' dir='ltr'>cum</span> <span class='ocrx_word' id='word_1_358' title='bbox 1052 2161 1206 2198; x_wconf 84' lang='lat' dir='ltr'>magno</span> <span class='ocrx_word' id='word_1_359' title='bbox 1230 2152 1344 2185; x_wconf 86' lang='lat' dir='ltr'>certe</span> <span class='ocrx_word' id='word_1_360' title='bbox 1368 2161 1462 2185; x_wconf 89' lang='lat' dir='ltr'>meo</span> <span class='ocrx_word' id='word_1_361' title='bbox 1485 2148 1643 2194; x_wconf 83' lang='lat' dir='ltr'>dolore,</span> <span class='ocrx_word' id='word_1_362' title='bbox 1668 2162 1710 2186; x_wconf 88' lang='lat' dir='ltr'>se</span> <span class='ocrx_word' id='word_1_363' title='bbox 1733 2161 1855 2199; x_wconf 91' lang='lat' dir='ltr'>spon-</span> 
     </span>
    </p>
   </div>
   <div class='ocr_carea' id='block_1_3' title="bbox 268 2235 1858 3028">
    <p class='ocr_par' dir='ltr' id='par_1_7' title="bbox 268 2235 1858 3028">
     <span class='ocr_line' id='line_1_38' title="bbox 753 2235 1371 2277; baseline -0.002 -10"><span class='ocrx_word' id='word_1_364' title='bbox 753 2237 805 2276; x_wconf 83' lang='lat'>38.</span> <span class='ocrx_word' id='word_1_365' title='bbox 833 2237 904 2267; x_wconf 87' lang='lat' dir='ltr'>huc</span> <span class='ocrx_word' id='word_1_366' title='bbox 923 2237 1160 2277; x_wconf 69' lang='lat' dir='ltr'>scripsimus:</span> <span class='ocrx_word' id='word_1_367' title='bbox 1187 2237 1270 2267; x_wconf 86' lang='lat' dir='ltr'>hinc</span> <span class='ocrx_word' id='word_1_368' title='bbox 1288 2235 1371 2266; x_wconf 80' lang='lat' dir='ltr'>MS.</span> 
     </span>
     <span class='ocr_line' id='line_1_39' title="bbox 269 2323 1858 2367; baseline 0.001 -13"><span class='ocrx_word' id='word_1_369' title='bbox 269 2323 370 2364; x_wconf 83' lang='lat' dir='ltr'>Pagi,</span> <span class='ocrx_word' id='word_1_370' title='bbox 389 2334 437 2354; x_wconf 91' lang='lat' dir='ltr'>on</span> <span class='ocrx_word' id='word_1_371' title='bbox 454 2325 519 2355; x_wconf 84' lang='lat' dir='ltr'>the</span> <span class='ocrx_word' id='word_1_372' title='bbox 537 2325 657 2362; x_wconf 87' lang='lat' dir='ltr'>Seille)</span> <span class='ocrx_word' id='word_1_373' title='bbox 676 2325 874 2366; x_wconf 88' lang='lat' dir='ltr'>published</span> <span class='ocrx_word' id='word_1_374' title='bbox 894 2326 929 2355; x_wconf 87' lang='grc'>111</span> <span class='ocrx_word' id='word_1_375' title='bbox 947 2335 1025 2365; x_wconf 78' lang='lat'>1541</span> <span class='ocrx_word' id='word_1_376' title='bbox 1099 2326 1155 2356; x_wconf 85' lang='lat' dir='ltr'>his</span> <span class='ocrx_word' id='word_1_377' title='bbox 1173 2325 1281 2356; x_wconf 85' lang='lat' dir='ltr'>book.</span> <span class='ocrx_word' id='word_1_378' title='bbox 1330 2326 1362 2355; x_wconf 72' lang='lat' dir='ltr'>A</span> <span class='ocrx_word' id='word_1_379' title='bbox 1378 2330 1465 2356; x_wconf 87' lang='lat' dir='ltr'>note</span> <span class='ocrx_word' id='word_1_380' title='bbox 1483 2335 1530 2356; x_wconf 90' lang='lat' dir='ltr'>on</span> <span class='ocrx_word' id='word_1_381' title='bbox 1546 2325 1570 2356; x_wconf 80' lang='lat' dir='ltr'>f.</span> <span class='ocrx_word' id='word_1_382' title='bbox 1587 2335 1627 2365; x_wconf 81' lang='lat'>27</span> <span class='ocrx_word' id='word_1_383' title='bbox 1642 2328 1695 2356; x_wconf 69' lang='grc' dir='ltr'>νο.</span> <span class='ocrx_word' id='word_1_384' title='bbox 1710 2325 1858 2367; x_wconf 86' lang='lat' dir='ltr'>glances</span> 
     </span>
     <span class='ocr_line' id='line_1_40' title="bbox 271 2367 1857 2410; baseline 0.001 -11"><span class='ocrx_word' id='word_1_385' title='bbox 271 2367 459 2399; x_wconf 72' lang='lat' dir='ltr'>Theorz‘cae</span> <span class='ocrx_word' id='word_1_386' title='bbox 496 2369 713 2405; x_wconf 66' lang='lat' dir='ltr'>ssledz&#39;cinae,</span> <span class='ocrx_word' id='word_1_387' title='bbox 745 2370 962 2410; x_wconf 77' lang='lat' dir='ltr'>appending</span> <span class='ocrx_word' id='word_1_388' title='bbox 991 2375 1030 2400; x_wconf 89' lang='lat' dir='ltr'>to</span> <span class='ocrx_word' id='word_1_389' title='bbox 1099 2369 1423 2410; x_wconf 74' lang='lat' dir='ltr'>disparaginglyat</span> <span class='ocrx_word' id='word_1_390' title='bbox 1439 2370 1502 2400; x_wconf 83' lang='lat' dir='ltr'>the</span> <span class='ocrx_word' id='word_1_391' title='bbox 1515 2370 1754 2401; x_wconf 82' lang='lat' dir='ltr'>Dominicans</span> <span class='ocrx_word' id='word_1_392' title='bbox 1769 2370 1857 2407; x_wconf 90' lang='lat' dir='ltr'>(and</span> 
     </span>
     <span class='ocr_line' id='line_1_41' title="bbox 269 2412 1857 2453; baseline 0.001 -10"><span class='ocrx_word' id='word_1_393' title='bbox 269 2413 298 2442; x_wconf 83' lang='lat' dir='ltr'>it</span> <span class='ocrx_word' id='word_1_394' title='bbox 324 2412 484 2444; x_wconf 73' lang='lat' dir='ltr'>Libellus</span> <span class='ocrx_word' id='word_1_395' title='bbox 510 2413 581 2453; x_wconf 83' lang='grc' dir='ltr'>περὶ</span> <span class='ocrx_word' id='word_1_396' title='bbox 606 2416 665 2444; x_wconf 83' lang='grc' dir='ltr'>τοῦ</span> <span class='ocrx_word' id='word_1_397' title='bbox 697 2412 896 2452; x_wconf 75' lang='grc' dir='ltr'>ἱδρωνούσου</span> <span class='ocrx_word' id='word_1_398' title='bbox 920 2415 1028 2450; x_wconf 83' lang='lat' dir='ltr'>(Ant-</span> <span class='ocrx_word' id='word_1_399' title='bbox 1099 2414 1233 2444; x_wconf 68' lang='lat' dir='ltr'>monks</span> <span class='ocrx_word' id='word_1_400' title='bbox 1252 2414 1465 2453; x_wconf 74' lang='lat' dir='ltr'>generally),</span> <span class='ocrx_word' id='word_1_401' title='bbox 1485 2415 1567 2444; x_wconf 84' lang='lat' dir='ltr'>who</span> <span class='ocrx_word' id='word_1_402' title='bbox 1589 2414 1777 2445; x_wconf 81' lang='lat' dir='ltr'>‘literatos</span> <span class='ocrx_word' id='word_1_403' title='bbox 1799 2414 1857 2444; x_wconf 87' lang='lat' dir='ltr'>vel</span> 
     </span>
     <span class='ocr_line' id='line_1_42' title="bbox 268 2457 1856 2498; baseline 0.001 -10"><span class='ocrx_word' id='word_1_404' title='bbox 268 2467 381 2496; x_wconf 80' lang='lat' dir='ltr'>werp,</span> <span class='ocrx_word' id='word_1_405' title='bbox 396 2457 612 2494; x_wconf 83' lang='lat' dir='ltr'>Dumaeus).</span> <span class='ocrx_word' id='word_1_406' title='bbox 662 2458 719 2488; x_wconf 92' lang='lat' dir='ltr'>He</span> <span class='ocrx_word' id='word_1_407' title='bbox 734 2458 807 2488; x_wconf 88' lang='lat' dir='ltr'>had</span> <span class='ocrx_word' id='word_1_408' title='bbox 823 2459 879 2488; x_wconf 85' lang='lat' dir='ltr'>for</span> <span class='ocrx_word' id='word_1_409' title='bbox 893 2463 1028 2498; x_wconf 89' lang='lat' dir='ltr'>patron</span> <span class='ocrx_word' id='word_1_410' title='bbox 1098 2458 1424 2488; x_wconf 74' lang='lat' dir='ltr'>christianissimos</span> <span class='ocrx_word' id='word_1_411' title='bbox 1460 2458 1696 2489; x_wconf 86' lang='lat' dir='ltr'>Lutheranae</span> <span class='ocrx_word' id='word_1_412' title='bbox 1734 2463 1856 2489; x_wconf 83' lang='lat' dir='ltr'>sectae</span> 
     </span>
     <span class='ocr_line' id='line_1_43' title="bbox 269 2500 1856 2543; baseline 0.001 -12"><span class='ocrx_word' id='word_1_413' title='bbox 269 2500 458 2532; x_wconf 82' lang='lat' dir='ltr'>Erasmus’</span> <span class='ocrx_word' id='word_1_414' title='bbox 482 2501 602 2532; x_wconf 84' lang='lat' dir='ltr'>friend</span> <span class='ocrx_word' id='word_1_415' title='bbox 621 2502 817 2542; x_wconf 82' lang='lat' dir='ltr'>Adolphus</span> <span class='ocrx_word' id='word_1_416' title='bbox 838 2503 876 2532; x_wconf 86' lang='lat' dir='ltr'>of</span> <span class='ocrx_word' id='word_1_417' title='bbox 902 2502 1027 2538; x_wconf 80' lang='lat' dir='ltr'>Veere,</span> <span class='ocrx_word' id='word_1_418' title='bbox 1099 2502 1311 2532; x_wconf 83' lang='lat' dir='ltr'>insimulare</span> <span class='ocrx_word' id='word_1_419' title='bbox 1323 2501 1472 2532; x_wconf 82' lang='lat' dir='ltr'>solent&#39;.</span> <span class='ocrx_word' id='word_1_420' title='bbox 1494 2502 1612 2533; x_wconf 86' lang='lat' dir='ltr'>Other</span> <span class='ocrx_word' id='word_1_421' title='bbox 1623 2507 1729 2533; x_wconf 86' lang='lat' dir='ltr'>notes</span> <span class='ocrx_word' id='word_1_422' title='bbox 1741 2503 1856 2543; x_wconf 83' lang='lat' dir='ltr'>speak</span> 
     </span>
     <span class='ocr_line' id='line_1_44' title="bbox 269 2545 1856 2587; baseline 0.001 -12"><span class='ocrx_word' id='word_1_423' title='bbox 269 2545 363 2575; x_wconf 81' lang='lat' dir='ltr'>from</span> <span class='ocrx_word' id='word_1_424' title='bbox 402 2546 524 2577; x_wconf 81' lang='lat' dir='ltr'>whose</span> <span class='ocrx_word' id='word_1_425' title='bbox 567 2546 681 2577; x_wconf 85' lang='lat' dir='ltr'>eastle</span> <span class='ocrx_word' id='word_1_426' title='bbox 727 2547 772 2576; x_wconf 92' lang='lat' dir='ltr'>he</span> <span class='ocrx_word' id='word_1_427' title='bbox 815 2546 921 2577; x_wconf 84' lang='lat' dir='ltr'>dates</span> <span class='ocrx_word' id='word_1_428' title='bbox 965 2547 1030 2577; x_wconf 89' lang='lat' dir='ltr'>the</span> <span class='ocrx_word' id='word_1_429' title='bbox 1099 2546 1856 2587; x_wconf 57' lang='grc'><strong>0191019551011313111111915011319011111195</strong></span> 
     </span>
     <span class='ocr_line' id='line_1_45' title="bbox 270 2589 1856 2631; baseline 0.001 -12"><span class='ocrx_word' id='word_1_430' title='bbox 270 2589 416 2629; x_wconf 77' lang='lat' dir='ltr'>prefaee</span> <span class='ocrx_word' id='word_1_431' title='bbox 445 2594 485 2620; x_wconf 88' lang='lat' dir='ltr'>to</span> <span class='ocrx_word' id='word_1_432' title='bbox 518 2590 575 2620; x_wconf 87' lang='lat' dir='ltr'>his</span> <span class='ocrx_word' id='word_1_433' title='bbox 614 2590 713 2621; x_wconf 85' lang='lat' dir='ltr'>book</span> <span class='ocrx_word' id='word_1_434' title='bbox 742 2590 953 2627; x_wconf 84' lang='lat' dir='ltr'>(dedicated</span> <span class='ocrx_word' id='word_1_435' title='bbox 990 2595 1029 2620; x_wconf 92' lang='lat' dir='ltr'>to</span> <span class='ocrx_word' id='word_1_436' title='bbox 1099 2591 1280 2630; x_wconf 74' lang='lat' dir='ltr'>(ff7o—2),</span> <span class='ocrx_word' id='word_1_437' title='bbox 1310 2590 1383 2620; x_wconf 89' lang='lat' dir='ltr'>and</span> <span class='ocrx_word' id='word_1_438' title='bbox 1413 2591 1450 2620; x_wconf 80' lang='lat' dir='ltr'>of</span> <span class='ocrx_word' id='word_1_439' title='bbox 1475 2594 1660 2631; x_wconf 84' lang='lat' dir='ltr'>attempts</span> <span class='ocrx_word' id='word_1_440' title='bbox 1685 2595 1725 2621; x_wconf 90' lang='lat' dir='ltr'>to</span> <span class='ocrx_word' id='word_1_441' title='bbox 1753 2591 1856 2621; x_wconf 77' lang='lat' dir='ltr'>drive</span> 
     </span>
     <span class='ocr_line' id='line_1_46' title="bbox 269 2633 1855 2671; baseline 0.001 -8"><span class='ocrx_word' id='word_1_442' title='bbox 269 2633 416 2664; x_wconf 82' lang='lat' dir='ltr'>Nicolas</span> <span class='ocrx_word' id='word_1_443' title='bbox 479 2634 676 2665; x_wconf 79' lang='lat' dir='ltr'>Perrenot·</span> <span class='ocrx_word' id='word_1_444' title='bbox 708 2634 753 2665; x_wconf 92' lang='lat' dir='ltr'>de</span> <span class='ocrx_word' id='word_1_445' title='bbox 805 2634 1027 2671; x_wconf 68' lang='lat' dir='ltr'>Graux-elle).</span> <span class='ocrx_word' id='word_1_446' title='bbox 1099 2636 1162 2665; x_wconf 85' lang='lat' dir='ltr'>the</span> <span class='ocrx_word' id='word_1_447' title='bbox 1197 2635 1333 2664; x_wconf 82' lang='lat' dir='ltr'>author</span> <span class='ocrx_word' id='word_1_448' title='bbox 1368 2640 1431 2664; x_wconf 86' lang='lat' dir='ltr'>out</span> <span class='ocrx_word' id='word_1_449' title='bbox 1469 2634 1507 2665; x_wconf 83' lang='lat' dir='ltr'>of</span> <span class='ocrx_word' id='word_1_450' title='bbox 1543 2635 1731 2665; x_wconf 75' lang='lat' dir='ltr'>Flnnders.</span> <span class='ocrx_word' id='word_1_451' title='bbox 1799 2634 1855 2665; x_wconf 91' lang='lat' dir='ltr'>On</span> 
     </span>
     <span class='ocr_line' id='line_1_47' title="bbox 268 2677 1855 2719; baseline 0.001 -12"><span class='ocrx_word' id='word_1_452' title='bbox 268 2677 346 2707; x_wconf 90' lang='lat' dir='ltr'>The</span> <span class='ocrx_word' id='word_1_453' title='bbox 386 2678 532 2718; x_wconf 83' lang='lat' dir='ltr'>prefaee</span> <span class='ocrx_word' id='word_1_454' title='bbox 576 2679 712 2719; x_wconf 71' lang='lat' dir='ltr'>speaks</span> <span class='ocrx_word' id='word_1_455' title='bbox 755 2679 791 2709; x_wconf 90' lang='lat' dir='ltr'>in</span> <span class='ocrx_word' id='word_1_456' title='bbox 832 2684 947 2709; x_wconf 87' lang='lat' dir='ltr'>terms</span> <span class='ocrx_word' id='word_1_457' title='bbox 993 2678 1030 2709; x_wconf 82' lang='lat' dir='ltr'>of</span> <span class='ocrx_word' id='word_1_458' title='bbox 1100 2679 1123 2709; x_wconf 89' lang='lat' dir='ltr'>f.</span> <span class='ocrx_word' id='word_1_459' title='bbox 1151 2688 1171 2715; x_wconf 82' lang='grc'><strong>0</strong></span> <span class='ocrx_word' id='word_1_460' title='bbox 1197 2679 1241 2708; x_wconf 90' lang='grc'>119</span> <span class='ocrx_word' id='word_1_461' title='bbox 1266 2688 1458 2718; x_wconf 68' lang='lat' dir='ltr'>expresses</span> <span class='ocrx_word' id='word_1_462' title='bbox 1488 2679 1544 2709; x_wconf 90' lang='grc'><strong>1115</strong></span> <span class='ocrx_word' id='word_1_463' title='bbox 1570 2679 1702 2709; x_wconf 79' lang='lat' dir='ltr'>dislike</span> <span class='ocrx_word' id='word_1_464' title='bbox 1728 2679 1766 2709; x_wconf 87' lang='lat' dir='ltr'>of</span> <span class='ocrx_word' id='word_1_465' title='bbox 1790 2679 1855 2709; x_wconf 90' lang='lat' dir='ltr'>the</span> 
     </span>
     <span class='ocr_line' id='line_1_48' title="bbox 268 2722 1855 2763; baseline 0.001 -11"><span class='ocrx_word' id='word_1_466' title='bbox 268 2722 509 2762; x_wconf 72' lang='lat' dir='ltr'>complixnent</span> <span class='ocrx_word' id='word_1_467' title='bbox 534 2722 571 2753; x_wconf 83' lang='lat' dir='ltr'>of</span> <span class='ocrx_word' id='word_1_468' title='bbox 598 2723 749 2753; x_wconf 79' lang='lat' dir='ltr'>Linaere</span> <span class='ocrx_word' id='word_1_469' title='bbox 774 2723 847 2753; x_wconf 85' lang='lat' dir='ltr'>and</span> <span class='ocrx_word' id='word_1_470' title='bbox 868 2722 1029 2753; x_wconf 76' lang='lat' dir='ltr'>william</span> <span class='ocrx_word' id='word_1_471' title='bbox 1098 2723 1266 2753; x_wconf 77' lang='lat' dir='ltr'>Louvain</span> <span class='ocrx_word' id='word_1_472' title='bbox 1302 2723 1439 2753; x_wconf 73' lang='lat' dir='ltr'>medici.</span> <span class='ocrx_word' id='word_1_473' title='bbox 1494 2723 1538 2752; x_wconf 88' lang='lat' dir='ltr'>In</span> <span class='ocrx_word' id='word_1_474' title='bbox 1570 2723 1659 2763; x_wconf 62' lang='lat' dir='ltr'>‚July</span> <span class='ocrx_word' id='word_1_475' title='bbox 1695 2732 1775 2762; x_wconf 80' lang='lat'>1532</span> <span class='ocrx_word' id='word_1_476' title='bbox 1810 2723 1855 2753; x_wconf 88' lang='lat' dir='ltr'>he</span> 
     </span>
     <span class='ocr_line' id='line_1_49' title="bbox 269 2765 1856 2807; baseline 0 -11"><span class='ocrx_word' id='word_1_477' title='bbox 269 2765 357 2806; x_wconf 90' lang='lat' dir='ltr'>Cop.</span> <span class='ocrx_word' id='word_1_478' title='bbox 429 2767 575 2807; x_wconf 76' lang='lat' dir='ltr'>Among</span> <span class='ocrx_word' id='word_1_479' title='bbox 618 2767 673 2797; x_wconf 82' lang='lat' dir='ltr'>his</span> <span class='ocrx_word' id='word_1_480' title='bbox 724 2767 864 2797; x_wconf 85' lang='lat' dir='ltr'>friends</span> <span class='ocrx_word' id='word_1_481' title='bbox 904 2767 1027 2797; x_wconf 85' lang='lat' dir='ltr'>Dami-</span> <span class='ocrx_word' id='word_1_482' title='bbox 1096 2766 1309 2801; x_wconf 76' lang='lat' dir='ltr'>addressed,</span> <span class='ocrx_word' id='word_1_483' title='bbox 1339 2767 1434 2796; x_wconf 83' lang='lat' dir='ltr'>from</span> <span class='ocrx_word' id='word_1_484' title='bbox 1463 2766 1600 2803; x_wconf 72' lang='lat' dir='ltr'>Ghont,</span> <span class='ocrx_word' id='word_1_485' title='bbox 1630 2772 1704 2797; x_wconf 81' lang='lat' dir='ltr'>two</span> <span class='ocrx_word' id='word_1_486' title='bbox 1729 2767 1856 2797; x_wconf 87' lang='lat' dir='ltr'>letters</span> 
     </span>
     <span class='ocr_line' id='line_1_50' title="bbox 268 2806 1854 2851; baseline 0 -11"><span class='ocrx_word' id='word_1_487' title='bbox 268 2820 363 2840; x_wconf 81' lang='lat' dir='ltr'>anus</span> <span class='ocrx_word' id='word_1_488' title='bbox 419 2806 606 2841; x_wconf 73' lang='lat' dir='ltr'>mentions</span> <span class='ocrx_word' id='word_1_489' title='bbox 654 2811 693 2848; x_wconf 79' lang='lat' dir='ltr'>(f.</span> <span class='ocrx_word' id='word_1_490' title='bbox 735 2812 792 2849; x_wconf 70' lang='lat'>64)</span> <span class='ocrx_word' id='word_1_491' title='bbox 837 2811 1026 2842; x_wconf 82' lang='lat' dir='ltr'>Erasmus&#39;</span> <span class='ocrx_word' id='word_1_492' title='bbox 1097 2816 1136 2842; x_wconf 89' lang='lat' dir='ltr'>to</span> <span class='ocrx_word' id='word_1_493' title='bbox 1162 2811 1256 2841; x_wconf 86' lang='lat' dir='ltr'>Olah</span> <span class='ocrx_word' id='word_1_494' title='bbox 1281 2821 1327 2841; x_wconf 93' lang='lat' dir='ltr'>on</span> <span class='ocrx_word' id='word_1_495' title='bbox 1358 2811 1422 2841; x_wconf 84' lang='lat' dir='ltr'>the</span> <span class='ocrx_word' id='word_1_496' title='bbox 1451 2811 1595 2851; x_wconf 86' lang='lat' dir='ltr'>subject</span> <span class='ocrx_word' id='word_1_497' title='bbox 1623 2811 1661 2842; x_wconf 81' lang='lat' dir='ltr'>of</span> <span class='ocrx_word' id='word_1_498' title='bbox 1690 2810 1854 2841; x_wconf 78' lang='lat' dir='ltr'>Livinus&#39;</span> 
     </span>
     <span class='ocr_line' id='line_1_51' title="bbox 270 2853 1855 2896; baseline 0 -12"><span class='ocrx_word' id='word_1_499' title='bbox 270 2855 389 2884; x_wconf 83' lang='lat' dir='ltr'>friend</span> <span class='ocrx_word' id='word_1_500' title='bbox 411 2855 646 2885; x_wconf 79' lang='lat' dir='ltr'>Audornarus</span> <span class='ocrx_word' id='word_1_501' title='bbox 670 2853 836 2895; x_wconf 83' lang='lat' dir='ltr'>Edingus</span> <span class='ocrx_word' id='word_1_502' title='bbox 856 2856 930 2892; x_wconf 87' lang='lat' dir='ltr'>(see</span> <span class='ocrx_word' id='word_1_503' title='bbox 954 2855 1023 2895; x_wconf 84' lang='lat' dir='ltr'>Ep.</span> <span class='ocrx_word' id='word_1_504' title='bbox 1094 2855 1285 2895; x_wconf 83' lang='lat' dir='ltr'>marriage.</span> <span class='ocrx_word' id='word_1_505' title='bbox 1334 2854 1452 2885; x_wconf 87' lang='lat' dir='ltr'>These</span> <span class='ocrx_word' id='word_1_506' title='bbox 1480 2865 1541 2885; x_wconf 86' lang='lat' dir='ltr'>are</span> <span class='ocrx_word' id='word_1_507' title='bbox 1574 2855 1736 2896; x_wconf 87' lang='lat' dir='ltr'>printed,</span> <span class='ocrx_word' id='word_1_508' title='bbox 1764 2855 1855 2885; x_wconf 76' lang='lat' dir='ltr'>with</span> 
     </span>
     <span class='ocr_line' id='line_1_52' title="bbox 269 2898 1782 2940; baseline 0 -12"><span class='ocrx_word' id='word_1_509' title='bbox 269 2900 356 2929; x_wconf 83' lang='lat'>2060</span> <span class='ocrx_word' id='word_1_510' title='bbox 403 2899 570 2936; x_wconf 83' lang='lat' dir='ltr'>introd.).</span> <span class='ocrx_word' id='word_1_511' title='bbox 642 2899 774 2939; x_wconf 83' lang='lat' dir='ltr'>Scraps</span> <span class='ocrx_word' id='word_1_512' title='bbox 820 2899 858 2930; x_wconf 91' lang='lat' dir='ltr'>of</span> <span class='ocrx_word' id='word_1_513' title='bbox 905 2900 1031 2929; x_wconf 87' lang='lat' dir='ltr'>rather</span> <span class='ocrx_word' id='word_1_514' title='bbox 1099 2899 1225 2930; x_wconf 85' lang='lat' dir='ltr'>Olah&#39;s</span> <span class='ocrx_word' id='word_1_515' title='bbox 1242 2898 1386 2939; x_wconf 75' lang='lat' dir='ltr'>rephes,</span> <span class='ocrx_word' id='word_1_516' title='bbox 1408 2900 1443 2929; x_wconf 92' lang='lat' dir='ltr'>in</span> <span class='ocrx_word' id='word_1_517' title='bbox 1463 2899 1537 2930; x_wconf 87' lang='lat' dir='ltr'>OE.</span> <span class='ocrx_word' id='word_1_518' title='bbox 1558 2910 1621 2940; x_wconf 91' lang='lat' dir='ltr'>pp.</span> <span class='ocrx_word' id='word_1_519' title='bbox 1642 2909 1782 2939; x_wconf 80' lang='lat'>219-24.</span> 
     </span>
     <span class='ocr_line' id='line_1_53' title="bbox 270 2942 1817 2984; baseline 0.001 -12"><span class='ocrx_word' id='word_1_520' title='bbox 270 2942 394 2973; x_wconf 82' lang='lat' dir='ltr'>trivial</span> <span class='ocrx_word' id='word_1_521' title='bbox 422 2943 722 2983; x_wconf 73' lang='lat' dir='ltr'>autobiography</span> <span class='ocrx_word' id='word_1_522' title='bbox 750 2953 811 2973; x_wconf 82' lang='lat' dir='ltr'>are</span> <span class='ocrx_word' id='word_1_523' title='bbox 845 2943 1028 2974; x_wconf 84' lang='lat' dir='ltr'>seattered</span> <span class='ocrx_word' id='word_1_524' title='bbox 1071 2950 1075 2954; x_wconf 86' lang='lat'><em>&#39;</em></span> <span class='ocrx_word' id='word_1_525' title='bbox 1144 2952 1196 2983; x_wconf 81' lang='lat'>39.</span> <span class='ocrx_word' id='word_1_526' title='bbox 1223 2943 1386 2981; x_wconf 88' lang='lat' dir='ltr'>Danum]</span> <span class='ocrx_word' id='word_1_527' title='bbox 1405 2943 1470 2974; x_wconf 84' lang='lat' dir='ltr'>See</span> <span class='ocrx_word' id='word_1_528' title='bbox 1488 2943 1557 2984; x_wconf 86' lang='lat' dir='ltr'>Ep.</span> <span class='ocrx_word' id='word_1_529' title='bbox 1578 2952 1663 2982; x_wconf 80' lang='lat'>2570</span> <span class='ocrx_word' id='word_1_530' title='bbox 1680 2942 1817 2974; x_wconf 90' lang='lat' dir='ltr'>introd.</span> 
     </span>
     <span class='ocr_line' id='line_1_54' title="bbox 271 2987 1028 3028; baseline 0.001 -11"><span class='ocrx_word' id='word_1_531' title='bbox 271 2997 321 3028; x_wconf 92' lang='lat' dir='ltr'>up</span> <span class='ocrx_word' id='word_1_532' title='bbox 347 2987 421 3017; x_wconf 85' lang='lat' dir='ltr'>and</span> <span class='ocrx_word' id='word_1_533' title='bbox 441 2987 549 3018; x_wconf 79' lang='lat' dir='ltr'>down</span> <span class='ocrx_word' id='word_1_534' title='bbox 573 2988 637 3018; x_wconf 91' lang='lat' dir='ltr'>the</span> <span class='ocrx_word' id='word_1_535' title='bbox 657 2987 837 3028; x_wconf 80' lang='lat' dir='ltr'>marginal</span> <span class='ocrx_word' id='word_1_536' title='bbox 861 2992 968 3018; x_wconf 81' lang='lat' dir='ltr'>notes</span> <span class='ocrx_word' id='word_1_537' title='bbox 988 2991 1028 3018; x_wconf 87' lang='lat' dir='ltr'>to</span> 
     </span>
    </p>
   </div>
  </div>
 </body>
</html>
