1966 3379
111 113 232 162 2879]
609 111 678 149 To
708 111 857 149 ιΙΟΗΝ
891 109 1165 147 VERGARA
1591 109 1668 146 319

111 215 439 264 Christophorus
469 228 493 252 a
521 214 682 259 Stadio,
712 215 946 263 Episcopus
977 213 1266 262 Augustanus,
1294 214 1358 249 vir
1386 217 1429 249 vt
1461 213 1668 249 maiorum

114 270 366 319 imaginibus
402 269 589 312 illustris,
626 270 686 305 ita
721 268 960 317 prudentia,
998 266 1183 311 consilio,
1221 267 1394 315 pietatis
1429 279 1584 311 amore,
1622 280 1669 303 ac

114 324 404 361 munificentia
425 324 495 360 vix
520 323 593 359 vlli
614 324 655 359 in
678 323 789 359 hisce
811 321 1049 370 regionibus
1078 321 1299 358 sccundus.
1361 320 1470 357 Huic
1494 321 1669 357 accessit
1689 340 1731 369 40

114 379 177 415 vir
199 378 327 414 animi
349 377 570 414 decoribus
593 389 720 425 quam
748 375 1001 424 imaginibus
1029 374 1193 419 clarior,
1216 387 1263 411 ac
1286 374 1519 411 virtutibus
1541 387 1669 423 quam

113 432 263 481 opibus
299 432 427 468 ditior
461 431 673 468 Antonius
713 430 937 479 Fuggerus.
1003 428 1078 466 Cui
1118 429 1294 466 adheret
1334 429 1445 465 niuei
1487 429 1670 477 pectoris

113 487 272 523 amicus
294 486 476 522 Ioannes
498 485 712 529 Cholerus,
731 484 1004 533 Praepositus
1025 483 1248 520 Curiensis.
1308 482 1366 519 At
1384 483 1447 519 vir
1469 483 1669 530 antiquae

112 540 361 583 nobilitatis,
388 540 576 577 moribus
605 540 742 576 aureis
768 538 948 576 Ioannes
976 538 1322 586 Paungartnerus
1347 550 1370 573 a
1397 537 1670 585 Paungartcn

112 599 154 631 ct
185 594 395 639 Ernbach,
425 599 472 631 vt
503 599 692 643 tempore
723 597 963 642 postremus
993 596 1071 636 est,
1103 593 1163 628 ita
1194 592 1350 628 nemini
1377 590 1486 628 cedit
1521 596 1669 639 parata
1691 609 1730 638 45

114 647 414 693 munificentia,
438 661 521 686 non
549 661 647 696 erga
675 660 740 684 me
769 652 951 691 tantum,
975 646 1046 683 sed
1077 658 1173 694 erga
1203 657 1348 682 omnes
1377 646 1447 693 qui
1479 645 1670 681 doctrine

114 715 161 739 ac
189 703 361 751 pietatis
388 702 522 752 elogio
547 701 912 739 commendantur.
973 700 1097 737 Hunc
1127 701 1190 736 vir
1218 699 1474 736 clarissimus
1507 699 1670 735 Vlricus

113 756 269 800 ZasiuS,
293 756 417 793 huius
440 756 567 794 seculi
589 759 900 799 ornamentum,
918 754 1065 792 multis
1082 755 1165 791 iam
1182 755 1304 791 annis
1326 753 1511 802 possidet
1530 767 1536 790 :
1562 766 1670 789 nune

113 815 162 847 vt
182 814 246 847 est
267 810 554 848 candidissimi
575 810 768 860 pectoriS,
789 809 865 846 hoc
888 810 1056 846 nomine
1079 809 1157 845 sibi
1173 808 1427 857 gratulatur,
1446 807 1670 856 quodcum

113 877 277 901 mecum
301 864 430 901 habet
451 877 730 901 communem.
1693 879 1732 908 50

169 919 345 968 Fuggeri
367 931 521 956 nomen
537 919 721 956 arbitror
737 918 955 967 Hispaniis
972 929 1060 954 esse
1077 921 1227 954 notum
1245 929 1292 953 ac
1311 916 1482 961 celebre,
1502 916 1671 953 Ioannis

114 986 138 1010 a
161 973 433 1022 Paungarten
455 986 510 1010 an
532 973 652 1010 vobis
678 972 871 1010 auditum
895 973 951 1009 sit
971 973 1123 1009 nescio.
1184 971 1337 1019 Itaque
1365 971 1510 1020 paucis
1540 970 1669 1007 homi-

113 1039 207 1064 nem
231 1027 308 1064 tibi
331 1027 569 1077 depingam,
592 1040 676 1077 quo
696 1028 806 1064 sicut
826 1026 989 1076 pridem
1006 1039 1100 1064 meo
1115 1025 1260 1063 dolore
1277 1025 1463 1069 doluisti,
1482 1026 1541 1061 ita
1559 1037 1671 1061 nunc

114 1093 206 1117 meo
227 1081 412 1129 gaudeas
432 1081 609 1130 gaudio:
641 1085 685 1119 et
705 1080 1066 1130 quemadmodum
1089 1080 1147 1118 ibi
1168 1079 1425 1117 consolando
1446 1079 1670 1116 declarasti

114 1140 234 1172 tuam
268 1136 308 1172 in
342 1148 407 1173 me
440 1135 794 1180 beneuolentiam,
827 1136 888 1172 ita
921 1135 986 1172 hic
1022 1134 1309 1185 gratulatione
1343 1133 1530 1171 declares
1562 1134 1672 1170 inter
1693 1151 1731 1179 55

116 1201 235 1226 veros
265 1191 422 1227 amicos
451 1191 592 1227 tristia
622 1190 746 1227 simul
778 1203 827 1227 ac
859 1189 946 1227 leta
976 1202 1065 1227 esse
1099 1189 1353 1226 communia.
1414 1188 1524 1237 Ergo
1558 1187 1672 1236 quod

116 1243 297 1281 Ioannes
329 1257 351 1280 a
387 1245 656 1293 Paungarten
691 1244 951 1293 amplissime
986 1244 1105 1281 diues
1139 1248 1215 1287 est,
1249 1255 1345 1280 cum
1382 1242 1473 1280 aliis
1508 1241 1671 1291 aliquot

115 1298 246 1335 habet
276 1311 522 1340 commune:
566 1299 638 1335 sed
674 1298 779 1336 illud
814 1311 909 1335 cum
946 1299 1090 1347 paucis
1124 1297 1255 1334 habet
1288 1309 1523 1341 commune,
1558 1296 1672 1345 quod

115 1364 214 1401 opes
247 1365 344 1389 suas
376 1353 576 1402 possidet,
609 1365 693 1390 non
726 1353 780 1390 ab
811 1353 869 1389 eis
904 1352 1168 1401 possidetur:
1212 1351 1410 1400 quodque
1447 1350 1505 1387 illi
1541 1351 1673 1387 seruit

114 1407 303 1455 pecunia,
336 1419 419 1443 non
451 1407 519 1444 ille
550 1408 763 1456 pecuniae.
824 1407 1019 1444 Possidet
1048 1411 1192 1444 autem
1224 1407 1306 1443 ista
1335 1406 1533 1443 fortunae
1563 1417 1671 1454 quae
1691 1415 1733 1442 60

116 1464 326 1497 vocantur
343 1473 529 1506 munera,
547 1474 632 1499 non
648 1465 820 1499 tantum
838 1461 1039 1506 heriliter,
1057 1473 1202 1498 verum
1220 1461 1349 1497 etiam
1372 1459 1670 1509 philosophice,

115 1527 363 1564 persuasum
404 1515 563 1553 habens
602 1516 676 1553 hec
716 1528 801 1553 non
841 1528 931 1553 esse
970 1516 1142 1565 propria
1182 1515 1364 1552 hominis
1404 1514 1528 1558 bona,
1564 1526 1672 1562 quae

115 1570 351 1618 promiscue
381 1569 523 1619 probis
549 1574 593 1607 et
623 1570 826 1620 improbis
853 1570 1119 1619 contingunt,
1142 1582 1216 1606 nec
1244 1573 1333 1606 tam
1361 1569 1572 1617 egregium
1602 1580 1670 1605 ex-

115 1624 276 1660 istimat
299 1624 472 1661 diuitias
493 1624 646 1661 habere
668 1637 795 1673 quam
817 1628 1100 1662 contemnere.
1155 1623 1399 1661 Contemnit
1419 1627 1577 1667 autem,
1601 1623 1672 1670 qui

114 1678 236 1714 iuxta
257 1678 461 1726 sapientis
482 1679 702 1716 consilium
719 1679 800 1716 illis
816 1678 1088 1716 affluentibus
1108 1691 1193 1715 non
1213 1678 1359 1715 adiicit
1379 1678 1582 1721 animum,
1600 1677 1673 1725 qui
1692 1688 1732 1722 65

116 1744 191 1768 nec
214 1732 329 1769 lucro
351 1732 427 1769 tali
449 1731 497 1769 fit
523 1732 684 1778 obesus,
706 1746 780 1770 nec
810 1734 975 1770 iactura
999 1732 1276 1770 macilentus:
1309 1733 1381 1780 qui
1409 1731 1672 1781 perpendens

116 1785 218 1823 haec
241 1798 409 1835 quoque
430 1799 454 1824 a
476 1786 619 1824 celesti
646 1788 834 1837 principe
862 1787 965 1832 dari,
988 1800 1072 1824 non
1093 1791 1142 1823 vt
1163 1791 1374 1831 amentur,
1397 1786 1469 1823 sed
1492 1791 1540 1823 vt
1560 1790 1673 1822 recte

115 1840 431 1889 prudenterque
471 1841 779 1891 dispensentur.
854 1841 1061 1879 Dominus
1101 1841 1299 1878 hortatur
1339 1844 1387 1877 vt
1426 1840 1582 1877 diuites
1622 1839 1673 1876 de

115 1895 259 1943 iniquo
293 1895 536 1933 Mammona
575 1896 653 1933 sibi
693 1901 845 1945 parent
885 1897 1054 1941 amicos,
1088 1909 1113 1932 a
1148 1895 1301 1944 quibus
1335 1895 1595 1944 recipiantur
1630 1895 1672 1931 in

114 1953 287 1986 aeterna
320 1949 606 1987 tabernacula.
666 1950 802 1988 Maius
837 1955 901 1988 est
936 1950 1051 1999 quod
1085 1953 1278 2000 praestat
1311 1949 1671 1998 PaungartneruS,
1694 1965 1733 1995 70

115 2003 187 2051 qui
209 2003 259 2039 de
282 2004 390 2041 iuste
411 2004 545 2052 partis
566 2005 673 2042 mira
694 2004 958 2053 benignitate
979 2004 1114 2042 reficit
1131 2015 1357 2054 egenorum
1378 2004 1549 2049 viscera,
1569 2003 1672 2040 bene

114 2057 379 2094 foeneratum
411 2059 660 2096 existimans
691 2059 805 2108 quod
838 2058 995 2096 Christi
1030 2059 1231 2096 membris
1262 2059 1389 2095 fuerit
1422 2058 1670 2107 impensum.

116 2110 244 2148 quta
273 2112 435 2149 Stoicos
459 2112 577 2149 nulla
601 2113 818 2150 felicitatis
848 2126 946 2163 pars
976 2118 1042 2150 est
1073 2113 1227 2150 habere
1259 2113 1444 2149 diuitias.
1504 2111 1582 2149 Sed
1615 2113 1672 2149 sic

115 2165 267 2202 habere
297 2179 388 2203 meo
416 2166 586 2214 quidem
615 2167 768 2204 iudicio
796 2180 950 2217 magna
978 2167 1196 2204 felicitatis
1226 2180 1323 2217 pars
1353 2171 1429 2204 est.
1490 2165 1554 2203 Sic
1584 2166 1673 2203 Deo

115 2219 266 2256 charus
294 2220 375 2257 fuit
405 2220 623 2269 praediues
652 2221 721 2258 ille
743 2221 972 2267 Abraham,
1003 2221 1310 2271 hospitalitatis
1337 2227 1380 2258 et
1409 2221 1609 2269 magister
1630 2224 1670 2257 ct
1694 2236 1732 2265 75

112 2274 365 2323 exemplum.

170 2329 344 2365 Accedit
380 2329 460 2365 huc
495 2331 657 2378 generis
698 2334 945 2380 peruetusta
988 2330 1201 2367 nobilitas.
1263 2330 1428 2367 Extant
1464 2330 1576 2367 enim
1614 2330 1671 2365 in-

116 2386 355 2420 strumenta
391 2385 597 2421 testantia
631 2383 836 2422 familiam
873 2385 988 2422 illam
1026 2386 1135 2422 inter
1170 2384 1306 2422 claras
1343 2384 1534 2421 habitam
1571 2387 1673 2420 ante

113 2448 247 2473 annos
270 2441 492 2474 trecentos.
543 2437 668 2487 Origo
689 2440 827 2488 gentis
848 2439 931 2476 fuit
953 2452 974 2476 e
996 2439 1232 2476 Franconia
1249 2438 1455 2476 Orientali
1472 2438 1671 2475 vetustis-

113 2491 219 2527 sima
259 2491 464 2528 nobilium
505 2493 691 2530 virorum
735 2498 921 2543 parente,
959 2493 1068 2530 vnde
1109 2494 1181 2542 qui
1221 2506 1333 2530 nunc
1374 2492 1486 2542 apud
1529 2491 1673 2529 Gallos
1693 2505 1733 2533 So

114 2543 262 2581 Franci
311 2545 511 2583 dicuntur
559 2547 737 2595 profecti
786 2552 898 2585 sunt.
970 2547 1035 2584 Ibi
1089 2547 1229 2585 sedem
1283 2547 1381 2584 olim
1432 2546 1673 2583 habuerunt

156 2678 208 2714 38.
235 2677 289 2706 vir
309 2701 313 2706 .
336 2700 341 2706 .
364 2701 369 2706 .
389 2688 441 2715 40.
467 2677 649 2707 sccundus
666 2678 745 2709 add.
766 2679 803 2708 J..
888 2690 941 2718 44.
968 2679 1269 2719 Paungartncrus
1285 2679 1366 2709 add.
1388 2678 1425 2708 L.
1510 2680 1562 2716 46.
1589 2688 1674 2715 erga

111 2730 167 2750 nie
185 2724 332 2750 tuntum
350 2720 431 2750 MS.
448 2733 453 2750 :
482 2721 517 2750 in
535 2731 647 2751 vnum
666 2722 870 2753 alterumue
890 2723 926 2752 L.
1135 2732 1187 2761 49.
1215 2726 1255 2752 vt
1276 2746 1282 2752 .
1304 2747 1308 2751 .
1331 2746 1336 2751 .
1357 2722 1514 2761 pectoris
1532 2721 1612 2750 add.
1637 2721 1670 2749 L.

112 2771 163 2800 51.
191 2764 237 2793 L:
266 2764 440 2793 loannem
458 2763 538 2793 MS.
635 2773 685 2803 57.
711 2770 767 2796 est
785 2766 863 2795 add.
885 2766 922 2795 L.
1022 2767 1074 2796 60.
1102 2766 1159 2795 ille
1176 2765 1271 2795 MS*
1300 2766 1375 2805 ipse
1396 2765 1432 2794 L.
1542 2768 1594 2793 oi.
1625 2764 1670 2793 L:

110 2812 288 2836 vocentur
306 2807 385 2836 MS.
462 2810 514 2837 oo.
541 2808 602 2846 qui
622 2807 725 2838 MS:
751 2809 889 2849 quippe
908 2810 946 2839 L.
1027 2810 1080 2839 08.
1107 2809 1285 2839 Dominus
1305 2832 1311 2838 .
1332 2833 1338 2838 .
1361 2832 1367 2838 .
1389 2817 1438 2846 72.
1466 2809 1672 2846 impensum

110 2850 190 2879 add.
212 2850 248 2879 L.
328 2859 379 2889 75.
407 2851 464 2880 illo
483 2850 675 2889 pracdiues
693 2852 731 2882 L.
813 2855 909 2891 75-6.
935 2853 1202 2892 hospitalitatis
1222 2876 1228 2881 .
1251 2877 1255 2881 .
1278 2877 1283 2880 .
1302 2851 1511 2890 exemplum
1530 2851 1610 2879 add.
1633 2850 1670 2880 l..

112 2902 161 2931 77.
191 2893 258 2923 huc
280 2893 324 2923 L:
353 2894 407 2923 hi(-
427 2894 506 2923 MS.
637 2903 688 2933 7‹).
714 2905 828 2925 annos
846 2901 1030 2926 trecentos
1048 2896 1151 2926 MS:
1179 2895 1294 2925 inulta
1313 2895 1430 2923 secula
1455 2895 1489 2923 l..
1553 2895 1672 2931 gentis

110 2936 190 2966 add.
212 2937 249 2966 L.
299 2938 549 2968 vetustissima
570 2962 575 2967 .
598 2961 604 2967 .
625 2962 632 2970 .
651 2940 704 2968 31.
724 2943 811 2969 sunt
828 2939 908 2969 add.
930 2940 967 2970 L.
1128 2939 1182 2969 Ibi
1204 2939 1250 2968 L:
1279 2939 1347 2967 Vbi
1367 2938 1446 2967 MS.
