1966 3379
122 122 244 173 2906]

120 230 221 265 ante
243 237 385 263 meum
406 225 625 275 prodiisse.

652 119 724 158 TO
753 118 907 158 JOHN
936 117 1167 156 CHOLER

1617 117 1694 155 357

685 222 808 270 Quod
832 223 865 260 si
893 221 1199 260 contumeliose
1224 225 1387 259 tractat
1415 221 1601 266 Missam,
1625 222 1697 270 qui

120 281 264 331 potuit
284 293 335 317 ex
358 292 452 317 meo
473 279 616 317 libello
641 291 807 316 sumere
831 290 993 322 ansam,
1016 289 1148 326 quum
1176 276 1246 314 ille
1273 276 1440 313 nullum
1465 276 1697 313 articulum

121 339 281 373 tractet
302 338 379 372 aut
400 334 646 383 diligentius
668 337 745 370 aut
766 333 1030 370 reuerentius
1052 344 1181 380 quam
1204 331 1255 368 de
1278 331 1406 367 Missa
1422 334 1436 367 ‘3

176 389 257 427 Sed
280 389 382 426 haec
404 389 556 426 fatalia
576 392 689 425 sunt.

121 457 206 493 quo
227 444 386 488 scribis,
409 443 640 492 plurimum
663 441 822 479 habeat
843 441 1006 478 veneni.

749 387 836 424 Nec
864 387 1018 424 dubito
1045 387 1148 435 quin
1176 384 1615 429 Anti-Ciceronianus,
1644 384 1696 421 de
1720 403 1758 433 15

1067 440 1245 478 Stunica
1266 440 1404 490 periit,
1428 439 1502 476 sed
1524 439 1583 476 illi
1606 452 1695 476 suc-

121 511 316 536 cessurus
352 498 524 535 Videtur
562 496 815 546 Sepulueda,
852 495 1019 533 Alberti
1055 495 1119 532 Pii
1159 495 1372 539 alumnus,
1412 498 1455 531 et
1496 492 1698 531 Stunicae

121 553 292 598 sodalis,
317 552 607 601 Hispanorum
629 551 820 588 omnium
837 550 1189 600 gloriosissimus:
1217 550 1335 586 cuius
1352 548 1543 586 libellum
1566 549 1608 585 in
1631 561 1697 585 me

121 608 271 657 opinor
311 611 354 644 te
394 607 562 651 vidisse,
603 606 825 654 insigniter
865 605 1049 642 stultum
1085 608 1129 642 et
1164 603 1535 642 contumeliosum:

122 674 254 712 quum
290 662 523 705 insaniunt,
564 661 787 698 insaniunt
826 659 1077 697 luculenter.

120 716 351 766 respondet
371 716 574 765 epistolae
596 727 726 759 meae,
749 714 823 751 sed
848 714 1005 751 furiose
1026 718 1070 751 et
1097 714 1278 751 indocte.

121 771 221 809 bam
251 783 317 808 me
349 783 446 808 cum
478 770 648 808 homine
680 769 933 819 philosopho
968 781 1055 806 rem
1092 768 1260 806 habere.

120 829 294 863 tantum
316 825 527 874 colloquio
548 828 592 862 et
613 824 779 873 aliquot
799 824 990 873 epistolis
1008 825 1121 861 noui.

1596 602 1698 640 Itali

1340 712 1549 762 Equidem
1573 716 1696 762 puta-

1320 768 1536 805 Nauseam
1573 767 1699 804 vnico

1173 823 1215 860 Is
1232 823 1283 860 de
1301 822 1473 860 offensis
1492 822 1698 859 Romanis

120 893 216 918 mea
232 879 466 918 Concordia
483 879 660 929 pertulit
677 880 718 915 in
736 878 879 916 aulam
896 878 1166 923 Ferdinandi‚
1190 882 1239 915 vt
1255 878 1432 915 coniicio
1448 890 1500 914 ex
1517 876 1699 926 epistola

120 935 295 972 Ioannis
316 934 458 979 Fabri,
480 934 680 984 Episcopi
702 933 961 971 Viennensis.

119 990 379 1027 commiserit
400 989 461 1026 illi
481 988 718 1027 Cardinalis
735 987 1022 1032 Tridentinus,
1040 1000 1186 1037 quum,
1205 992 1417 1036 quantum
1433 999 1509 1036 ego
1526 999 1699 1036 possum

119 1057 171 1082 ex
203 1044 320 1081 libris
350 1048 395 1081 et
423 1043 613 1093 epistolis
643 1043 776 1092 ipsius
806 1055 1068 1092 cognoscere,
1100 1055 1185 1080 non
1216 1041 1449 1080 admodum
1481 1040 1701 1091 praecellit

121 1099 342 1148 sapientia.
394 1098 504 1135 Nam
526 1099 775 1147 priusquam
793 1102 1021 1135 vocaretur
1038 1097 1092 1134 ad
1109 1097 1253 1134 aulam
1271 1097 1442 1146 regiam,
1460 1109 1534 1146 per
1556 1095 1700 1132 literas

121 1153 176 1190 ad
198 1166 264 1190 me
286 1154 423 1203 petiit,
447 1157 496 1190 vt
516 1152 691 1202 aliquod
713 1165 819 1202 opus
841 1152 1027 1189 dicarem
1049 1151 1278 1197 Cardfflali,
1301 1156 1345 1189 et
1367 1152 1409 1188 in
1434 1150 1700 1201 praefatione

121 1212 304 1245 testarer
325 1208 536 1245 neminem
558 1220 648 1244 esse
676 1207 743 1244 cui
770 1208 943 1256 negocia
970 1207 1106 1244 ardua
1134 1208 1291 1244 rectius
1313 1207 1697 1244 committerentur.
1720 1224 1762 1254 30

122 1262 303 1300 Videtur
323 1267 470 1300 tamen
490 1263 626 1299 nostri
647 1262 876 1299 studiosus.

177 1317 309 1355 Video
339 1330 404 1354 res
430 1317 674 1366 Principum
700 1330 748 1354 ac
778 1317 943 1366 Regum
974 1321 1247 1366 suppuratas,
1277 1317 1311 1353 si
1339 1329 1439 1353 vera
1468 1319 1700 1353 narrantur

121 1371 172 1408 de
207 1371 372 1409 Comite
408 1371 709 1409 Mirandulano
744 1384 840 1409 cum
876 1371 1019 1409 liberis
1054 1372 1098 1408 in
1134 1371 1264 1409 Italia
1300 1375 1476 1415 necatoj,
1518 1370 1569 1407 de
1605 1382 1700 1407 arce

122 1426 427 1464 Mediolanensi
443 1425 662 1464 Gallorum
680 1426 843 1464 insidiis
860 1427 1070 1476 impetita,
1088 1427 1139 1463 de
1157 1426 1367 1475 Vayuoda
1383 1430 1534 1463 contra
1550 1425 1701 1462 foedus

123 1481 261 1518 multa
282 1481 495 1527 moliente,
518 1481 570 1519 de
597 1481 730 1518 classe
759 1481 996 1518 Turcarum
1019 1494 1044 1518 a
1066 1481 1328 1519 Venetorum
1354 1480 1601 1518 triremibus
1628 1492 1701 1529 per
1720 1499 1761 1529 35

802 1536 978 1573 Praeter
1007 1549 1056 1573 ea
1087 1549 1196 1585 quae
1227 1535 1360 1573 literis
1393 1539 1441 1573 tu
1472 1536 1558 1572 tuis
1589 1547 1699 1572 com-

122 1536 408 1585 ignorantiam
436 1535 546 1573 male
571 1540 741 1573 vexata.

122 1603 345 1635 memoras,
364 1590 562 1628 Luteciae
584 1591 764 1628 terribili
781 1591 950 1633 aedicto
968 1592 1189 1641 proposito
1207 1591 1371 1628 seuitur
1388 1591 1430 1628 in
1448 1590 1700 1635 Luteranos,

122 1645 288 1694 aliquot
310 1646 352 1682 in
373 1658 582 1682 carcerem
604 1646 818 1691 coniectis,
841 1645 1057 1683 nonnullis
1079 1650 1197 1683 metu
1218 1645 1421 1695 profugis,
1444 1658 1627 1694 quorum
1649 1644 1701 1682 de

121 1712 299 1737 numero
316 1700 490 1749 quidam
505 1701 777 1750 suspicantur
791 1713 880 1738 esse
897 1700 1030 1738 filium
1045 1700 1160 1750 Copi,
1177 1701 1249 1750 qui
1264 1713 1377 1738 nunc
1392 1701 1479 1750 agit
1495 1700 1699 1745 Basileae,

122 1767 254 1803 quum
287 1758 399 1792 esset
431 1755 590 1792 Rector
623 1754 879 1793 Academiae
916 1756 1177 1793 Parisiensis.

121 1810 284 1854 nescio;
327 1809 401 1846 sed
431 1809 624 1847 Basileae
654 1823 743 1847 esse
773 1814 937 1848 certum
968 1814 1046 1856 est,
1077 1823 1176 1847 nam
1208 1810 1263 1847 ad
1294 1810 1450 1848 Berum
1481 1810 1649 1860 scripsit
1679 1822 1701 1847 e

122 1863 301 1902 Basilea.

122 1919 242 1956 serio.

362 1863 509 1901 Bedda
543 1877 639 1902 cum
675 1865 844 1914 collegis
876 1866 963 1903 suis
998 1869 1226 1903 reuocatus
1261 1869 1339 1910 est,
1376 1878 1424 1902 ac
1460 1864 1701 1914 triumphat

294 1918 405 1956 Ante
427 1931 588 1956 menses
606 1919 772 1968 aliquot
795 1920 861 1958 hic
883 1932 1028 1957 rumor
1049 1920 1145 1965 fuit,
1163 1920 1331 1969 aliquot
1347 1924 1486 1957 certas
1503 1920 1699 1957 lucubra-

122 1974 261 2011 tiones
283 1986 397 2011 meas
421 1973 591 2011 Parisiis
613 1974 741 2012 fuisse
764 1975 924 2012 vetitas
945 1975 1139 2017 distrahi,
1163 1976 1424 2012 auctoritate
1446 1988 1542 2012 cum
1565 1975 1700 2012 Theo-

121 2027 314 2077 logorum
346 2032 439 2065 tum
471 2028 666 2067 Senatus.

728 2029 809 2068 Sed
840 2029 918 2067 hoc
949 2030 1052 2067 mihi
1084 2042 1170 2067 non
1200 2030 1250 2067 fit
1286 2030 1526 2075 verisimile,
1563 2042 1701 2079 neque
1720 2048 1762 2080 45

121 2084 349 2132 quisquam
371 2084 605 2121 amicorum
628 2084 714 2122 tale
736 2084 941 2134 quiddam
961 2085 1017 2122 ad
1038 2098 1105 2122 me
1126 2086 1384 2135 perscripsit.

344 2192 395 2212 22.
422 2193 479 2213 me
497 2182 544 2213 O:
570 2183 660 2214 mihi
678 2196 708 2214 α.

170 2323 219 2352 15.
246 2313 628 2353 Anti-Ciceronianus]
665 2315 722 2346 No
756 2315 876 2347 doubt

121 2357 254 2398 Logus'
280 2358 379 2388 book
404 2358 563 2388 referred
588 2363 627 2389 to
652 2359 688 2389 in
717 2370 738 2389 a
766 2359 877 2390 letter

122 2402 373 2441 (Ep.2o61)to
385 2402 518 2432 Decius
530 2411 569 2432 22
582 2403 676 2443 Aug.
692 2412 793 2442 1534:
822 2404 876 2434 ‘Is

121 2446 268 2485 scripsit
294 2446 328 2475 in
352 2446 630 2476 Ciceroni-anum
653 2457 787 2483 meum,
811 2448 874 2477 sed

123 2489 374 2519 insulsissime.
424 2489 585 2520 Libellus
617 2490 781 2521 nonduin
813 2502 874 2521 ex-

121 2543 249 2563 cussus
271 2537 340 2569 cst,
363 2532 426 2563 sed
451 2533 590 2563 Romae
614 2534 677 2564 diu
702 2535 876 2566 volitauit

122 2587 187 2615 por
224 2587 355 2607 manus
390 2577 594 2613 hominum,
629 2588 727 2608 nunc
761 2579 874 2609 otiam

123 2621 260 2661 Papio)
298 2621 337 2650 ln
362 2630 442 2660 1535
463 2621 637 2651 Erasmus
669 2622 833 2652 received
853 2634 875 2653 a

122 2665 349 2704 manuscript
380 2675 475 2704 copy
498 2665 536 2695 of
566 2665 594 2695 it
623 2665 716 2696 from
744 2666 873 2703 Rome,

122 2708 195 2737 LB.
218 2717 310 2747 1277.

170 2752 219 2781 18.
246 2752 422 2789 libellum]
448 2752 689 2792 Scpulvcda⁷s
714 2753 873 2793 Antapo-

121 2796 213 2834 loqc'a
230 2806 294 2834 pro
313 2796 453 2826 Alberto
471 2796 538 2826 Pio
556 2797 595 2826 in
614 2797 818 2828 Erasmum.

167 2848 218 2869 20.
247 2840 479 2879 Eugubinus]
513 2840 577 2869 Sec
610 2840 678 2880 Ep.
710 2844 793 2880 2465
822 2842 873 2872 in-

123 2883 219 2913 trod.

166 2935 216 2965 23.
243 2927 423 2967 epistolis]
442 2928 506 2957 See
524 2928 593 2967 Ep.
613 2929 708 2967 2847.
728 2938 785 2968 3¹1·

167 2979 218 3010 24.
245 2971 415 3011 epistola]
436 2971 509 3002 Not
526 2976 671 3003 extant.

802 2193 854 2222 29.
880 2184 986 2215 ada:
1013 2184 1089 2215 aO.

1184 2194 1235 2223 32.
1262 2188 1415 2216 narrant
1433 2184 1472 2215 O.

990 2326 1041 2353 29.
1068 2326 1162 2356 opus
1197 2316 1373 2354 dicarem]
1407 2315 1461 2347 Cf.
1498 2316 1568 2357 Ep.
1602 2317 1700 2356 2847,

945 2360 1041 2390 from
1053 2360 1172 2390 which
1186 2361 1215 2391 it
1229 2361 1258 2391 is
1271 2360 1367 2390 clear
1384 2361 1469 2391 that
1486 2361 1550 2391 the
1567 2371 1701 2401 person

945 2404 1027 2434 who
1045 2405 1074 2434 is
1092 2409 1131 2435 to
1149 2405 1193 2435 be
1214 2404 1455 2434 commended
1478 2405 1514 2434 in
1535 2405 1599 2435 the
1620 2415 1699 2444 pre-

945 2448 1023 2478 face
1059 2459 1099 2478 as
1134 2448 1177 2478 fit
1210 2448 1266 2478 for
1298 2449 1469 2488 ‘negocia
1501 2448 1638 2479 ardua'
1672 2449 1701 2479 is

945 2493 1092 2522 Nausea
1109 2492 1266 2522 himself.

989 2546 1040 2575 33.
1067 2536 1210 2566 Cornite
1268 2536 1542 2574 Mirandulano]

944 2580 1094 2610 Francis
1112 2580 1196 2610 Pico
1211 2580 1256 2610 de
1270 2580 1489 2613 Mirandula.
1506 2580 1700 2610 murdered

944 2624 993 2663 by
1018 2624 1074 2653 his
1102 2624 1257 2663 nephew
1285 2624 1458 2654 Galeotto
1484 2633 1524 2659 11,
1555 2633 1591 2661 15
1618 2624 1698 2654 Oct.

947 2677 1051 2706 1533:
1077 2678 1136 2697 see
1155 2668 1224 2708 Ep.
1245 2677 1340 2706 '29¹7-
1361 2678 1440 2707 41¹1·

989 2721 1040 2749 30.
1067 2712 1172 2751 Copi]
1199 2712 1356 2746 Nic-olas,
1383 2722 1447 2741 son
1474 2712 1511 2741 of
1540 2711 1698 2741 william

943 2755 1020 2795 Cop
1039 2755 1123 2794 (Ep.
1147 2765 1218 2794 124.
1242 2756 1334 2791 1611).
1385 2755 1532 2785 For-the
1546 2760 1649 2795 story
1663 2755 1700 2785 of

944 2799 999 2829 his
1024 2799 1129 2838 ssight
1159 2799 1252 2829 froin
1278 2799 1392 2831 Puris.
1418 2810 1476 2829 seo
1502 2800 1564 2829 tho
1590 2799 1700 2829 letter

944 2843 981 2872 of
1015 2843 1176 2881 Rodrigo
1209 2843 1418 2883 Mauriqucs
1452 2848 1490 2872 to
1523 2843 1633 2872 vivos
1663 2843 1697 2872 in

944 2887 1060 2916 MHL.
1081 2898 1112 2926 4.
1133 2897 1194 2926 pp.
1215 2888 1356 2926 ,μγ-58.
1372 2887 1461 2917 with
1480 2887 1532 2916 Do
1548 2886 1700 2917 Vocht's

943 2935 1208 2971 conimentary.

1600 2536 1700 2567 <John

1139 658 1404 708 Augustinus
1444 657 1697 706 Eugubinus
1718 677 1759 698 20

1013 933 1209 970 Demiror
1225 937 1384 977 autem,
1403 944 1510 981 quae
1526 931 1700 980 negocia
1720 950 1759 980 25

1238 1755 1330 1793 Hoc
1363 1768 1419 1792 an
1450 1767 1599 1792 verum
1631 1755 1699 1799 sit,
1720 1774 1762 1804 40
