1966 3379
165 132 285 180 2795]
587 129 658 167 To
688 128 946 168 WILLIAM
977 128 1050 165 AB
1081 128 1308 166 nomon
1649 128 1727 165 203

164 238 246 279 tur,
269 238 441 271 tantum
463 233 585 270 abest
606 237 655 270 vt
682 233 845 281 magnis
873 232 1096 269 itineribus
1124 233 1317 269 sufficiat.
1378 232 1435 269 Et
1460 232 1556 269 aula
1583 237 1728 270 nostra

164 291 385 338 pertusum
409 292 474 325 est
502 288 674 332 dolium,
699 287 790 324 sitit
818 299 992 336 semper,
1016 286 1092 323 dat
1119 286 1246 323 nihil:
1279 287 1433 323 caeteri
1456 291 1626 323 tantum
1655 287 1726 324 ob-

164 346 364 387 trectant,
392 346 436 379 et
464 343 535 391 qui
564 341 740 378 student
768 341 901 378 videri
929 341 1071 389 magni
1099 340 1300 385 fautores,
1324 340 1426 377 nihil
1455 340 1570 377 aliud
1598 354 1726 389 quam

164 396 401 446 deplorant.
452 396 510 434 At
532 397 640 433 istuc
662 400 727 433 est
747 394 1044 444 conduplicare
1066 395 1289 431 miseriam.
1342 394 1390 431 In
1412 395 1535 439 calce,
1559 396 1726 443 inquis?
1747 413 1786 444 35

163 451 307 499 Egone
340 450 551 488 hominem
585 450 746 487 clarum
776 453 819 486 et
850 449 1044 486 candoris
1074 449 1217 486 eximii
1246 449 1507 486 conscribam
1540 450 1578 485 in
1615 449 1726 486 calce

163 505 425 542 amicorum?
485 504 593 542 Tum
616 517 712 541 vere
733 516 878 548 essem,
902 503 1016 552 quod
1045 503 1145 540 olim
1173 503 1300 540 fuisse
1328 503 1529 540 dicuntur
1558 503 1725 547 Bataui,

164 563 264 596 trux
295 563 339 596 et
369 572 393 596 a
420 558 577 596 Gratiis
605 558 779 595 alienus.
840 558 957 595 Inter
986 558 1234 606 praecipuos
1265 558 1421 594 amicos
1448 571 1496 594 ac
1525 562 1727 606 patronos

162 613 370 650 scribetur
399 612 664 650 Guilhelmus
695 612 871 650 Horion.
932 612 989 648 Et
1019 613 1052 649 si
1083 625 1168 660 qua
1198 613 1240 648 in
1271 624 1313 648 re
1344 624 1484 648 meum
1516 612 1727 649 desideras

163 668 358 713 officium,
387 667 453 705 fac
484 667 732 717 periculum,
762 679 863 704 num
895 666 996 703 haec
1027 679 1078 703 ex
1109 667 1250 703 animo
1282 666 1483 714 loquatur
1514 666 1725 703 Erasmus.
1747 687 1789 718 40

164 721 350 762 Rursum
373 722 478 767 vale,
502 723 566 758 vir
587 721 827 758 clarissime.

218 776 423 826 Friburgi,
446 776 593 814 eodem
616 776 681 813 die
701 780 745 813 et
766 788 890 813 anno.

543 918 671 955 2796.
736 915 803 955 To
826 914 1096 955 CORNELIUS
1118 915 1346 954 AGRIPPA.

211 988 413 1033 Agrippae
433 988 565 1033 Opera
585 988 623 1028 ii,
644 1000 682 1033 p.
708 990 800 1030 1056
821 991 883 1032 (α).
1424 988 1628 1031 Freiburg.

209 1038 345 1071 Jortin
366 1038 404 1076 ii,
425 1049 464 1082 p.
485 1046 568 1081 470.
1373 1048 1413 1070 21
1437 1037 1550 1081 April
1573 1047 1677 1079 1533.

204 1105 295 1142 [The
320 1104 406 1135 date
431 1105 497 1135 has
521 1114 568 1134 no
592 1104 847 1134 confirmation
873 1104 1017 1134 outside
1042 1104 1127 1144 Agr.
1147 1104 1211 1139 E.;
1237 1104 1310 1135 and
1337 1104 1417 1134 ‘21'
1445 1105 1473 1134 is
1499 1105 1658 1144 perhaps
1680 1115 1726 1134 an

159 1158 258 1179 error
275 1148 331 1178 for
349 1150 356 1162 ⁶
371 1158 409 1187 25
424 1148 453 1183 ';
480 1149 516 1178 in
539 1148 608 1188 Ep.
629 1149 724 1181 2800,
743 1148 855 1178 dated
880 1157 920 1186 25
940 1147 1042 1187 April
1062 1157 1156 1186 1533,
1176 1148 1351 1178 Erasmus
1376 1158 1459 1187 says
1484 1149 1568 1178 that
1594 1148 1637 1178 he
1663 1148 1727 1178 has

159 1193 306 1222 written
323 1196 362 1222 to
381 1192 545 1232 Agrippa
563 1194 570 1205 ⁶
584 1191 691 1222 hodie
704 1192 723 1221 ’.
765 1192 863 1222 Both
881 1191 1008 1221 letters
1026 1191 1157 1231 belong
1174 1196 1212 1221 to
1231 1191 1293 1221 the
1311 1192 1444 1232 packet
1462 1192 1499 1222 of
1516 1201 1726 1231 correspon-

159 1235 272 1266 dence
289 1236 427 1266 carried
446 1236 494 1275 by
511 1235 685 1272 Quirinus
703 1235 844 1275 Hagius
862 1236 898 1265 in
918 1235 1027 1273 1533.]

695 1300 854 1326 AMICVS
876 1300 933 1326 AD
955 1300 1190 1327 AGRIPPAM.

214 1354 252 1393 S.
294 1354 449 1404 Scripsi
465 1355 626 1404 pridem
649 1355 702 1392 ad
721 1359 762 1392 te
779 1355 936 1404 paucis,
955 1354 1193 1404 significans
1215 1355 1255 1391 in
1277 1367 1400 1404 opere
1423 1360 1498 1392 tuo
1520 1355 1602 1400 illo,
1622 1355 1727 1392 libro

159 1409 211 1447 de
251 1409 453 1447 Vanitate
493 1410 777 1454 scientiarum,
812 1409 1051 1446 doctrinam
1088 1409 1153 1446 hic
1194 1409 1448 1446 doctissimis
1489 1410 1727 1459 quibusque

160 1463 613 1515 placuisse—nondum
648 1465 758 1501 enim
795 1465 881 1513 ipse
920 1463 1113 1513 legeram.
1173 1464 1408 1513 Aliquanto
1448 1470 1544 1513 post
1576 1469 1727 1501 nactus

159 1518 313 1556 librum
335 1518 606 1556 commodato
628 1519 727 1555 iussi
748 1518 957 1555 famulum
979 1531 1003 1555 a
1026 1531 1155 1555 coena
1170 1519 1371 1556 recitare:
1398 1531 1473 1556 nec
1490 1520 1600 1556 enim
1622 1519 1727 1556 alias

160 1573 356 1619 vacabat,
374 1578 417 1610 et
434 1574 521 1622 ipse
542 1577 746 1610 coenatus
762 1573 816 1610 ab
834 1573 947 1610 omni
964 1573 1107 1610 studio
1124 1577 1360 1622 temperare
1379 1586 1515 1623 cogor.
1560 1573 1727 1611 Placuit
1747 1591 1764 1620 5

159 1627 339 1667 δείνωσις
360 1632 403 1665 et
425 1629 557 1677 copia,
580 1640 654 1665 nec
683 1627 807 1665 video
828 1640 939 1676 quur
965 1631 1189 1677 tantopere
1214 1628 1490 1677 indignentur
1517 1628 1725 1665 monachi.

160 1682 216 1720 Vt
238 1683 455 1731 vituperas
477 1682 624 1725 malos,
646 1683 707 1719 ita
729 1682 879 1719 laudas
904 1682 1048 1727 bonos,
1072 1682 1142 1719 sed
1172 1682 1231 1719 illi
1261 1687 1433 1719 tantum
1461 1687 1610 1720 amant
1638 1683 1726 1720 lau-

160 1737 263 1774 dari.
323 1736 445 1782 Quod
467 1741 560 1774 tum
583 1736 661 1774 tibi
682 1737 806 1781 suasi,
831 1749 973 1773 rursus
1002 1737 1159 1774 suadeo
1188 1741 1248 1781 vt,
1272 1737 1305 1773 si
1334 1737 1553 1774 commode
1581 1738 1726 1787 possis,

158 1792 339 1828 extrices
380 1795 422 1828 te
461 1791 514 1828 ab
556 1792 638 1828 ista
677 1792 960 1828 contentione.
1026 1790 1089 1828 Sit
1130 1791 1208 1828 tibi
1251 1791 1445 1841 exemplo
1486 1792 1728 1829 Ludouicus

160 1845 409 1895 Barguinus,
433 1858 558 1895 quem
581 1845 684 1883 nihil
706 1845 821 1883 aliud
844 1846 1029 1896 perdidit
1051 1859 1179 1895 quam
1204 1847 1247 1883 in
1277 1846 1507 1883 monachos
1532 1859 1580 1884 ac
1609 1846 1725 1883 theo-
1750 1863 1788 1884 10

159 1900 274 1949 logos
291 1900 470 1950 simplex
488 1900 675 1945 libertas,
694 1901 758 1937 vir
774 1900 932 1949 alioqui
947 1901 1133 1937 moribus
1151 1901 1509 1950 inculpatissimis.
1553 1900 1728 1950 Saepius

160 1954 219 1991 illi
253 1956 364 1992 suasi
396 1959 444 1992 vt
479 1959 570 1992 arte
611 1954 844 2004 explicaret
884 1968 971 1992 sese
1002 1968 1053 1992 ex
1085 1968 1134 1992 eo
1169 1956 1350 2004 negotio.
1411 1955 1540 1993 Illum
1576 1955 1726 1992 fefellit

160 2010 362 2046 victoriae
384 2022 489 2059 spes.
550 2008 671 2055 Quod
694 2010 727 2046 si
748 2022 832 2046 non
854 2014 975 2059 potes
995 2009 1178 2059 effugere
1201 2011 1303 2059 quin
1332 2011 1549 2060 experiare
1578 2010 1727 2047 Martis

159 2063 306 2109 aleam,
330 2064 425 2101 vide
447 2068 495 2101 vt
515 2077 536 2101 e
559 2065 664 2101 turri
688 2077 859 2113 pugnes,
882 2077 955 2101 nec
979 2068 1020 2101 te
1047 2065 1292 2102 committas
1320 2064 1488 2102 illorum
1518 2065 1725 2102 manibus.

159 2118 271 2155 Illud
308 2119 512 2168 imprimis
543 2131 656 2162 caue,
689 2131 739 2155 ne
775 2131 840 2156 me
876 2119 946 2156 isti
982 2120 1153 2167 negotio
1187 2119 1430 2156 admisceas.
1493 2119 1592 2157 Plus
1625 2120 1727 2156 satis
1751 2136 1787 2165 15

158 2185 308 2210 oneror
330 2173 500 2217 inuidia,
522 2186 571 2210 ea
594 2186 657 2210 res
678 2177 721 2210 et
743 2175 808 2217 me
830 2173 1028 2222 grauabit
1049 2177 1093 2210 et
1122 2173 1199 2210 tibi
1228 2174 1359 2223 magis
1388 2174 1571 2211 obfuerit
1599 2186 1726 2223 quam

159 2227 378 2276 profuerit.
439 2227 557 2264 Idem
600 2240 793 2276 rogaram
831 2228 1103 2276 Barguinum‚
1140 2232 1183 2265 et
1220 2228 1287 2265 ille
1324 2229 1617 2278 promittebat,
1654 2228 1725 2265 sed

158 2281 323 2325 fefellit,
360 2281 454 2330 plus
490 2295 566 2319 suo
602 2282 793 2319 tribuens
828 2283 970 2319 animo
1002 2295 1129 2331 quam
1172 2295 1265 2319 meo
1304 2283 1489 2320 consilio.
1551 2283 1726 2320 Exitum

159 2336 289 2373 vides
351 2336 413 2373 Ne
449 2336 666 2374 tantulum
707 2337 877 2385 quidem
917 2337 1067 2374 fuisset
1108 2337 1293 2386 periculi,
1335 2339 1368 2374 si
1404 2339 1506 2374 meis
1546 2337 1727 2374 consiliis

160 2390 510 2440 obtemperasset.
556 2391 699 2428 Toties
721 2391 779 2428 illi
802 2392 1043 2428 occinebam
1065 2404 1140 2429 nec
1158 2391 1378 2441 theologos
1401 2405 1476 2429 nec
1499 2391 1726 2428 monachos
1748 2408 1787 2428 20

161 2446 271 2481 vinci
312 2458 443 2494 posse,
476 2446 641 2483 etiamsi
678 2446 852 2483 haberet
885 2459 1055 2483 causam
1090 2446 1303 2483 meliorem
1338 2459 1466 2495 quam
1500 2446 1648 2483 habuit
1686 2446 1723 2482 S.

161 2499 330 2536 Paulus
392 2499 448 2536 Et
480 2501 513 2536 si
544 2500 646 2549 quid
682 2500 878 2537 haberem
912 2501 1027 2549 apud
1061 2504 1102 2538 te
1137 2502 1396 2545 autoritatis,
1430 2502 1559 2538 etiam
1595 2505 1725 2548 atque

160 2555 289 2591 etiam
313 2567 527 2591 monerem
551 2559 599 2592 vt
622 2555 730 2592 istuc
752 2568 915 2604 operae,
938 2555 1052 2604 quod
1075 2556 1368 2604 insumpturus
1396 2568 1439 2591 es
1467 2555 1725 2604 periculosae

160 2608 466 2657 (liglfflliationi,
491 2609 710 2658 impendas
733 2609 976 2646 liberalibus
998 2610 1150 2646 studiis
1176 2610 1468 2659 prouehendis.
1530 2609 1579 2646 In
1608 2622 1723 2658 prae-

161 2664 297 2699 sentia
320 2676 402 2699 non
426 2663 609 2700 vacabat
632 2664 834 2713 pluribus.
895 2663 1040 2701 Scribo
1061 2665 1172 2701 enim
1196 2664 1387 2713 pluribus
1409 2665 1563 2701 amicis
1748 2680 1785 2708 :5

216 2717 317 2754 Vale
341 2717 546 2767 Friburgi,
571 2728 617 2755 21
644 2718 774 2767 April.
809 2719 931 2755 Anno
955 2728 1070 2766 1533.

548 2793 599 2823 24.
627 2785 874 2824 prouehendis
891 2784 1034 2815 Jorta'n:
1063 2785 1288 2824 prouehendi
1307 2798 1336 2814 a.

204 2848 298 2877 2796.
330 2857 355 2878 1.
383 2849 530 2888 Scripsi]
554 2849 631 2879 The
657 2850 766 2880 letter
790 2851 818 2880 is
845 2854 910 2881 not
979 2851 1074 2880 book
1101 2851 1191 2880 bavi<
1220 2851 1253 2880 in
1279 2860 1299 2879 a
1326 2851 1448 2889 hurry.
1474 2849 1546 2879 mul
1574 2849 1653 2879 that
1682 2849 1725 2878 he

159 2895 302 2921 extant.
979 2895 1043 2923 lias
1061 2894 1147 2933 only
1165 2893 1344 2923 skiinnied
1364 2894 1402 2923 it.

205 2946 234 2973 4.
261 2935 508 2972 commodato]
530 2936 571 2966 ln
599 2937 665 2976 Ep.
694 2938 777 2967 2800
803 2937 907 2967 Erus·
1024 2947 1072 2967 10.
1101 2937 1322 2975 Barguinusl
1363 2937 1542 2976 Berquin:
1586 2936 1639 2965 sor
1678 2946 1722 2965 an

162 2988 242 3009 xnus
258 2978 350 3008 adds
368 2979 450 3009 that
469 2980 531 3009 the
546 2980 669 3010 lender
683 2981 828 3010 wanted
847 2982 909 3011 tho
977 2986 1134 3011 accounts
1151 2982 1187 3010 of
1206 2981 1261 3010 his
1279 2980 1390 3010 death
1409 2990 1466 3009 see
1488 2980 1553 3019 Ep.
1575 2981 1668 3009 2133.
