1966 3379
96 108 218 156 2914]
594 102 665 140 To
697 100 924 140 DAMIAN
955 100 991 138 A
1021 99 1163 138 GOEs
1582 98 1660 135 367

151 209 394 247 Bonifacius
416 206 746 245 Amerbacchius
769 205 892 243 hodie
914 204 997 242 fuit
1014 203 1130 253 apud
1147 216 1226 248 me,
1246 203 1317 240 sed
1340 203 1425 240 iam
1447 203 1663 240 accinctus

96 265 151 302 ad
185 265 276 301 iter.
319 263 360 300 Is
391 263 513 299 iussit
544 266 593 298 vt
623 265 665 298 te
697 273 772 297 suo
808 260 977 297 nomine
1013 258 1246 296 salutarem
1282 262 1325 294 et
1361 257 1585 307 diligenter
1620 261 1664 293 et

96 322 301 356 amanter.
345 317 461 354 Tuus
482 319 547 353 est
568 328 619 353 ex
642 315 797 359 animo,
816 312 1178 362 quemadmodum
1200 316 1243 348 et
1266 311 1475 348 Henricus
1493 310 1662 347 Glarea-

97 385 188 417 nus,
220 373 292 421 qui
322 384 376 408 an
407 371 461 408 ad
492 375 533 408 te
564 370 798 418 scripturus
834 369 888 405 sit
923 368 1074 404 nescio.
1122 366 1200 403 Est
1230 366 1342 403 enim
1374 366 1416 402 in
1446 377 1664 413 musarum
1686 377 1724 407 25

96 427 268 475 negocio
290 425 651 474 occupatissimus.

153 481 266 518 Bene
288 480 381 516 vale
404 479 598 527 Friburgi
619 478 723 514 Bris.
747 477 898 526 quinto
920 475 1014 513 idus
1036 475 1213 512 Martias
1234 487 1346 511 anno
1366 484 1483 521 1534.

152 535 215 572 De
244 534 431 584 Pylapiis
456 533 647 570 facturus
672 544 786 569 eram
812 530 926 580 quod
951 529 1137 574 volebas,
1164 528 1237 566 sed
1266 541 1332 565 me
1359 528 1513 565 fefellit
1541 532 1664 577 typo-

97 589 282 639 graphus
309 600 394 626 non
422 589 464 624 in
493 587 570 624 hoc
599 590 782 624 tantum.
836 584 957 630 Quod
985 588 1131 621 tamen
1159 583 1280 620 licuit
1304 582 1406 620 feci:
1439 581 1665 631 epistolam

98 648 219 681 tuam
246 643 301 680 ad
329 643 586 692 Episcopum
614 641 759 678 curaui
790 639 1041 677 vertendam
1073 637 1320 676 Germanice
1351 641 1394 674 et
1425 636 1666 674 addendam
1687 649 1728 678 30

98 697 241 735 libello
266 696 512 734 Germanice
534 708 668 740 verso,
691 695 764 744 qui
792 694 997 731 narrabat
1025 693 1311 730 obedientiam
1341 692 1467 740 Regis
1495 690 1666 728 Aethio-

100 765 201 802 pum
224 751 420 789 Pontifici
441 750 689 788 exhibitam.

155 805 355 855 Chiragra
376 805 582 843 hactenus
603 817 645 842 se
667 804 829 841 remisit
850 806 898 840 vt
919 815 1014 852 egre
1035 802 1247 851 potuerim
1269 799 1543 838 subscribere.

1090 856 1207 893 Eras
1232 855 1332 893 Rot.
1357 867 1450 892 mea
1472 867 1613 891 manu.

154 947 394 986 Clarissimo
405 948 496 984 viro
508 946 559 984 D.
572 945 783 983 Damiano
795 957 818 982 a
829 943 936 983 Goes
948 944 1155 982 Lusitano
1167 942 1235 980 Sm¹
1249 942 1376 992 Regis
1392 942 1668 980 thesaurario,
1691 954 1732 985 35

100 1003 151 1041 In
172 1003 285 1052 regia
306 1002 563 1040 Lusitaniae.

372 1211 739 1265 2877’289829152922
804 1209 942 1250 FROM
975 1208 1220 1249 NICHOLAS
1253 1206 1401 1248 OLAH.

150 1301 375 1345 Esterhazy
394 1300 477 1335 MS.
499 1301 581 1344 358.
1361 1296 1556 1330 Brussels.

151 1350 233 1385 ΟΕ.
255 1359 338 1395 475.
1294 1357 1336 1380 12
1356 1346 1496 1380 March
1518 1355 1623 1390 1534.

121 1445 163 1471 N.
187 1444 288 1471 OLAI
309 1443 567 1471 SECRETARII
588 1443 787 1470 REGINAE
809 1442 979 1469 MARIAE
1001 1442 1058 1468 AD
1082 1441 1294 1468 ERASMVM
1316 1439 1654 1467 ROTERODAMVM

758 1496 1011 1524 RESPONSIO.

159 1559 298 1596 BINAS
322 1562 419 1596 tuas
443 1558 522 1595 hiis
545 1557 693 1595 diebus
718 1558 861 1607 accepi
886 1556 1063 1602 litteras,
1087 1556 1261 1593 Erasme
1286 1555 1528 1592 doctissime
1554 1554 1673 1591 mihi-

105 1626 186 1662 que
211 1613 464 1650 charissime.
506 1612 686 1658 Alteras,
713 1625 821 1661 quae
843 1613 960 1661 prius
981 1611 1108 1648 datae
1129 1614 1263 1656 erant,
1286 1610 1340 1647 ab
1366 1609 1503 1659 Viglio
1528 1608 1672 1647 Schui-

104 1668 266 1705 chemio
298 1667 473 1712 tardius,
505 1667 660 1705 alteras
696 1667 904 1716 posterius
939 1667 1120 1715 scriptas
1150 1678 1246 1703 cum
1277 1664 1370 1702 aliis
1404 1663 1559 1701 litteris
1590 1676 1675 1701 vna

105 1723 281 1759 annexis
308 1735 437 1772 opera
462 1722 627 1759 Erasmi
653 1721 795 1759 Scheti
820 1722 935 1771 prius
960 1721 1109 1770 recepi.
1152 1719 1434 1758 Commendas
1464 1718 1675 1768 prioribus

105 1777 207 1814 mihi
242 1776 578 1814 Schuichenium.
620 1776 838 1822 Doctrina,
874 1776 1041 1825 ingenio
1075 1778 1119 1812 et
1153 1774 1342 1812 moribus
1381 1773 1467 1811 suis
1506 1777 1550 1810 et
1589 1774 1713 1813 tuis5

104 1831 258 1869 litteris
292 1831 743 1880 commendationeque
777 1843 826 1868 eo
862 1830 905 1867 in
945 1842 1041 1867 eum
1081 1829 1260 1866 affectus
1301 1841 1393 1866 sum
1435 1828 1590 1873 animo,
1626 1832 1676 1865 vt

105 1887 236 1935 ipsius
256 1889 300 1923 et
320 1886 521 1923 noticiam
546 1889 590 1923 et
614 1885 951 1922 familiaritatem
979 1885 1122 1934 magni
1149 1884 1381 1921 aestimem.
1423 1882 1499 1920 Cui
1523 1895 1674 1928 meam,

106 1941 139 1977 si
166 1953 250 1989 qua
274 1940 316 1977 in
344 1953 386 1977 re
414 1939 475 1976 illi
502 1952 602 1977 vsus
629 1940 809 1985 eueniet,
835 1952 1007 1989 operam
1035 1944 1079 1976 et
1106 1938 1297 1976 studium
1325 1936 1555 1975 liberaliter
1582 1949 1676 1974 sum

106 1994 332 2044 pollicitus,
363 2006 496 2044 eaque
524 2007 601 2044 pro
636 2007 729 2032 mea
759 1994 870 2031 virili
900 2006 944 2031 re
974 1995 1065 2043 ipsa
1095 1993 1337 2043 praestabo,
1369 1992 1472 2029 dum
1502 1992 1567 2029 vti
1598 1992 1676 2029 hiis

108 2049 303 2086 voluerit.
1699 2057 1738 2078 10

162 2103 316 2141 Scribis
341 2116 553 2141 rumorem
578 2103 693 2153 apud
718 2116 792 2141 vos
817 2116 905 2141 esse
933 2115 1073 2152 regem
1101 2102 1277 2152 Angliae
1305 2102 1493 2151 reginam
1521 2100 1675 2139 Gatha-

108 2159 242 2195 rinam
274 2158 500 2195 reduxisse.
552 2158 724 2195 Vtinam
756 2158 797 2195 id
829 2159 889 2195 ita
919 2162 1041 2195 esset.
1088 2157 1245 2195 Verum
1276 2156 1381 2193 nihil
1411 2156 1551 2193 minus
1583 2155 1677 2193 Rex

108 2213 196 2262 ipse
227 2225 356 2261 quam
387 2212 465 2249 hoc
496 2213 667 2261 cogitat.
719 2213 830 2250 Nam
862 2212 915 2250 ob
947 2225 1134 2250 amorem
1165 2211 1314 2249 Annae
1345 2223 1456 2255 suae,
1488 2214 1532 2247 et
1562 2210 1678 2259 quod

108 2267 323 2316 pontificis
343 2268 778 2305 excommunicatione
801 2268 992 2304 irritatus
1013 2268 1079 2312 sit,
1102 2267 1289 2315 reginam
1312 2267 1446 2315 ipsam
1472 2266 1513 2302 in
1538 2277 1678 2302 arcem

110 2321 327 2371 quandam
358 2321 530 2358 inclusit
565 2334 659 2359 cum
691 2322 947 2371 quibusdam
978 2321 1170 2371 pauculis
1201 2321 1417 2358 ministris.
1461 2319 1679 2357 Pontificis
1701 2330 1739 2360 15

109 2380 253 2413 autem
290 2376 599 2413 authoritatem
634 2376 740 2414 adeo
775 2377 1032 2426 contempsit
1072 2380 1121 2413 vt
1161 2375 1294 2413 indies
1334 2375 1489 2412 diuersi
1530 2378 1680 2411 contra

110 2430 227 2467 illum
258 2430 403 2467 volent
430 2431 485 2467 ad
516 2443 591 2468 nos
620 2444 672 2468 ex
703 2431 855 2481 Anglia
885 2431 1015 2468 libelli
1046 2430 1211 2474 famosi,
1240 2430 1427 2467 iniuriosi
1457 2433 1501 2466 et
1531 2433 1678 2466 contu-

112 2485 245 2522 meliis
271 2486 529 2534 grauissimis
556 2484 681 2534 plcni.
723 2485 884 2531 Quibus
909 2485 1065 2523 Christi
1091 2485 1391 2529 humilitatem,
1419 2484 1679 2528 castitatem,

110 2544 421 2589 paupertatem,
462 2540 717 2589 pacientiam
758 2544 802 2577 et
841 2540 945 2577 alias
985 2541 1168 2577 virtutes
1208 2539 1333 2588 Angli
1377 2537 1678 2588 depredicant,

114 2595 253 2644 Papae
271 2607 382 2639 vero,
400 2595 545 2631 vicarii
563 2593 730 2640 Christi,
753 2595 1008 2644 superbiam,
1027 2595 1335 2644 impuritatem,
1354 2605 1465 2642 opeS,
1489 2592 1678 2642 tyranni-
1702 2603 1742 2624 20

654 2682 750 2713 2914.
775 2684 829 2713 28.
856 2682 1036 2723 pyloepiis
1054 2682 1136 2712 MS.

157 2764 252 2795 2914.
280 2766 332 2795 28.
358 2764 535 2805 Pylapiis]
562 2764 626 2795 Sec
652 2765 748 2804 Epp.
778 2766 863 2795 2826
930 2775 989 2795 see
1007 2765 1076 2805 Ep.
1095 2766 1192 2803 2865.
1213 2764 1290 2794 2811.

115 2808 263 2843 introd„
283 2809 379 2847 2846.
401 2817 498 2847 1171).
975 2809 1071 2838 2915.
1098 2817 1128 2838 2.
1156 2808 1315 2844 Alteras]
1335 2807 1403 2847 Ep.
1424 2807 1519 2844 2877.

159 2861 211 2887 29.
238 2861 310 2882 non
340 2853 375 2882 in
405 2852 472 2882 hoc
498 2852 662 2890 tantum]
688 2852 863 2882 Erasmus
977 2862 1007 2891 3.
1034 2852 1191 2889 tardius]
1210 2852 1274 2881 See
1295 2851 1361 2891 Ep.
1383 2859 1478 2888 2913.
1499 2859 1578 2888 31¹1·

116 2895 144 2924 is
159 2905 205 2925 no
220 2895 338 2926 doubt
352 2895 524 2935 thinking
541 2896 578 2925 of
598 2895 781 2926 Emmous'
797 2906 861 2926 un·
1019 2896 1168 2932 alteras]
1189 2895 1256 2935 Ep.
1278 2895 1372 2931 2898.

116 2938 334 2979 willingness
359 2943 398 2970 to
420 2939 521 2979 print
543 2939 674 2970 Moro's
695 2940 862 2980 epitaph,
980 2949 1028 2979 14.
1055 2939 1190 2977 arcem]
1210 2937 1439 2968 Kimbolton.
