1966 3379
193 385 234 415 45

195 658 235 686 50

206 1999 225 2029 5

188 2273 226 2294 10

255 106 333 145 356
714 107 975 147 LETTERS
1006 110 1077 148 OF
1110 108 1376 148 ERASMUS
1711 112 1834 161 [1534

254 212 419 249 codices
441 214 689 261 praesertim
711 214 945 261 euangelici
969 214 1021 251 ad
1048 214 1286 252 Romanam
1310 215 1534 252 lectionem
1556 216 1831 254 emendaren-

253 271 337 312 tur,
360 271 404 304 et
436 267 475 303 in
506 267 664 304 similes
694 268 857 305 codices
888 269 976 318 ipse
1008 269 1253 313 incideram,
1283 282 1415 318 quum
1447 271 1631 318 primum
1664 271 1831 308 ederem

254 322 424 359 Nouum
449 322 790 360 Testamentum.
846 322 985 369 Quare
1007 336 1058 361 ex
1081 325 1163 361 isto
1185 324 1327 361 codice
1349 324 1453 361 nihil
1475 329 1540 361 est
1562 326 1676 373 quod
1699 326 1833 375 possis

254 377 452 414 iudicare.
495 376 574 413 Sed
598 376 856 415 Graecorum
880 378 1005 415 lectio
1029 379 1212 427 petenda
1228 383 1293 415 est
1310 392 1361 415 ex
1378 377 1549 416 Graecis
1571 380 1832 425 auctoribus,

253 430 505 475 Athanasio,
531 431 701 477 Basilio,
724 431 916 480 Origene,
940 432 1258 482 Chrysostomo,
1282 433 1565 478 Nazianzeno,
1589 434 1758 483 Cyrillo.

308 486 372 523 Ex
406 485 537 523 literis
571 486 620 524 R.
646 487 694 524 D.
728 487 964 524 Cardinalis
996 488 1157 532 Inachi,
1192 488 1263 536 qui
1299 487 1515 525 scribebat
1551 494 1592 526 te
1628 490 1706 526 sibi
1743 489 1832 527 fore

252 542 452 578 comitem
476 541 672 578 redeunti
694 542 736 578 in
760 542 1026 591 Hispaniam,
1044 555 1321 591 conceperam
1339 543 1584 592 opinionem
1602 548 1644 581 te
1668 544 1831 582 Romae

253 608 338 634 non
361 608 473 641 essc3
506 608 641 645 eaque
663 609 791 633 causa
812 597 895 633 fuit
917 609 1002 645 quo
1025 598 1164 633 minus
1187 597 1240 634 ad
1264 601 1307 634 te
1329 597 1567 636 scriberem.

308 650 425 688 Haec
447 650 501 687 ad
525 655 645 688 tuam
664 651 904 700 epistolam,
923 664 1051 700 quam
1070 651 1124 689 ad
1143 664 1208 688 me
1226 652 1341 688 misit
1361 653 1553 702 egregius
1571 654 1636 690 vir
1652 653 1830 691 Ambro-

253 706 338 742 sius
374 718 398 742 a
433 704 761 755 Gumpemberg,
799 706 1127 744 Protonotarius
1163 706 1450 756 Apostolicrm,
1493 709 1580 745 suis
1621 708 1829 746 inclusam

253 760 397 797 literis.
459 760 572 797 Bene
594 760 700 797 vale.

308 815 469 853 Datum
503 815 618 864 apud
652 815 907 864 Friburgum
943 815 1143 865 Brisgoae
1176 825 1253 864 .17.
1286 816 1353 853 die
1384 816 1617 854 Februarii.
1651 817 1777 855 Anno
1807 831 1831 855 a

252 869 497 908 Natiuitate
520 870 704 907 Domini.
731 880 846 920 1534.

704 1063 833 1100 2906.
899 1060 966 1100 To
1000 1060 1131 1101 JOHN
1165 1060 1374 1101 CHOLER.

301 1151 489 1193 Zosingen
509 1150 591 1183 MS.
614 1151 655 1184 P.
681 1160 736 1194 14.
762 1161 792 1183 1.
818 1156 878 1184 10c
900 1153 964 1192 (a).

299 1200 361 1233 Ol.
383 1211 421 1244 p.
448 1208 537 1242 117:
567 1199 630 1233 02.
651 1211 689 1244 p.
714 1204 804 1242 250:
836 1200 962 1234 Lond.
984 1212 1077 1234 xxx.
1099 1203 1168 1243 63:

349 1250 432 1283 LB.
457 1252 562 1283 1200.

1474 1151 1680 1195 Freiburg.

1376 1211 1419 1242 19
1439 1201 1649 1245 February
1673 1211 1777 1246 1534.

294 1334 366 1372 [An
392 1333 545 1373 original
570 1334 691 1367 letter,
711 1334 861 1364 written
886 1334 1117 1374 throughout
1141 1334 1216 1365 and
1241 1345 1333 1365 even
1359 1335 1486 1374 signed
1512 1335 1562 1374 by
1586 1345 1607 1364 a
1631 1339 1829 1375 secretary,

249 1377 432 1418 probably
444 1380 645 1417 Cognatum
659 1378 740 1408 who
754 1378 820 1408 has
834 1377 941 1408 made
954 1389 976 1408 a
990 1379 1147 1409 number
1159 1379 1197 1409 of
1210 1379 1366 1409 obvious
1381 1378 1569 1414 blunders,
1582 1389 1651 1409 one
1664 1379 1714 1414 (ll.
1729 1380 1829 1417 85-6)

249 1421 400 1453 notable
428 1432 468 1452 as
495 1433 542 1452 an
568 1421 775 1452 indication
799 1422 836 1452 of
862 1423 1170 1462 pronunciation:
1206 1423 1242 1452 in
1272 1423 1335 1453 the
1361 1422 1549 1453 Musculus
1573 1422 1765 1453 collection
1790 1427 1830 1454 at

249 1466 435 1506 Zofingen.
486 1466 556 1496 For
584 1466 646 1496 the
675 1466 791 1505 origin
820 1465 894 1496 and
923 1466 1114 1496 character
1142 1466 1180 1496 of
1207 1466 1270 1497 the
1298 1476 1395 1506 copy
1424 1466 1517 1497 from
1543 1467 1661 1496 which
1689 1466 1829 1497 Merula.

250 1509 398 1549 printed
424 1509 498 1540 this
523 1509 634 1540 letter
657 1510 693 1539 in
718 1509 763 1540 Ol
790 1520 848 1540 see
872 1510 942 1550 Ep.
968 1510 1052 1548 2728
1078 1510 1215 1541 introd.
1265 1510 1296 1540 A
1321 1511 1425 1541 short
1451 1520 1605 1550 passage
1631 1510 1680 1546 (ll.
1709 1519 1827 1549 50-72,

248 1554 401 1584 Bonnae.
425 1579 430 1584 .
453 1578 459 1584 .
480 1578 486 1583 .
505 1554 684 1590 Caesaris)
707 1564 782 1583 was
805 1554 912 1593 given
936 1554 985 1594 by
1002 1554 1037 1584 J.
1058 1554 1105 1584 H.
1131 1554 1334 1593 Hottinger
1356 1555 1392 1584 in
1416 1554 1472 1584 his
1497 1554 1591 1584 Hist.
1616 1554 1693 1584 cccl.
1718 1554 1764 1584 N.
1786 1554 1826 1584 T.

248 1608 312 1628 sec.
338 1598 410 1633 xvi,
437 1609 472 1633 v,
502 1599 597 1635 1655,
622 1608 658 1637 p.
684 1598 766 1631 286:
793 1597 978 1638 probably
1005 1598 1100 1628 from
1130 1610 1160 1628 α.
1191 1598 1247 1628 for
1273 1599 1318 1628 he
1345 1598 1529 1628 describes
1555 1599 1610 1628 his
1637 1608 1764 1628 source
1788 1609 1828 1628 as

248 1644 315 1672 ‘ex
341 1642 511 1672 authoris
535 1641 770 1681 autographo
794 1641 1054 1681 descriptam’.
1104 1642 1172 1672 His
1197 1646 1293 1677 text,
1319 1641 1392 1672 like
1417 1642 1502 1672 that
1535 1642 1573 1672 of
1602 1640 1732 1677 Lond.‚
1762 1642 1828 1672 has

247 1685 389 1717 severaI
405 1686 572 1716 variants
589 1686 707 1716 which
726 1685 818 1716 need
837 1688 904 1716 not
922 1686 966 1716 be
984 1685 1213 1725 reproduced
1232 1686 1328 1716 here.
1378 1685 1416 1716 P.
1437 1686 1471 1716 S.
1491 1686 1550 1723 A]

302 1761 340 1799 S.
366 1762 409 1799 P.
470 1753 589 1799 Duas
609 1761 758 1799 eodem
784 1761 850 1798 die
878 1765 922 1798 et
950 1774 1025 1811 per
1051 1761 1234 1799 eundem
1262 1761 1340 1799 abs
1368 1766 1410 1799 te
1438 1761 1642 1811 epistolas
1671 1763 1826 1812 accepi,

247 1829 428 1866 quarum
460 1816 599 1854 altera
629 1817 789 1866 scripta
819 1820 886 1853 est
916 1816 1080 1853 decimo
1106 1816 1309 1861 Ianuarii,
1333 1816 1470 1853 altera
1495 1815 1692 1854 Calendis
1721 1816 1825 1854 Feb-

246 1872 388 1909 ruarii.
450 1871 516 1908 Ad
546 1876 774 1920 Vtramque
800 1870 1048 1920 respondeo,
1074 1875 1118 1908 et
1144 1872 1288 1921 paucis
1313 1875 1357 1908 et
1384 1871 1524 1908 aliena
1551 1883 1694 1915 manu,
1726 1884 1825 1908 nam

245 1926 443 1964 dextram
466 1926 718 1963 iamdudum
741 1930 881 1963 totam
902 1930 1085 1975 occupat
1102 1926 1308 1975 chiragra,
1327 1926 1385 1963 sic
1403 1930 1451 1963 vt
1469 1938 1520 1963 ne
1537 1925 1731 1963 chartam
1750 1931 1826 1964 aut

245 1981 457 2019 calamum
488 1982 647 2030 possim
678 1985 823 2018 tenere
854 1993 996 2018 manu.
1056 1979 1179 2026 Quod
1207 1980 1354 2018 scribis
1380 1993 1517 2018 meam
1546 1979 1826 2018 Concordiam

247 2035 411 2073 Romae
460 2035 760 2073 Cardinalibus
809 2035 1068 2085 quibusdam
1109 2035 1386 2085 displicuisse,
1428 2035 1612 2072 demiror
1651 2036 1827 2072 sinistra

244 2090 516 2140 quorundam
538 2090 760 2127 hominum
781 2090 948 2128 iudicia.
999 2089 1080 2127 Sed
1108 2094 1158 2127 vt
1185 2090 1370 2135 videtur,
1393 2089 1476 2127 illis
1505 2090 1724 2127 decretum
1746 2095 1823 2135 est,

246 2146 323 2183 hoe
358 2145 578 2195 publicum
613 2145 725 2183 orbis
760 2145 922 2182 malum
958 2145 1069 2182 seuis
1104 2144 1300 2182 remediis
1335 2157 1495 2182 curare.
1556 2144 1645 2194 Ego
1677 2149 1823 2182 autem

244 2200 470 2250 sperabam
502 2201 763 2238 auctoritate
795 2198 957 2249 Synodi
992 2212 1080 2237 rem
1115 2199 1352 2237 minoribus
1387 2199 1668 2237 incommodis
1704 2212 1824 2249 posse

245 2256 398 2293 sanari.
458 2254 525 2292 Ad
556 2255 634 2292 hoc
664 2267 784 2292 meus
816 2254 985 2292 libellus
1018 2254 1248 2292 videbatur
1281 2255 1385 2291 satis
1418 2255 1652 2304 appositus.
1713 2253 1824 2300 Quid

245 2310 460 2348 Lutherus
490 2310 706 2359 scripserit
736 2310 779 2346 in
810 2309 974 2355 Missas,
1006 2310 1170 2347 neseio:
1203 2321 1304 2347 nam
1332 2308 1462 2347 audio
1490 2308 1603 2346 illius
1631 2308 1823 2346 libellum

785 2403 883 2433 2906.
909 2403 939 2433 8.
967 2403 1063 2434 seuis
1081 2415 1122 2433 a:
1148 2403 1224 2434 suis
1241 2403 1279 2433 O.

245 2482 309 2512 the
337 2481 509 2521 printers.
559 2480 630 2510 For
653 2480 772 2511 Greek
797 2480 895 2510 MSS.
922 2490 997 2510 eor-

244 2525 369 2556 rected
392 2525 485 2555 from
508 2525 572 2554 the
594 2524 716 2559 Latin,
740 2534 799 2554 see
822 2524 927 2563 Apol.
953 2524 1000 2554 ad

243 2569 446 2603 Shunicam,
465 2568 538 2598 LB.
553 2568 602 2597 ix.
618 2577 767 2607 333A—B‚
782 2576 880 2607 349F,
896 2576 998 2606 35313.
1032 2599 1036 2603 ⁴

245 2614 296 2644 At
321 2613 394 2643 LB.
418 2613 467 2642 ix.
492 2620 554 2650 353
580 2611 756 2642 Erasmus
780 2621 865 2651 says
888 2612 998 2642 much

245 2657 346 2687 what
386 2657 431 2686 he
469 2665 554 2695 says
593 2655 690 2691 here,
731 2655 800 2686 but
839 2655 999 2686 without

245 2711 319 2741 any
350 2700 534 2730 reference
565 2703 606 2730 to
638 2699 701 2729 t-he
734 2709 844 2729 aurea
878 2699 996 2730 bulla:

247 2744 517 2785 ‘Posteaquam
551 2743 650 2773 enim
684 2742 812 2773 Graeci
851 2752 997 2773 concor-

243 2788 342 2819 diam
360 2788 528 2818 inierunt.
543 2796 626 2817 cum
645 2786 796 2817 ecclesia
815 2786 997 2822 Romana,

243 2831 471 2862 studuerunt
510 2835 548 2861 et
586 2830 653 2861 hae
692 2831 730 2860 in
769 2834 876 2870 parte
914 2840 998 2861 eum

243 2876 423 2906 Romanis
447 2873 675 2906 consentire'
704 2874 839 2912 (where
866 2874 931 2905 hac
958 2875 998 2905 in

240 2924 342 2959 parte
358 2929 485 2949 means
502 2919 538 2949 in
555 2918 707 2958 making
724 2918 787 2948 the
801 2918 911 2949 Latin
924 2917 998 2949 and
1028 2954 1029 2957 Ἰ

242 2963 363 2995 Greek
379 2966 481 2994 texts
497 2963 631 3003 agree).

1112 2480 1208 2510 2905.
1235 2489 1288 2519 47.
1314 2479 1443 2517 literis]
1463 2479 1539 2510 Not
1556 2482 1700 2510 extant.

1113 2532 1210 2562 51—2.
1237 2524 1312 2554 suis
1347 2548 1353 2554 .
1386 2547 1392 2554 .
1425 2548 1430 2553 .
1465 2523 1594 2561 literis]
1627 2523 1684 2553 No
1712 2523 1823 2554 letter

1068 2567 1163 2598 from
1192 2568 1235 2597 A.
1268 2567 1570 2607 Gumppenberg,
1599 2567 1636 2597 in
1669 2575 1762 2606 1533,
1793 2567 1822 2597 is

1067 2615 1212 2642 extant.
1248 2611 1290 2641 In
1304 2611 1374 2651 Ep.
1388 2620 1484 2648 2929.
1502 2611 1566 2641 6—8
1581 2610 1625 2641 he
1636 2611 1822 2641 mentions

1067 2655 1204 2694 having
1228 2654 1436 2685 forwarded
1459 2664 1481 2684 a
1504 2654 1615 2685 letter
1642 2654 1736 2684 from
1761 2655 1819 2685 Se-

1067 2698 1229 2739 pulveda
1246 2703 1286 2729 to
1304 2699 1491 2729 Erasmus.

1112 2742 1208 2772 2906.
1238 2752 1266 2773 1.
1292 2742 1482 2782 epistolas]
1520 2741 1674 2772 Neither
1710 2741 1821 2772 letter

1067 2786 1097 2816 is
1113 2790 1258 2817 extant.

1074 2838 1075 2841 ’
1114 2839 1164 2860 11.
1190 2829 1369 2868 libellum]
1417 2828 1589 2860 Luther's
1642 2829 1715 2860 Von
1762 2829 1822 2859 der

1071 2874 1319 2905 lVinkelmesse
1334 2873 1408 2904 und
1421 2873 1686 2913 Pfaffenweihe,
1701 2873 1820 2903 which

1065 2918 1254 2962 appeared
1271 2918 1308 2948 in
1330 2926 1411 2956 1533
1430 2917 1608 2955 (Kestlim
1621 2917 1655 2953 ii,
1672 2927 1708 2957 p.
1728 2917 1819 2956 310).
