1966 3379
150 159 271 208 2654]
611 157 770 195 FROM
800 156 952 195 JOHN
985 157 1251 194 VLATTEN
1664 159 1713 195 27

147 266 338 300 extrema
359 274 504 299 eorum
528 262 692 299 virtute
713 261 792 298 sibi
814 261 914 310 ipsis
937 260 1160 298 defuturos
1182 273 1269 298 non
1298 260 1421 298 facile
1449 261 1712 299 crediderim.

148 316 347 354 Pontifex
389 316 501 354 bona
540 315 672 353 verba
711 315 799 353 dat.
859 314 1081 352 Gallorum
1124 315 1218 352 Rex
1259 327 1432 364 prorsus
1472 329 1549 352 sua
1593 316 1714 353 nobis

147 371 329 420 denegat
351 371 551 408 subsidia.
597 369 759 419 Anglus
780 369 970 407 nondum
989 369 1194 418 quidnam
1212 374 1403 419 prestare
1422 370 1524 407 velit
1541 371 1710 407 statuit.

146 425 345 463 Wewoda
366 425 482 462 miris
504 425 669 462 artibus
690 424 897 462 factiones
919 425 1060 468 struit,
1083 428 1126 461 et
1151 424 1413 461 Polonorum
1444 424 1536 461 Rex
1566 425 1714 462 misere

146 479 334 529 tragedie
356 483 573 529 spectator
593 479 765 516 futurus
786 479 1071 516 existimatur.
1127 478 1361 527 Religionis
1384 479 1603 527 negocium
1628 491 1713 516 non
1735 496 1775 516 20

144 535 272 571 armis
312 534 385 571 sed
424 533 609 583 generali
650 537 727 571 aut
766 533 978 570 nacionali
1019 532 1198 570 concilio
1243 533 1611 570 determinabitur.
1673 532 1715 570 Si

145 588 345 626 Pontifex
374 592 540 626 recuset
568 587 806 632 concilium,
835 587 1030 625 futurum
1062 600 1184 636 spero
1212 591 1261 624 vt
1288 586 1415 624 Cesar
1443 591 1716 624 sacrosancta

143 643 221 687 hac
242 643 284 680 in
306 655 349 680 re
370 647 500 692 atque
518 643 715 680 omnibus
732 642 867 680 modis
884 643 1122 680 necessaria
1139 654 1190 679 ex
1209 642 1345 680 officio
1363 646 1488 679 tanto
1505 641 1714 691 imperiali

143 710 219 735 sua
239 698 499 735 auctoritate
521 699 576 735 sit
596 697 836 735 functurus.

453 810 659 851 2⁶⁵12655.
727 810 868 851 FROM'
899 810 1137 850 BERNARD
1172 821 1228 850 OF
1262 809 1396 850 CLEs.

191 889 350 934 Leipzig
369 889 452 924 MS.
1417 889 1633 923 Ratisbon.

189 939 272 972 ΕΕ.
297 948 378 982 172.
1387 948 1406 980 5
1426 938 1535 972 June
1558 949 1663 981 1532.

373 1023 445 1061 [An
463 1023 617 1063 original
634 1023 755 1058 letter,
774 1023 923 1054 written
940 1022 1014 1053 and
1032 1022 1160 1063 signed
1178 1022 1226 1062 by
1243 1032 1264 1053 a
1282 1023 1494 1062 secretary.]

194 1082 546 1131 VEN<ERABILIS>
568 1083 611 1120 in
638 1082 820 1128 Christo,
841 1083 1004 1132 egregie
1033 1084 1192 1120 sincere
1220 1082 1342 1120 nobis
1369 1082 1534 1120 dilecte.
1594 1082 1712 1120 Licet

138 1150 188 1174 ex
225 1138 393 1183 vestris,
429 1137 496 1175 die
528 1137 831 1175 penthecostes
866 1137 992 1183 datis,
1024 1138 1216 1187 proxime
1250 1138 1476 1187 accoeptis,
1509 1149 1585 1174 vos
1617 1150 1711 1174 eam

137 1196 324 1230 aetatem
364 1193 557 1242 attigisse
597 1193 932 1242 cognouerimus,
968 1197 1018 1230 Vt
1051 1192 1240 1241 exceptis
1275 1192 1429 1229 studiis
1463 1192 1617 1230 vestris
1657 1192 1711 1230 ad

137 1259 306 1284 omnem
336 1247 599 1285 functionem
629 1247 794 1284 inutilis
822 1248 926 1292 sitis,
949 1247 1026 1284 has
1054 1251 1199 1284 tamen
1230 1246 1397 1284 litteras
1425 1246 1478 1283 ad
1508 1259 1583 1284 vos
1611 1246 1711 1284 dare

137 1301 259 1338 nobis
279 1303 419 1340 visum
439 1306 517 1347 est,
540 1306 589 1339 vt
616 1303 784 1340 reiectis
810 1302 1135 1351 quibuscunque
1162 1301 1373 1351 scrupulis
1400 1314 1476 1339 vos
1504 1301 1558 1339 ad
1586 1301 1709 1347 idem,
1731 1316 1749 1346 5

137 1356 251 1405 quod
287 1357 329 1394 in
360 1357 648 1406 superioribus
679 1358 839 1394 nostris
869 1357 1058 1402 fecimus,
1091 1356 1231 1394 denuo
1262 1356 1544 1401 hortaremur,
1577 1368 1710 1405 quum

135 1410 301 1448 nullum
331 1412 622 1461 cuiuscunque
651 1413 807 1450 aetatis
833 1424 921 1449 esse
948 1424 1194 1449 censeamus
1222 1412 1325 1460 quin
1353 1410 1514 1460 aliquid
1545 1423 1711 1460 semper

135 1465 293 1503 habeat
314 1466 429 1516 quod
452 1470 497 1504 et
524 1466 744 1504 commode
773 1470 817 1504 et
845 1467 1023 1504 honeste
1047 1470 1181 1516 petat.
1242 1465 1389 1515 Siquid
1418 1467 1546 1515 igitur
1573 1470 1639 1503 est
1666 1466 1709 1502 in

134 1532 218 1570 quo
246 1520 368 1558 vobis
395 1521 510 1571 apud
538 1523 694 1571 regiam
722 1522 992 1559 maiestatem
1019 1520 1258 1571 gratificare
1288 1521 1511 1570 possimus,
1541 1524 1709 1557 vestrae

134 1579 278 1624 partes
300 1580 427 1613 erunt
448 1589 525 1614 nos
546 1575 664 1614 nullo
680 1576 764 1613 alio
782 1577 986 1626 requisito
1002 1576 1230 1613 admonere
1247 1590 1254 1621 ;
1286 1579 1329 1613 et
1346 1576 1407 1613 ita
1424 1588 1500 1613 nos
1517 1587 1708 1625 geremus
1731 1590 1770 1611 10

134 1633 183 1667 vt
204 1631 428 1668 commoda
448 1635 593 1668 vestra
614 1631 736 1668 nobis
758 1631 874 1668 cordi
895 1643 985 1669 esse
1007 1630 1270 1680 intelligatis.

188 1683 310 1730 Quod
327 1689 473 1725 autem
490 1699 575 1724 non
593 1686 733 1723 desint
750 1687 821 1735 qui
839 1686 960 1723 vobis
978 1685 1195 1723 cuniculos
1212 1685 1457 1730 moliantur,
1483 1685 1559 1722 hoc
1577 1697 1707 1722 vnum

134 1739 255 1777 vobis
277 1740 430 1778 solatio
451 1741 519 1787 sit,
541 1741 657 1790 quod
685 1753 810 1791 super
837 1745 962 1790 petra
988 1753 1037 1778 ac
1064 1752 1275 1777 marmore
1303 1739 1529 1777 durissimo
1556 1739 1706 1777 funda-

133 1799 280 1832 menta
301 1796 494 1841 ieceritiS,
518 1800 566 1833 vt
588 1797 776 1846 ipsorum
799 1800 978 1833 conatus
1006 1795 1059 1833 ob
1088 1795 1197 1832 hanc
1225 1794 1488 1832 soliditatem
1517 1798 1708 1832 vestram

132 1850 305 1887 omnino
326 1851 434 1887 irriti
455 1850 591 1888 futuri
613 1852 710 1888 sint.
1729 1864 1766 1894 15

184 1904 406 1942 Postremo
436 1918 546 1955 quae
575 1905 627 1942 de
659 1905 845 1943 Henrico
874 1904 1098 1950 Glareano,
1130 1905 1222 1942 viro
1252 1904 1578 1949 studiosissimo,
1607 1905 1704 1941 scri-

132 1959 274 2008 psistis
292 1959 468 2010 legimus
484 1975 491 2005 3
514 1973 663 1998 verum
681 1973 735 1997 an
752 1973 860 2010 opus
877 1973 1013 2010 nuper
1029 1959 1083 1998 ab
1101 1960 1192 2010 ipso
1208 1960 1467 2009 castigatum
1484 1959 1537 1996 ad
1556 1971 1706 1996 manus

132 2015 278 2063 regias,
307 2027 392 2064 quo
417 2015 682 2053 destinatum
709 2020 814 2061 erat,
843 2014 1024 2053 allatum
1052 2014 1183 2052 fuerit
1211 2027 1287 2052 nos
1314 2014 1517 2064 preterit;
1549 2013 1600 2051 de
1621 2026 1705 2062 quo

130 2081 262 2117 quum
277 2070 463 2119 primum
478 2071 677 2108 certiores
693 2070 833 2108 effecti
846 2070 1016 2115 erimus,
1032 2069 1215 2107 hominis
1232 2069 1422 2106 studium
1439 2069 1519 2112 (vti
1533 2069 1704 2118 cupitis)

131 2124 347 2161 maiestati
369 2137 468 2162 suae
487 2128 579 2162 tum
597 2129 745 2162 nostro
762 2129 856 2162 tum
878 2125 941 2162 sui
964 2125 1095 2175 ipsius
1117 2125 1280 2162 intuitu
1297 2123 1702 2161 commendabimus.
1724 2138 1766 2159 20

131 2177 187 2215 Et
202 2178 263 2216 his
278 2191 354 2216 vos
372 2179 477 2217 bene
494 2179 635 2217 valere
652 2181 860 2229 cupimus.

185 2232 448 2283 Ratisponae
465 2234 533 2271 die
550 2245 589 2272 v.
609 2234 721 2271 Iunii
739 2245 979 2272 M.D.xxxn.

184 2287 428 2326 Bernardus
460 2290 732 2327 miseratione
764 2289 910 2327 diuina
945 2288 984 2327 S.
1005 2288 1056 2327 R.
1075 2289 1122 2326 E.
1157 2287 1384 2326 cardinalis
1410 2292 1453 2325 et
1481 2287 1703 2336 episcopus

129 2341 464 2392 Triden<tinus>.

183 2396 423 2435 Venerabili
462 2399 505 2435 in
544 2398 726 2445 Christo,
767 2399 932 2449 egregio
972 2399 1132 2436 sincere
1172 2398 1294 2435 nobis
1333 2397 1491 2435 dilecto
1531 2396 1703 2433 domino
1724 2413 1762 2442 25

128 2451 307 2490 Erasmo
330 2452 652 2492 Rotherodamo
673 2466 817 2491 sacrae
839 2453 1141 2503 Theo<logiae>
1163 2452 1403 2503 professori.
1465 2451 1672 2500 Friburgi.

487 2571 617 2609 2656.
684 2569 821 2609 FROM
854 2569 1039 2610 JACOBO
1074 2568 1337 2609 SADOLETO.

178 2643 355 2678 Sadoleti
375 2646 596 2690 Epistolae‚
622 2659 729 2692 1550,
750 2660 789 2692 p.
814 2652 895 2691 107.
1382 2646 1640 2689 Curpentras

177 2693 260 2727 LB.
286 2704 390 2728 1222.
1375 2704 1394 2738 7
1414 2695 1522 2728 June
1545 2703 1650 2735 1532.

171 2770 232 2810 [So
249 2772 304 2802 far
320 2782 360 2802 as
378 2773 565 2804 Erasmus‘
584 2775 724 2805 edition
749 2776 786 2806 of
809 2775 907 2805 Basil
927 2776 955 2805 is
976 2775 1191 2809 concerncd,
1212 2775 1286 2805 this
1309 2774 1418 2803 letter
1443 2771 1700 2811 supplements

127 2815 190 2846 the
204 2815 341 2846 thanks
355 2816 393 2847 of
411 2817 478 2857 Ep.
496 2820 591 2858 2048.
640 2819 716 2850 But
730 2820 828 2849 since
845 2820 992 2859 writing
1007 2823 1045 2849 to
1061 2819 1236 2848 Erasmus
1250 2817 1421 2847 Sudoleto
1436 2816 1507 2846 had
1523 2814 1698 2849 received,

224 2876 320 2907 2655.
350 2879 399 2907 16.
426 2878 511 2909 EE:
537 2879 717 2910 Galerano
735 2879 817 2910 MS.
914 2889 963 2914 10.
989 2890 1104 2919 quum
1123 2879 1357 2918 scripsimus:
1384 2887 1495 2916 quum
1514 2875 1594 2905 MS.

169 2964 265 2994 2655.
292 2974 322 2995 2.
348 2965 406 2995 dio
423 2964 701 3002 penthecostes]
722 2974 760 3001 19
777 2964 874 3004 May.
944 2965 981 2994 of
991 2964 1271 2994 Halicarnassus
1284 2961 1477 3002 published
1492 2961 1539 3000 by
1552 2960 1694 2989 Froben

172 3016 220 3047 17.
245 3008 354 3048 opus]
374 3009 441 3039 His
458 3009 597 3039 edition
619 3009 656 3038 of
678 3009 876 3048 Dionysius
946 3009 980 3039 in
1002 3017 1096 3047 1532.
