1966 3379
409 122 526 161 THE
556 115 944 159 COMPENDIUM
975 109 1345 152 RHETORICES
1585 105 1664 143 403

95 233 119 271 8
178 230 432 270 Iucundum.
492 227 717 265 Decorum.
1688 220 1750 251 140

179 286 372 324 Factum.
431 281 590 321 Exules
625 277 800 330 ingressi
835 274 1025 327 pomeria
1058 272 1296 311 liberarunt
1331 269 1553 307 ciuitatem
1593 266 1664 304 ob-

429 338 602 376 sidione.

177 394 409 434 Contrariis
430 393 592 430 vtimur
612 389 657 427 in
678 384 978 426 dissuadendo.

177 450 282 488 Arte
314 452 414 486 sunt
443 443 742 496 exaggeranda
772 439 1009 479 commoda.
1071 433 1354 475 Incommoda
1384 430 1666 470 attenuanda.

178 505 230 543 In
252 501 539 542 dissuadendo
560 502 721 538 contra.
1691 497 1729 528 14
1734 496 1751 526 5

609 622 956 674 Propositionum
977 617 1146 669 gradus.

419 693 516 731 Non
537 691 616 729 hoc
638 690 727 739 agit
748 686 960 725 Antonius
989 687 1038 722 vt
1065 682 1311 721 Ciceronem
1338 681 1494 723 seruet,
1520 676 1594 714 sed
1622 679 1671 714 vt

420 751 562 786 totum
583 745 822 793 extinguat,
845 740 1010 779 exustis
1032 737 1291 788 Philippicis.

419 803 513 840 Etsi
533 814 585 838 ex
606 800 749 838 animo
771 796 909 835 defert
929 793 1231 837 conditionem,
1249 794 1376 840 turpe
1397 792 1462 826 est
1483 786 1672 825 Ciceroni

419 856 607 895 Antonio
628 853 782 892 debere
803 852 951 895 vitam,
974 847 1224 899 praesertim
1246 846 1331 883 iam
1353 846 1565 882 exactam.
1694 846 1755 876 150

419 912 514 950 Etsi
535 909 700 948 iuuenis
721 920 844 952 esses,
866 918 949 943 non
973 906 1085 942 esset
1106 903 1199 940 vita
1219 901 1385 938 iactura
1401 898 1542 935 famae
1564 895 1670 934 redi-

99 969 372 1019 Comparatio
419 966 587 1005 menda.
647 963 747 1002 Vita
768 962 880 1000 enim
901 958 1088 1009 corporis
1108 957 1251 995 breuis
1271 958 1349 993 est.
1399 953 1546 998 Fama,
1564 964 1673 1001 quae

419 1034 521 1059 vera
541 1023 607 1058 est
627 1018 810 1057 hominis
832 1016 936 1061 vita,
959 1013 1167 1064 perennis.

420 1077 479 1115 Vt
524 1075 628 1113 haec
670 1076 931 1115 contemnas,
972 1081 1058 1106 non
1106 1065 1266 1118 poteris
1304 1064 1413 1102 ferre
1453 1061 1673 1101 dominum

420 1130 671 1175 Antonium,
694 1127 837 1166 taedio
857 1127 1010 1175 sponte
1031 1122 1234 1173 migrabis
1256 1133 1278 1158 e
1299 1119 1402 1157 vita.
1697 1124 1756 1155 155

686 1182 816 1221 Aliud
837 1179 1095 1229 exemplum.

210 1244 308 1282 Non
328 1241 504 1292 expedit
523 1240 677 1278 ducere
698 1249 888 1275 vxorem.

212 1299 306 1337 Etsi
327 1297 513 1347 expedit,
535 1307 619 1333 non
641 1292 817 1343 expedit
836 1288 1105 1341 philosopho.

212 1354 306 1392 Etsi
327 1351 558 1402 expediret,
581 1361 662 1387 non
686 1346 860 1397 expedit
881 1344 1058 1383 Socrati.

213 1409 301 1446 Aut
321 1420 407 1445 non
428 1405 630 1444 conuenit
652 1404 730 1441 hac
751 1404 907 1440 aetate.
1700 1393 1761 1422 160

213 1464 309 1502 Etsi
336 1465 455 1500 aetas
481 1473 568 1498 non
595 1457 874 1501 dissuaderet,
904 1467 980 1493 nec
1011 1453 1128 1492 aliud
1159 1452 1402 1502 quicquam,
1430 1452 1544 1487 certe
1574 1447 1678 1486 haec

214 1531 321 1556 vxor
343 1516 537 1555 ducenda
557 1527 642 1553 non
662 1516 742 1552 est.

98 724 352 763 Coniectura

99 834 165 872 Ab
190 833 370 871 honesto

104 1105 372 1158 Impossibile

626 1635 689 1673 De
711 1645 860 1685 genere
882 1630 1139 1670 laudatorio,

214 1695 334 1733 Bona
354 1696 545 1731 externa.

215 1750 335 1787 Bona
356 1747 554 1797 corporis.

215 1805 334 1842 Bona
355 1803 498 1841 animi.

435 1856 594 1902 Patria,
762 1852 917 1897 Genus,

184 1915 375 1953 Externa
432 1911 556 1961 Opes,
767 1908 975 1951 Honores,

435 1965 626 2011 Edificia‚
768 1963 896 2006 onr,
918 1960 1058 1998 Liberi
1080 1963 1160 1998 etc.

498 2036 641 2081 Aetas,
810 2033 977 2078 Forma,
1707 2058 1718 2078 Ι
1727 2057 1767 2087 70

494 2091 705 2141 Dignitas,
813 2088 945 2133 Vires,

496 2146 749 2191 Salubritas,
812 2142 1040 2187 vocalitas,

494 2201 712 2239 Plectrum
733 2197 1012 2237 articulatum
1033 2199 1114 2234 etc.

1703 1729 1763 1766 165

187 2121 382 2172 Corporis

394 2288 614 2333 Docilitas,
728 2286 892 2336 Ingenii
913 2284 1162 2329 dexteritas,

394 2344 599 2382 Memoria
620 2342 768 2387 fidelis,
902 2338 1085 2383 sanitas,
1709 2343 1769 2373 175

192 2401 333 2439 Animi
393 2399 547 2443 Pietas,
686 2395 929 2440 Fortitudo,
1062 2394 1163 2431 Pru-

394 2453 553 2498 dentia,
667 2451 918 2496 Moderatio,
1035 2448 1163 2486 Iusti-

395 2509 471 2553 cia,
584 2506 787 2551 Comitas‚
808 2509 888 2543 etc.

172 2593 365 2630 Externa
392 2590 594 2639 quoniam
622 2589 677 2626 ad
704 2587 875 2626 laudem
907 2586 1074 2637 proprie
1104 2598 1190 2622 non
1221 2582 1451 2633 pertinent,
1483 2581 1576 2616 arte
1606 2578 1688 2614 huc

118 2651 220 2684 sunt
247 2644 623 2684 accommodanda.
684 2642 726 2680 Si
756 2643 939 2693 patriam
970 2641 1177 2678 illustrem
1210 2651 1286 2675 sua
1314 2637 1474 2674 virtuto
1502 2632 1689 2670 reddidit
1712 2643 1772 2672 180

119 2702 405 2745 illustriorem,
431 2703 508 2737 aut
536 2699 759 2735 obscuram
788 2696 975 2735 reddidit
999 2695 1171 2733 claram.
1232 2693 1349 2730 Idem
1381 2688 1607 2727 dicendum
1638 2686 1689 2723 de

120 2769 281 2806 genere.
330 2754 371 2793 Si
393 2767 493 2804 opes
515 2754 603 2791 sine
624 2753 775 2790 fraude
796 2752 980 2801 parauit,
999 2754 1075 2787 aut
1096 2763 1121 2787 a
1142 2747 1372 2787 maioribus
1393 2743 1590 2792 acceptis,
1613 2745 1691 2778 aut

122 2825 147 2848 a
167 2811 343 2848 fortuna
364 2812 517 2858 sponte
539 2807 694 2845 oblatis
720 2807 826 2845 bene
848 2819 961 2843 vsus.
1022 2804 1064 2841 Si
1090 2804 1265 2841 diuitiae
1291 2805 1334 2838 et
1362 2800 1541 2836 honores
1570 2795 1688 2832 illum

124 2878 200 2903 nec
222 2867 503 2913 corruperunt
526 2875 601 2900 nec
623 2862 899 2899 reddiderunt
921 2859 1187 2897 insolentem.
1239 2858 1279 2893 Si
1303 2865 1476 2892 vxorem
1501 2851 1625 2899 elegit
1648 2853 1691 2887 et

124 2920 302 2957 comiter
337 2918 502 2956 habuit.
561 2916 603 2955 Si
636 2916 743 2954 filios
775 2919 921 2954 sancte
953 2914 1168 2952 educauit.
1229 2911 1270 2949 Si
1302 2909 1464 2960 patriae
1496 2906 1596 2943 felix
1628 2907 1692 2942 est
1715 2914 1774 2952 185

127 2974 259 3023 magis
281 2985 408 3022 quam
432 2971 523 3009 sibi.
