1966 3379
118 117 238 164 2727]
506 114 665 152 111οΜ
695 112 1012 152 GERMANUS
1044 113 1288 152 enixius
1604 114 1679 151 113

116 219 292 257 tendum
324 223 371 256 vt
401 219 515 268 quod
544 222 768 261 verteram,
799 217 1083 267 publicarem:
1117 217 1248 255 alium
1280 229 1407 266 porro
1440 218 1624 255 codicem
1657 231 1680 254 a

117 274 255 311 Roma
271 278 508 323 expectare,
526 274 644 310 cuius
658 272 817 310 auxilio
831 272 1004 309 lacunas
1018 284 1087 309 eas
1102 272 1371 321 complerem,
1389 284 1494 320 quas
1511 272 1680 321 quidem

115 329 164 365 iis
196 329 237 364 in
266 328 367 366 locis
394 327 647 376 reliqueram
672 340 780 375 quae
811 328 899 364 sine
930 327 1061 364 dubio
1090 327 1134 363 in
1164 331 1240 364 tuo
1265 326 1405 363 codice
1436 327 1493 363 sic
1526 327 1681 363 viciata

116 383 404 431 mendosaque
425 386 547 419 erant
568 386 617 419 vt
637 382 691 419 ad
712 394 761 418 ea
782 381 1047 418 restituenda
1068 394 1154 418 non
1171 382 1308 428 <tam>
1330 380 1413 418 alio
1435 381 1683 418 Aristarcho
1705 396 1742 426 15

116 450 245 486 quam
282 438 462 486 ipsomet
496 436 802 485 Chrysostomo
837 440 986 474 autore
1022 448 1128 485 opus
1161 439 1294 472 esset:
1328 435 1402 472 sed
1434 435 1511 472 hoc
1543 436 1681 484 ipsum

116 491 218 528 dum
240 492 297 528 sic
319 504 527 540 quererer,
550 491 727 528 nunciat
748 490 816 528 ille
838 490 959 528 nobis
981 490 1047 527 hic
1070 490 1243 527 tandem
1267 491 1409 527 venire
1437 490 1547 527 idem
1577 489 1683 526 illud

116 545 409 594 Chrysostomi
441 558 559 595 opus,
593 545 785 583 Veronae
818 546 933 594 typis
967 544 1137 582 Graecis
1169 557 1396 586 excusum:
1430 545 1548 581 cuius
1581 544 1684 580 mihi

116 601 280 649 copiam
316 600 405 638 fieri
435 613 566 649 quum
599 612 852 649 magnopere
888 612 954 637 me
989 612 1140 649 cupere
1174 599 1439 644 indicassem,
1475 611 1569 636 ecce
1604 598 1683 635 tibi

117 655 347 692 Montanus
386 655 590 703 euestigio
629 654 683 691 ad
719 667 784 691 me
820 667 925 703 opus
962 654 1100 703 ipsum
1136 653 1307 703 perfert.
1368 653 1433 690 Ibi
1468 666 1544 703 ego
1579 652 1683 690 nihil
1704 669 1745 690 20

116 714 344 747 cunctatus
365 709 420 747 ad
441 709 533 746 loca
554 709 719 757 aliquot
740 722 791 746 ex
813 721 957 746 eorum
984 721 1161 745 numero
1178 708 1376 757 confugio
1393 721 1513 757 quae,
1532 707 1685 745 mutila

116 763 219 800 mihi
236 764 279 801 in
301 768 377 801 tuo
394 764 535 801 codice
551 768 733 813 reperta,
755 763 859 800 alias
881 763 1061 800 stellulis
1082 767 1348 807 notaueram,
1366 762 1470 800 alias
1492 762 1685 800 obeliscis

115 818 401 864 confoderam,
432 831 480 856 ac
509 823 683 868 propt-er
713 830 821 867 quae
853 820 1000 867 (quum
1033 819 1256 855 innumera
1286 830 1336 854 ea
1362 820 1519 865 essent)
1548 817 1685 867 operis

116 873 353 910 versionem
389 872 699 923 propemodum
732 872 955 922 desperare
988 885 1222 921 coeperam.
1283 871 1398 918 Quae
1432 871 1523 909 loca
1552 884 1685 921 quum

115 927 228 965 bona
262 927 434 977 quidem
470 940 521 964 ex
557 932 678 976 parte
714 928 756 964 in
788 927 1020 964 Veronensi
1051 927 1193 964 codice
1224 939 1328 964 sana
1358 931 1488 976 atque
1519 927 1685 976 integra
1705 941 1745 971 25

115 983 425 1032 comperissem,
448 983 566 1031 coepi
588 983 675 1031 ipse
704 983 852 1019 statim
875 983 955 1019 mei
978 983 1257 1027 miserescere,
1284 981 1361 1019 hoc
1389 986 1454 1018 est
1480 981 1685 1019 sudorum

115 1036 396 1086 laborumque
417 1049 562 1074 eorum
587 1049 692 1085 quos
713 1050 789 1086 ego
810 1038 935 1074 anxie
957 1049 1023 1074 me
1051 1041 1256 1085 torquens
1280 1036 1382 1074 locis
1407 1036 1489 1073 illis
1517 1049 1592 1086 per
1620 1048 1686 1073 me

116 1091 390 1129 restituendis
425 1096 519 1129 toto
555 1091 633 1128 hoc
670 1104 784 1129 anno
824 1091 1060 1128 hauseram.
1121 1091 1253 1128 Porro
1293 1095 1438 1128 autem
1475 1091 1685 1128 Montano

115 1146 192 1195 ipsi
215 1146 341 1184 fidem
362 1146 453 1191 1001,
476 1159 604 1195 quam
628 1147 684 1183 sit
709 1146 841 1183 codex
863 1159 946 1183 non
970 1145 1107 1183 solum
1129 1150 1242 1190 tuus,
1265 1146 1339 1183 sed
1367 1150 1410 1183 et
1432 1146 1685 1183 Veronensis

115 1213 289 1249 quoque-
303 1204 542 1250 corruptus,
561 1205 609 1237 vt
626 1213 794 1238 necesse
811 1201 914 1237 mihi
931 1201 986 1237 sit
1003 1200 1168 1238 fidelius
1185 1200 1427 1250 exemplum
1445 1205 1683 1250 expectare.
1706 1215 1747 1245 30

116 1255 181 1292 Ad
203 1255 245 1292 id
267 1268 400 1304 spero,
424 1255 538 1304 quod
560 1259 660 1293 ante
683 1255 784 1301 dixi,
808 1255 1048 1293 Romanam
1073 1255 1378 1293 bibliothecam
1401 1255 1561 1293 auxilio
1582 1255 1686 1292 mihi

114 1309 221 1353 101ος
250 1310 291 1347 id
305 1309 419 1359 quod
434 1310 556 1348 nobis
571 1323 644 1359 per
659 1310 802 1347 literas
816 1310 1029 1359 pollicitus
1043 1314 1107 1347 est
1121 1309 1386 1359 Augustinus
1401 1309 1686 1358 Tri<u>ultius

113 1363 362 1410 Cardinalis,
394 1366 459 1402 vir
489 1365 619 1414 (quod
651 1369 699 1402 tu
730 1377 814 1401 non
839 1366 988 1412 nescis)
1018 1366 1128 1403 inter
1152 1366 1380 1414 praecipua
1408 1364 1535 1402 seculi
1561 1365 1686 1402 huius

113 1423 367 1457 ornamenta
387 1419 699 1457 numerandus:
731 1419 890 1469 alioqui
913 1432 964 1457 ne
992 1424 1086 1457 tute
1113 1419 1297 1469 quidem,
1321 1421 1354 1456 si
1383 1419 1488 1457 bene
1516 1423 1559 1457 te
1586 1420 1687 1457 noui

117 1476 181 1521 (vt
198 1475 381 1512 maxime
402 1475 531 1512 etiam
547 1474 745 1511 Frobenii
767 1476 831 1511 tui
847 1474 1081 1511 commodis
1098 1474 1275 1522 faueas),
1294 1479 1431 1519 autor,
1447 1479 1566 1524 puto,
1582 1474 1685 1511 mihi
1705 1488 1746 1519 35

114 1528 245 1566 fueris
272 1529 498 1567 aeditionis
528 1533 698 1566 nostrae
726 1530 837 1566 inter
865 1533 932 1566 tot
959 1529 1151 1566 codicum
1180 1529 1356 1567 mendas
1384 1534 1513 1578 atque
1543 1533 1686 1567 errata

115 1584 472 1633 praecipitandae,
495 1585 745 1633 praesertim
768 1585 810 1621 in
832 1588 956 1621 tanta
979 1583 1198 1622 hominum
1221 1584 1457 1621 inuidentia
1474 1597 1522 1622 ac
1544 1585 1683 1634 praui-

115 1642 218 1683 tate,
251 1639 293 1675 in
324 1642 449 1676 tanta
478 1640 744 1688 ingeniorum
775 1639 1043 1688 malignitate
1074 1651 1122 1676 ac
1158 1640 1449 1688 peruersitate,
1477 1634 1524 1676 in
1561 1643 1686 1676 tanta

115 1692 354 1742 linguarum
377 1693 659 1731 mordacitate
680 1706 727 1730 ac
750 1693 994 1731 virulentia.

170 1748 237 1784 An
269 1760 353 1785 11011
385 1748 517 1793 vides,
550 1748 725 1786 obsecro
753 1752 807 1793 te,
838 1748 1014 1785 Erasme
1044 1748 1217 1797 optime,
1247 1752 1353 1798 quot
1375 1748 1685 1786 maleuolorum
1705 1763 1747 1794 40

115 1802 288 1847 voculis,
312 1807 417 1852 quot
439 1804 681 1852 viperarum
703 1804 925 1840 venenatis
948 1803 1093 1848 sibilis,
1115 1808 1221 1852 quot
1242 1803 1470 1840 laetalibus
1487 1803 1685 1853 aspidum

115 1858 324 1894 morsibus
345 1858 551 1895 obnoxios
574 1871 663 1895 sese
690 1857 939 1907 praebeant,
969 1859 1040 1906 qui
1066 1858 1132 1895 vel
1155 1871 1204 1895 eo
1225 1870 1310 1895 vno
1330 1859 1500 1895 nomine
1522 1858 1685 1907 aliquid

114 1912 307 1949 scribunt
321 1912 566 1962 aeduntque
583 1917 631 1950 vt
648 1913 791 1949 studia
808 1913 897 1962 ipsa
916 1912 1135 1949 literarum
1154 1926 1231 1962 pro
1247 1926 1322 1950 sua
1338 1913 1449 1950 virili
1466 1913 1684 1954 adiuuent,

114 1966 248 2003 sicubi
270 1967 380 2004 10110
403 1967 468 2004 vel
490 1967 710 2004 tantillum
738 1967 1022 2004 dormitantes
1044 1967 1095 2004 de
1123 1981 1262 2013 curru,
1284 1967 1398 2016 quod
1421 1969 1555 2012 aiunt,
1578 1968 1685 2017 lapsi

114 2021 304 2059 fuerint?
363 2022 439 2059 Dic
471 2022 586 2067 mihi,
618 2022 729 2059 bona
757 2021 850 2066 fide,
880 2026 1259 2071 quotumquenque
1288 2022 1411 2059 hodie
1439 2035 1528 2059 esse
1556 2027 1684 2071 putas
1705 2036 1745 2066 45

115 2077 187 2124 qui
208 2076 262 2113 ad
284 2076 421 2114 aliena
443 2078 601 2126 scripta
623 2076 801 2126 legenda
829 2090 914 2114 11011
941 2078 1073 2127 magis
1099 2077 1299 2126 carpendi
1328 2077 1430 2126 quid
1459 2077 1683 2124 suggillan-

115 2130 242 2179 dique
268 2143 395 2180 quam
428 2131 633 2169 laudandi
665 2131 1017 2181 approbandique
1047 2133 1191 2169 animo
1222 2132 1416 2169 feratur?
1476 2132 1590 2169 Talis
1619 2136 1685 2169 est

115 2185 238 2223 hodie
267 2186 501 2223 multorum
531 2187 784 2236 improbitas
814 2190 875 2233 (vt
907 2199 957 2223 ne
986 2187 1088 2235 quid
1116 2188 1288 2235 grauius
1316 2187 1470 2234 dicam)
1503 2191 1550 2223 vt
1576 2200 1684 2235 quae

113 2240 245 2277 ctiam
267 2241 499 2290 proborum
521 2241 829 2289 doctorumque
852 2241 1063 2278 calculum
1091 2243 1243 2278 mereri
1264 2243 1430 2292 possint
1451 2255 1499 2279 ea
1522 2242 1682 2291 Hippo-

114 2299 276 2339 haemo,
301 2296 414 2344 quod
436 2297 570 2341 aiunt,
593 2297 819 2345 praeconio
841 2296 944 2333 Zoili
971 2297 1245 2334 insectentur.
1306 2296 1478 2333 Etenim
1507 2309 1556 2334 eo
1584 2300 1684 2333 sunt
1704 2310 1745 2340 50

115 2349 174 2386 illi
196 2350 362 2399 ingenio
383 2350 565 2400 praediti
588 2355 648 2396 vt,
671 2364 771 2400 apes
798 2351 956 2388 imitari
982 2364 1114 2399 quum
1145 2354 1383 2400 praestaret
1405 2351 1535 2400 (quod
1559 2355 1684 2388 vetus

114 2404 291 2441 verbum
315 2405 420 2442 lano
442 2405 624 2449 Lascari,
646 2407 911 2455 praeceptori
933 2406 974 2442 111
991 2404 1162 2443 Graecis
1180 2419 1286 2450 meo,
1306 2406 1535 2443 identidem
1556 2406 1596 2442 111
1614 2418 1683 2442 ore

114 2471 203 2495 csse
235 2459 370 2506 solet),
394 2472 573 2508 quarum
601 2464 756 2497 natura
788 2459 959 2508 quidem
991 2473 1039 2497 ea
1069 2464 1134 2497 est
1164 2465 1213 2498 vt
1244 2460 1430 2510 legendis
1463 2461 1682 2498 hortorum

116 2517 421 2562 pratorumque
444 2514 627 2552 flosculis
648 2514 864 2557 aduolent,
890 2519 1033 2552 tamen
1057 2519 1262 2552 venantes
1284 2516 1441 2564 vbique
1459 2515 1572 2564 quod
1595 2528 1682 2551 car-

115 2572 220 2616 pant
234 2581 400 2606 muscas
417 2570 558 2618 potius
575 2569 654 2605 sibi
673 2569 902 2606 imitandas
918 2574 1170 2619 proponant,
1186 2582 1294 2618 quae
1313 2571 1426 2619 ipsae
1443 2570 1684 2606 hulceribus
1704 2582 1743 2611 55

114 2623 344 2671 exugendis
374 2624 594 2661 famelicae
625 2637 672 2661 ac
701 2624 903 2661 molestae
932 2629 1102 2673 praesto
1127 2624 1298 2662 adsunt.
1359 2624 1442 2661 Eos
1471 2629 1583 2661 certe
1613 2624 1682 2660 ho-

116 2678 262 2722 mines,
286 2679 318 2714 si
342 2678 558 2715 hominum
582 2682 739 2723 tamen,
770 2692 817 2716 ac
847 2692 929 2716 11011
958 2680 1102 2728 potius
1131 2679 1343 2728 pecudum
1372 2680 1539 2715 nomine
1569 2679 1683 2725 digni

115 2736 226 2777 sunt,
250 2732 358 2770 solet
379 2734 540 2770 amicus
562 2733 734 2782 quidam
754 2737 909 2779 noster,
928 2735 968 2771 111
988 2734 1131 2783 paucis
1153 2734 1316 2779 doetus,
1337 2734 1521 2771 militum
1539 2746 1682 2770 eorum

162 2886 209 2916 18.
235 2886 610 2925 omrusumMJiberti‘s
622 2887 780 2918 edition:
803 2898 861 2917 seo
974 2897 1092 2927 40—50.
1121 2887 1395 2928 Hipponacteo]
1458 2888 1527 2917 (Ἰν.
1590 2887 1682 2925 Epp.

115 2929 184 2969 Ep.
204 2939 299 2969 2340.
319 2940 375 2960 211.
933 2932 1031 2962 fam.
1054 2942 1081 2971 7.
1102 2941 1152 2971 24.
1176 2942 1201 2961 1.

159 2983 210 3011 32.
237 2974 454 3013 Triuultius]
473 2975 537 3005 See
555 2975 623 3015 Ep.
644 2984 739 3015 2405.
760 2985 837 3015 37¹¹·

157 3036 278 3067 452.1o
893 3040 905 3065 Ι
