1966 3379
140 114 259 160 2717]
639 111 796 150 FROM
826 111 978 150 JOHN
1009 111 1204 150 BONER
1625 115 1700 151 103

137 216 302 264 tatique
324 228 440 253 meae
463 217 651 264 ignosce:
685 217 842 265 partim
860 217 972 254 enim
990 216 1128 266 pudor
1145 217 1301 266 partim
1324 218 1453 254 etiam
1476 222 1615 255 metus
1635 231 1700 255 me
1721 233 1762 254 20

137 282 161 306 a
177 270 397 306 scribendo
414 272 625 308 auocauit.
668 270 832 308 Iterum
848 272 1087 320 iterumque
1102 270 1208 315 vale,
1224 284 1373 320 meque
1388 284 1483 308 cum
1498 272 1700 310 Anselmo

139 324 483 361 commendatum
510 325 628 362 habe.

192 378 358 416 Patauii
381 389 404 428 9
425 378 637 428 Septemb.
664 388 779 427 1532.

808 434 903 471 Tibi
924 434 1212 472 deditissimus
1235 434 1417 472 Ioannes
1441 435 1644 473 Bonerus.

190 503 389 541 Omnium
412 517 516 553 quos
539 506 659 542 nouit
682 505 866 542 mundus
888 505 1136 543 doctissimo
1158 506 1262 551 viro,
1284 505 1502 544 Desiderio
1524 506 1701 545 Erasmo
1721 526 1760 556 25

136 558 438 603 Roterodamo,
462 561 629 608 parenti
650 561 971 610 preeeptorique
993 560 1191 598 omnibus
1208 560 1344 598 modis
1361 560 1552 599 colendo.
1612 561 1698 599 Fri·

135 613 256 663 burgi
279 613 488 663 Brisgoae.

455 782 584 819 2718.
650 779 788 819 FRoM
813 778 1105 820 STANISLAUS
1129 779 1372 819 AYCHLER.

184 869 351 902 Breslau
370 869 452 902 MS.
475 869 603 902 Rehd.
627 879 707 913 254.
731 878 788 913 74.
1287 917 1311 952 S
1376 869 1528 952 Padssia.

1245 929 1267 959 9
1315 921 1449 963 eptem
1481 929 1523 952 er
1544 928 1649 961 1532.

178 1003 250 1040 [An
283 1002 434 1041 original
474 1002 595 1034 letter.
632 1002 841 1042 autograph
877 1002 1128 1041 throughout:
1170 1002 1199 1032 it
1238 1011 1311 1031 was
1346 1001 1425 1032 first
1466 1001 1615 1041 printed
1651 1002 1700 1042 by

131 1045 169 1076 C.
189 1046 422 1076 Miaskowski
442 1046 476 1075 in
495 1046 558 1076 the
576 1046 788 1076 Paderborn
805 1046 863 1076 Jb.
877 1046 908 1085 s.
928 1045 1169 1085 Philosophie,
1190 1056 1250 1081 xv,
1273 1054 1367 1082 1901,
1387 1055 1422 1085 p.
1442 1045 1533 1084 3²2⁴]

187 1105 225 1143 S.
259 1106 308 1142 D.
369 1105 540 1142 Minime
571 1106 725 1142 mirum
758 1105 835 1142 tibi
863 1105 991 1142 debet
1020 1105 1166 1146 videri,
1199 1105 1374 1142 Erasme
1405 1106 1596 1142 omnium
1627 1105 1698 1143 do-

131 1161 328 1205 ctissime,
348 1173 413 1197 me
436 1160 541 1197 nihil
560 1160 765 1197 hactenus
787 1161 1012 1209 scripsisse.
1072 1159 1168 1196 Non
1188 1159 1323 1197 hercle
1340 1159 1460 1196 licuit
1478 1172 1551 1209 per
1567 1161 1697 1209 aegri-

133 1215 338 1259 tudinem,
379 1228 462 1264 qua
501 1216 704 1264 superiori
745 1219 934 1264 tempore
975 1214 1179 1252 laboraui.
1240 1214 1301 1251 Ea
1336 1215 1480 1263 itaque
1517 1215 1699 1263 iniquior

132 1270 359 1318 duriorque
399 1274 491 1307 erat
531 1282 657 1318 quam
700 1274 748 1306 vt
787 1269 1006 1307 commode
1045 1269 1289 1318 epistolium
1329 1268 1383 1305 ad
1418 1273 1460 1306 te
1496 1269 1698 1306 conficere

132 1325 375 1373 potuissem.
432 1324 535 1361 Inde
557 1324 659 1361 mihi
682 1337 767 1361 non
790 1337 941 1374 parum
963 1336 1064 1361 sane
1082 1323 1239 1361 doloris
1260 1336 1307 1361 ae
1330 1324 1532 1360 moeroris
1553 1327 1696 1361 ortum
1716 1333 1735 1364 5

131 1379 225 1423 fuit,
255 1380 475 1428 presertim
508 1392 603 1416 cum
634 1383 674 1416 et
707 1379 928 1417 dominum
959 1383 1277 1428 praeceptorem
1309 1382 1352 1416 et
1382 1378 1587 1415 Ioannem
1619 1378 1698 1416 tibi

132 1433 311 1471 scribere
332 1434 631 1479 animaduerti,
655 1434 756 1471 haec
778 1446 943 1471 mecum
965 1434 1170 1483 cogitans,
1193 1433 1303 1470 Hem
1331 1432 1435 1470 mihi
1463 1432 1540 1470 soli
1562 1433 1698 1471 bonae

131 1488 384 1526 foelicitates
405 1501 550 1526 omnes
572 1489 678 1526 adeo
698 1501 830 1537 vsque
852 1488 1054 1526 aduersae
1075 1501 1163 1526 esse
1185 1487 1372 1525 debent?
1404 1492 1452 1525 Vt
1474 1487 1551 1525 hoc
1573 1489 1698 1525 vnieo

131 1543 329 1580 fortunae
358 1543 593 1585 commodo,
625 1543 776 1593 opibus
806 1544 983 1580 summis
1014 1543 1302 1593 prestantiori,
1334 1554 1513 1580 caream.
1574 1542 1697 1580 Nunc

132 1604 234 1635 vero·
256 1602 486 1647 postquam
513 1599 684 1648 optime,
714 1598 794 1635 diis
821 1599 972 1647 gratia,
1002 1598 1212 1641 conualui,
1243 1610 1327 1634 non
1356 1598 1478 1646 potui
1506 1609 1590 1634 non
1619 1597 1698 1634 tibi
1718 1607 1758 1628 10

131 1653 333 1693 scribere:
367 1653 465 1690 licet
494 1653 748 1690 verecundia
775 1657 818 1690 et
847 1653 984 1702 pudor
1010 1653 1162 1697 vetuit,
1192 1656 1387 1689 attamen
1415 1664 1535 1689 amor
1565 1665 1695 1698 meus,

131 1720 255 1756 quem
278 1721 375 1757 erga
398 1712 439 1745 te
467 1720 564 1757 gero
592 1708 1000 1755 ardentiss<imum>‚
1030 1712 1260 1756 Vtrumque
1288 1707 1403 1752 vicit,
1433 1719 1508 1744 nec
1537 1706 1697 1744 diutius

131 1762 345 1799 silentium
372 1775 494 1812 agere
522 1775 669 1812 passus
699 1767 775 1799 est.
813 1762 1000 1812 Agnouit
1027 1763 1139 1799 enim
1166 1774 1260 1799 cum
1291 1766 1431 1799 tecum
1457 1761 1697 1798 viueremus

131 1821 252 1854 tuum
277 1818 471 1854 innatum
493 1817 733 1862 candorem,
756 1821 875 1854 tuam
897 1817 1066 1854 solitam
1089 1817 1397 1865 benignitatem
1419 1815 1618 1853 omnibus
1645 1829 1696 1853 ex

131 1884 266 1920 aequo
297 1873 549 1922 expositam,
586 1873 788 1910 maiorem
823 1885 913 1909 esse
949 1884 1077 1920 quam
1113 1875 1161 1909 vt
1197 1884 1335 1908 meam
1371 1871 1695 1921 impudentiam,
1718 1879 1756 1909 15

132 1928 429 1971 rusticitatem,
466 1940 580 1964 meas
616 1927 795 1976 denique
832 1926 1057 1964 illiteratas
1093 1926 1218 1976 plane
1253 1926 1400 1964 literas
1436 1925 1613 1963 moleste
1648 1939 1696 1963 ac

132 1985 375 2031 contempte
406 1982 529 2019 feras.

187 2036 281 2073 Non
319 2041 360 2073 te
396 2037 533 2085 fugiat
569 2049 645 2073 nos
677 2049 728 2073 ex
759 2037 891 2073 animi
922 2036 1135 2073 sententia
1170 2037 1325 2080 viuere,
1357 2035 1411 2072 ad
1443 2035 1544 2072 haec
1578 2040 1692 2072 tran-

131 2091 310 2140 quillum
327 2092 367 2128 in
380 2092 532 2129 studiis
542 2104 711 2128 cursum
724 2091 891 2135 habere,
904 2103 1047 2127 musas
1058 2090 1232 2128 Italicas
1246 2090 1471 2139 diligenter
1480 2089 1694 2139 amplecti,

132 2151 173 2183 te
208 2146 389 2194 denique
423 2159 470 2183 ac
507 2146 715 2195 hospitem
749 2145 1115 2189 humanissimum,
1148 2146 1277 2182 immo
1308 2158 1355 2182 ac
1396 2149 1615 2194 parentem
1652 2149 1693 2182 et
1716 2153 1757 2174 10

132 2205 461 2250 praeceptorem,
481 2213 674 2237 amamus
695 2200 1091 2249 exoseulamurque,
1111 2200 1224 2237 haud
1247 2201 1514 2236 immemores
1532 2204 1695 2248 quanta

131 2255 439 2305 hospitalitate,
477 2259 639 2304 quanta
679 2255 955 2304 benignitate,
988 2259 1153 2304 quanto
1192 2267 1335 2292 amore
1382 2266 1458 2291 nos
1499 2254 1598 2291 olim
1640 2255 1695 2291 sis

131 2314 430 2359 prosequutus.
492 2310 577 2346 Abs
605 2314 646 2347 te
676 2311 804 2359 igitur
831 2310 906 2346 hoc
929 2311 1099 2347 vnicum
1123 2309 1280 2354 flagito.
1341 2309 1536 2358 Digneris
1576 2321 1693 2346 meae

131 2365 420 2402 taciturnitati
462 2365 561 2402 dare
602 2366 784 2409 veniam,
823 2377 898 2402 nec
940 2364 982 2402 id
1016 2364 1256 2402 adscribere
1298 2363 1578 2413 negligentiae
1619 2368 1694 2400 aut

131 2419 334 2456 obliuioni
358 2432 487 2461 meae,
506 2420 619 2468 quod
638 2420 841 2456 Ioannem
865 2420 1031 2469 scriptis
1049 2432 1114 2456 me
1132 2423 1401 2456 anteuertere
1424 2431 1572 2467 passus
1590 2419 1666 2455 sim
1686 2432 1692 2459 ;
1715 2424 1754 2454 25

130 2487 204 2511 nec
239 2475 420 2522 (lenique
457 2474 510 2509 ob
546 2474 652 2511 hanc
689 2474 859 2523 eulpam
896 2487 961 2511 me
996 2473 1122 2511 solito
1157 2486 1300 2511 amore
1336 2473 1531 2522 prosequi
1564 2485 1691 2509 cessa.

131 2529 309 2566 Factum
355 2529 468 2565 haud
510 2528 620 2566 foret
661 2530 700 2565 ni
743 2529 878 2566 morbi
919 2529 1121 2578 iniquitas
1169 2528 1388 2565 obfuisset.
1454 2527 1692 2564 Ferendum

130 2584 323 2632 equidem
353 2584 490 2621 fuerat
521 2583 635 2632 quod
660 2584 795 2621 vitare
822 2596 905 2621 non
934 2583 1066 2621 licuit.
1126 2583 1269 2620 Etiam
1293 2587 1422 2631 atque
1450 2583 1577 2619 etiam
1608 2594 1692 2623 oro,

131 2638 236 2675 hane
260 2651 394 2675 meam
419 2638 641 2687 epistolam
664 2651 799 2687 aequo
820 2639 963 2675 animo
984 2639 1140 2687 excipe,
1165 2637 1236 2674 vbi
1257 2638 1289 2674 si
1312 2637 1413 2686 quid
1437 2638 1520 2673 tuis
1544 2649 1691 2685 purga-

131 2694 350 2740 tiss<i1ni>³>
373 2693 592 2740 aurib<us>
616 2693 832 2740 indignum
856 2692 996 2737 fuerit,
1020 2693 1224 2730 tenuitati
1247 2691 1444 2740 ingenioli
1463 2691 1555 2733 mei,
1579 2689 1692 2739 quod
1713 2697 1754 2727 30

130 2747 268 2785 adhuc
301 2747 386 2784 stili
419 2748 558 2797 inopia
590 2747 770 2793 laborat,
804 2748 1005 2796 ignoscas
1066 2747 1260 2784 Christus
1298 2752 1339 2783 te
1371 2746 1468 2795 Opt.
1500 2745 1611 2782 Max.
1652 2746 1691 2781 in

174 2916 269 2944 2718.
295 2918 326 2943 (ι.
354 2913 544 2949 Ioannem]
578 2913 642 2943 See
675 2913 743 2952 Ep.
778 2914 873 2950 2658.
944 2912 1014 2942 had
1030 2912 1176 2941 written
1191 2915 1224 2941 at
1243 2911 1305 2940 thn
1321 2920 1419 2940 suine
1435 2909 1533 2944 time,
1550 2909 1690 2947 though

132 2959 246 2988 which
281 2963 447 2995 suggests
481 2957 556 2986 tlmt
594 2958 634 2986 A.
664 2957 875 2996 Ephorinus
945 2956 1172 2986 hisletturis
1191 2955 1273 2985 lost.
