1966 3379
242 99 317 136 118
672 98 930 137 LETTERS
961 99 1032 137 OF
1063 98 1330 138 ERAsMUs
1692 105 1814 152 [1532

239 203 454 253 impendii.
518 203 723 241 Fautores
756 204 814 253 pii
847 204 1085 242 moliuntur
1115 205 1366 243 vindictam.
1427 205 1538 244 Nam
1572 206 1814 257 Sepulueda

238 259 401 295 fatetur
423 259 462 294 in
486 259 572 309 suis
594 258 646 295 ad
671 271 736 295 me
758 258 926 303 litteris,
945 272 986 296 se
1009 272 1082 309 per
1104 259 1197 297 illos
1219 260 1349 298 fuisse
1366 261 1634 310 compulsum
1656 263 1813 301 addere

239 313 449 362 quaedam
473 312 615 349 libello
632 326 708 349 suo
725 315 938 351 atrociora
955 327 1083 363 quam
1103 314 1243 352 vellet.
1288 315 1523 352 Moliantur
1539 329 1648 365 quae
1667 317 1812 362 velint,

240 381 324 405 non
358 372 502 405 tamen
533 368 717 405 efficient
743 372 791 405 vt
824 381 889 405 mc
920 370 1046 406 sectis
1076 369 1320 419 adiungam.
1382 370 1537 420 Scripsi
1570 370 1723 417 libere;
1757 385 1810 409 an

176 435 219 465 95
239 422 305 460 hic
326 423 505 460 nuncius
527 426 668 460 certus
689 423 758 468 sit,
782 424 932 461 nescio.
994 423 1110 461 Vale.

294 488 316 525 5
339 477 406 515 dle
427 477 598 515 OCtObr'
625 486 741 525 1532.
1056 506 1260 544 Erasmus
1285 507 1383 544 Rot.
1408 511 1508 544 tuus
1529 521 1581 545 cx
1603 509 1756 546 animo.

293 575 576 613 Ornatissimo
598 577 690 614 viro
713 576 762 614 D.
790 577 938 615 Ioanni
961 576 1151 623 Cholero,
1176 579 1418 627 praeposito
1439 577 1641 616 Curiensi.

449 707 655 749 2⁷⁰¹2729.
720 708 858 749 Fnom
882 709 1012 749 Jonx
1038 709 1280 749 GENEsws
1303 708 1604 750 SEPI'LVEDA.

287 798 538 842 Sepuluedae
558 799 836 844 Epistolarum
857 799 944 832 Lib.
967 808 1000 842 7,
1027 808 1131 843 1557,
1153 800 1197 833 θ’.
1219 800 1270 833 A³
1292 806 1348 833 νο.
1513 801 1654 834 Rome.

288 847 378 892 Sep.
400 848 445 881 E.
466 860 505 893 p.
527 858 586 892 79.
1399 860 1440 891 15
1460 849 1635 883 October
1659 860 1762 893 1532.

401 926 427 952 Ι.
451 926 670 953 GENESIVS
693 926 950 952 SEPVLVEDA
974 927 1014 953 D.
1041 926 1215 953 ERASMO
1238 926 1540 954 ROTERODAMO
1562 927 1594 953 S.
1612 928 1651 954 D.

293 987 457 1025 ACCEPI
475 986 621 1024 literas
639 991 736 1024 tuas
755 986 918 1024 Romae
939 987 1070 1036 pridie
1090 987 1192 1024 Idus
1206 986 1403 1024 Octobris
1420 987 1614 1037 Friburgi
1631 988 1812 1027 decimo-

238 1046 361 1080 sexto
391 1041 601 1079 Calendas
630 1041 894 1091 Septembris
922 1041 1050 1083 data:
1083 1054 1168 1091 quo
1197 1042 1337 1079 minus
1360 1042 1555 1080 videlicet
1583 1043 1815 1081 demirarer

238 1110 380 1135 meum
403 1096 595 1134 libellum
619 1101 707 1133 tam
731 1109 823 1134 sero
852 1096 906 1134 ad
937 1100 978 1133 te
1007 1096 1137 1134 fuisse
1167 1096 1406 1146 perlatum·,
1440 1098 1481 1134 in
1511 1097 1668 1146 quibus
1697 1099 1811 1147 quod

238 1151 387 1190 scribis
418 1156 460 1189 te
491 1151 729 1189 consultius
759 1151 961 1189 arbitrari
989 1151 1044 1188 ad
1069 1165 1165 1189 cum
1200 1164 1285 1189 non
1318 1152 1588 1202 respondere,
1620 1166 1672 1189 ne
1704 1154 1814 1191 inter

201 1220 219 1249 5
238 1220 314 1245 nos
336 1206 557 1244 dissidium
581 1207 805 1248 excitetur,
830 1219 930 1256 prae
953 1210 995 1243 te
1022 1206 1106 1243 fers
1133 1207 1343 1256 egregiam
1373 1207 1591 1256 quandam
1620 1207 1811 1245 humani-

239 1266 374 1299 tatem
397 1266 441 1299 et
462 1262 729 1311 sapientiam,
753 1262 825 1310 qui
846 1261 954 1298 nolis
980 1262 1117 1298 otium
1147 1265 1343 1299 nostrum
1372 1261 1426 1299 ab
1456 1262 1610 1300 studiis
1634 1263 1811 1300 vtiliori—

239 1317 318 1354 bus
346 1320 577 1354 auocatum
607 1315 797 1353 molestis
819 1316 1168 1353 content-ionibus
1193 1317 1368 1361 conteri,
1392 1317 1635 1366 eisdemque
1662 1331 1812 1367 parum

238 1372 481 1409 fructuosis.
542 1370 658 1416 Quae
690 1371 755 1408 tui
790 1371 953 1408 consilii
987 1371 1171 1420 ingenua
1202 1371 1409 1421 professio
1440 1372 1521 1409 dici
1553 1385 1638 1409 non
1671 1377 1813 1422 potest

238 1439 367 1476 quam
403 1430 528 1476 grata
568 1425 672 1463 mihi
711 1425 843 1463 fuerit
879 1430 1009 1475 atque
1045 1426 1241 1463 iucunda.
1303 1425 1414 1472 Quid
1450 1428 1561 1464 enim
1597 1427 1701 1464 mihi
1737 1431 1813 1465 aut

180 1493 219 1514 10
237 1482 410 1531 grauius
432 1485 603 1531 poterat
620 1484 697 1518 aut
713 1480 934 1518 molestius
957 1480 1148 1518 accidere
1165 1493 1294 1530 quam
1316 1494 1365 1518 eo
1387 1481 1559 1519 detrudi
1578 1486 1625 1519 vt
1644 1495 1814 1532 cogerer

237 1549 334 1574 cum
364 1536 556 1581 Erasmo,
585 1548 711 1585 quem
740 1535 861 1573 velut
889 1537 1044 1573 aetatis
1073 1540 1243 1573 nostrae
1274 1535 1414 1573 lumen
1444 1538 1640 1586 suspicio,
1669 1537 1812 1574 simul-

238 1595 351 1629 tates
382 1591 666 1629 inuitissimus
697 1603 892 1628 exercere
908 1594 922 1628 ἱ)
982 1590 1235 1640 Quanquam
1268 1591 1390 1628 istius
1421 1593 1652 1640 aequitatis
1683 1593 1813 1629 animi

238 1647 302 1684 tui
323 1659 440 1696 spem
462 1651 623 1684 certam
646 1645 769 1683 nobis
791 1645 949 1682 fecerat
970 1658 1055 1682 non
1076 1645 1203 1683 modo
1225 1651 1449 1695 perspecta
1472 1646 1701 1696 prudentia
1724 1652 1812 1692 tua,

238 1702 357 1738 cuius
388 1714 473 1738 non
503 1705 596 1738 erat
626 1713 767 1738 meum
800 1700 981 1738 officiose
1009 1700 1172 1738 factum
1205 1701 1247 1737 in
1278 1700 1495 1738 diuersum
1527 1702 1812 1751 interpretari,

180 1766 218 1796 15
239 1756 312 1794 sed
343 1756 474 1794 etiam
505 1755 700 1805 epistola,
730 1768 815 1804 qua
844 1768 980 1805 nuper
1011 1755 1199 1792 Thomae
1229 1755 1436 1793 Caietano
1468 1755 1686 1793 Cardinali
1715 1758 1812 1793 scri-

237 1811 362 1861 psisti
379 1816 421 1848 te
439 1815 590 1861 sponte
608 1810 781 1860 quidem
800 1814 888 1855 tua,
907 1810 981 1848 sed
998 1811 1130 1860 ipsius
1152 1811 1411 1848 auctoritate
1434 1810 1751 1856 confirmatum,
1771 1812 1812 1848 in

237 1879 331 1904 eam
363 1866 634 1916 potissimum
665 1878 811 1902 curam
848 1865 1092 1902 incumbere
1123 1870 1171 1902 vt
1202 1865 1401 1902 omnibus
1434 1866 1518 1902 tuis
1550 1865 1668 1903 libris
1699 1878 1811 1903 reco-

237 1922 368 1971 gnitis
390 1921 611 1958 hominum
637 1921 768 1957 etiam
795 1932 1061 1958 morosorum
1083 1919 1135 1957 de
1157 1924 1198 1957 te
1221 1920 1497 1969 querimoniis
1524 1921 1613 1958 sine
1639 1925 1812 1958 conten-

238 1976 355 2013 tione
376 1975 656 2013 satisfaceres.

178 2041 220 2062 20
295 2030 418 2076 Quod
445 2043 552 2080 opus
574 2034 621 2068 vt
644 2043 807 2080 vrgeas,
830 2042 1091 2079 quanquam,
1115 2034 1163 2066 vt
1186 2029 1321 2075 video,
1348 2029 1571 2067 hortatore
1598 2043 1682 2067 non
1704 2043 1812 2080 eges,

239 2090 384 2123 tamen
415 2098 491 2135 pro
522 2098 617 2122 mea
647 2085 689 2122 in
721 2089 762 2122 te
794 2085 999 2134 singulari
1031 2084 1330 2122 beneuolentia
1361 2089 1404 2122 et
1434 2085 1709 2123 obseruantia
1737 2098 1814 2135 ego

239 2153 408 2189 quoque
430 2144 472 2177 te
494 2141 649 2177 iterum
672 2144 802 2189 atque
825 2140 978 2177 iterum
1001 2152 1075 2176 oro
1095 2144 1139 2176 et
1161 2139 1357 2189 precibus
1379 2140 1576 2177 omnibus
1594 2139 1810 2177 obtestor:

238 2207 324 2232 vno
345 2195 553 2244 siquidem
575 2194 691 2232 facto
710 2194 848 2242 (crede
866 2194 984 2241 mihi)
1003 2193 1221 2231 silentium
1237 2195 1429 2243 impones
1447 2194 1813 2233 obtrectatoribus

239 2251 325 2287 tuis
358 2254 401 2287 et
436 2262 461 2287 a
495 2249 619 2286 bonis
651 2249 851 2286 omnibus
887 2248 1097 2299 egregiam
1130 2248 1300 2286 laudem
1333 2250 1569 2298 assequeris
1604 2254 1660 2295 et,
1697 2249 1813 2299 quod

179 2314 218 2344 25
240 2305 425 2342 maxime
442 2305 643 2342 conuenit
661 2309 761 2342 tuae
777 2305 941 2354 pietati,
960 2303 1120 2341 firmior
1136 2304 1224 2353 ipse
1247 2304 1369 2341 iuxta
1394 2303 1513 2341 Pauli
1536 2308 1813 2354 praeceptum

239 2359 519 2397 infirmiorum
542 2359 859 2396 imbecillitates
881 2358 1123 2395 sustinebis.

294 2413 417 2460 Quod
439 2427 539 2451 vero
561 2415 748 2464 pertinet
770 2414 823 2451 ad
847 2412 1045 2451 Stunicae
1071 2413 1386 2457 annotationes,
1416 2414 1497 2450 iam
1525 2413 1673 2450 Inachi
1697 2413 1810 2451 Men-

238 2469 369 2506 dozae
402 2468 640 2506 Cardinalis
674 2469 793 2506 iussu
823 2468 1046 2517 decerptas
1081 2480 1228 2505 omnes
1262 2474 1303 2504 et
1337 2468 1416 2504 tibi
1447 2469 1598 2505 missas
1629 2468 1684 2505 ad
1715 2472 1813 2506 tuas

238 2536 390 2561 manus
425 2524 667 2573 peruenisse
698 2528 816 2573 puto.
877 2522 988 2560 Huic
1023 2523 1148 2567 enim,
1186 2535 1280 2559 cum
1318 2522 1502 2559 Romam
1533 2523 1811 2572 peruenisset,

178 2587 219 2617 30
239 2579 427 2628 ipsarum
450 2579 778 2615 commentarios
804 2582 972 2615 retento
998 2577 1194 2626 exemplo
1219 2577 1399 2614 tradidit
1424 2577 1687 2626 Quignonius
1715 2577 1810 2615 Car-

238 2633 393 2670 dinalis
410 2645 506 2670 cum
525 2633 702 2670 caeteris
721 2632 885 2669 Latinis
903 2631 1025 2669 libris
1038 2631 1172 2669 eidem
1187 2631 1241 2668 ab
1259 2630 1437 2669 Stunica
1453 2631 1615 2681 legatis.
1658 2631 1812 2681 Itaque

237 2687 406 2737 praesul
424 2688 612 2737 optimus
634 2691 677 2724 et
700 2688 763 2724 tui
784 2686 1040 2736 percupidus
1062 2698 1155 2723 meo
1178 2686 1313 2723 labori
1336 2686 1562 2731 consuluit,
1581 2699 1708 2736 quem
1724 2686 1812 2736 ipse

238 2746 396 2787 tamen,
420 2747 467 2779 vt
490 2743 570 2779 tibi
592 2752 753 2779 morem
775 2754 974 2791 gererem,
997 2753 1202 2790 perquam
1225 2740 1375 2778 lubens
1397 2740 1607 2778 obiissem.

283 2825 378 2854 2728.
404 2833 458 2863 93.
485 2824 599 2854 velint
617 2823 664 2854 O:
691 2823 800 2854 velim
819 2836 850 2854 α.
1019 2824 1072 2860 98.
1100 2822 1345 2853 Ornatissimo
1365 2847 1371 2852 .
1393 2847 1398 2853 .
1420 2847 1426 2853 .
1446 2822 1610 2853 Curiensi
1627 2823 1707 2853 add.
1727 2822 1765 2852 O.

283 2912 379 2942 2728.
405 2921 458 2949 92.
486 2911 633 2950 litteris]
651 2911 722 2951 Ep.
742 2912 837 2950 2637.
856 2913 973 2950 13—16.
1103 2919 1155 2949 27.
1183 2910 1325 2948 Inachi]
1345 2909 1410 2940 See
1427 2910 1496 2951 Ep.
1516 2919 1612 2950 2705.

283 2955 380 2986 2729.
410 2964 458 2994 15.
485 2955 657 2996 epistola]
676 2955 746 2995 Ep.
766 2958 862 2992 2690.
