1966 3379
150 97 272 146 2936]
634 95 793 134 FROM
823 95 976 134 JOHN
1006 94 1238 133 CHOLER
1645 98 1724 135 387

147 202 193 232 he
219 202 285 232 has
312 211 393 232 now
414 200 566 232 decided
588 204 628 232 to
648 201 737 232 send
759 201 808 232 all
833 201 937 231 three
960 200 1090 231 letters
1110 200 1160 240 by
1181 200 1370 231 Erasmus'
1395 201 1603 233 tabellarius
1629 202 1724 242 (pre-

148 245 319 286 sumably
335 256 357 276 a
373 245 546 276 different
562 245 771 276 tabellarius
788 244 883 276 from
900 244 985 275 that
1002 244 1040 275 of
1056 244 1127 284 Ep.
1147 244 1275 284 2937).]

857 331 890 358 S.
910 331 946 357 P.
966 331 1007 357 D.

203 392 291 430 DIV
318 396 384 430 est
414 392 530 441 quod
557 391 660 429 mihi
687 404 773 429 non
802 391 923 428 licuit
951 390 1187 440 quidquam
1216 390 1271 428 ad
1298 394 1340 428 te
1366 391 1560 436 scribere,
1585 405 1719 442 quum

149 447 339 497 podagra
383 447 661 496 chiragraque
706 445 1004 491 laborauerim,
1047 449 1141 483 tum
1181 446 1313 483 etiam
1353 446 1469 495 quod
1509 448 1721 485 neminem

148 502 318 539 interim
354 506 507 539 nactus
542 502 620 538 sim
654 501 721 538 cui
756 513 826 537 eas
866 504 966 538 tuto
1005 500 1219 549 potuerim
1261 500 1315 537 ad
1356 505 1399 537 te
1440 501 1721 547 committere,

147 557 331 594 maxime
359 556 474 605 quod
503 556 864 605 Paumgartnerus
886 554 1048 592 diutius
1069 555 1223 592 absens
1244 554 1398 599 fuerit;
1431 556 1497 592 cui
1529 555 1642 593 soleo
1675 561 1721 594 vt

146 610 379 660 plurimum
397 623 512 648 meas
528 610 583 648 ad
604 614 647 647 te
664 609 915 648 concredere
933 609 1114 655 litteras,
1133 621 1266 659 quum
1283 609 1529 658 frequentes
1545 612 1723 649 nuncios
1743 628 1761 658 5

145 669 191 703 et
212 669 384 715 paratos
406 677 570 715 semper
591 664 760 702 habeat.

202 718 427 757 Caeterum
463 719 579 769 quod
610 719 666 757 ad
700 719 916 769 proximas
948 722 1047 756 tuas
1079 731 1185 768 quas
1224 718 1359 768 pridie
1396 719 1526 756 Pasce
1562 719 1615 757 ad
1656 733 1723 758 me

147 774 303 812 dedisti
331 774 497 812 litteras
523 775 723 824 pertinet,
749 773 951 823 conqueri
979 773 1095 810 visus
1122 786 1179 819 eS,
1206 773 1322 822 quod
1353 773 1433 811 tibi
1461 775 1722 813 sentenciam

147 841 286 866 meam
315 829 366 866 de
392 829 464 867 illa
491 828 674 879 epistola
698 841 784 877 qua
812 828 1199 877 Paumgartnerum
1228 828 1378 865 laudas
1405 828 1598 866 nondum
1627 842 1720 879 pro-

147 883 331 929 tulerim,
355 884 460 921 certi
481 883 587 921 nihil
609 883 725 920 aliud
746 883 831 920 fuit
852 883 895 920 in
917 895 1045 920 causa
1066 895 1195 932 quam
1225 883 1340 932 quod
1369 883 1578 921 voluerim
1606 885 1722 934 prius
1745 903 1784 924 10

146 938 337 976 animum
359 939 491 988 ipsius
512 938 837 987 Paumgartneri
861 937 1094 987 explorare,
1117 942 1330 986 quantum
1357 938 1437 988 ipsi
1465 938 1722 988 probaretur

147 993 339 1030 studium
362 997 499 1039 tuum,
521 996 565 1030 et
592 992 690 1029 inde
719 992 799 1029 tibi
827 992 1030 1029 iudicium
1058 1004 1201 1029 meum
1233 992 1434 1042 proferre.
1495 991 1576 1031 Sed
1606 994 1721 1043 quod

146 1047 250 1084 mihi
272 1060 356 1086 non
378 1047 544 1085 licuerit
572 1047 787 1085 hominem
815 1047 1042 1084 conuenire
1070 1046 1221 1092 solum,
1247 1051 1291 1084 et
1319 1048 1352 1084 is
1383 1047 1543 1097 alioqui
1574 1049 1630 1086 sit
1661 1049 1719 1086 in-

146 1103 269 1151 genio
297 1103 591 1140 versutissimo
618 1101 815 1151 idemque
842 1101 1068 1139 simulator
1097 1107 1141 1139 et
1171 1101 1464 1140 dissimulator
1494 1104 1719 1149 maximus,

146 1158 251 1194 certi
272 1157 377 1194 nihil
398 1170 448 1194 ex
471 1169 520 1194 eo
541 1157 662 1207 potui
682 1156 916 1206 explorare.
976 1154 1058 1194 Sed
1081 1156 1197 1205 quod
1218 1157 1273 1194 ad
1295 1169 1362 1194 me
1384 1158 1584 1206 pertinet,
1609 1158 1721 1196 illius
1744 1177 1781 1206 15

146 1211 352 1261 epistolae
388 1215 688 1261 argumentum
722 1211 826 1248 mihi
860 1210 985 1261 plane
1018 1211 1241 1261 probatur,
1273 1211 1378 1249 nihil
1411 1212 1523 1249 enim
1560 1217 1718 1262 preter-

145 1267 320 1304 missum
347 1266 471 1315 ab<s>
496 1270 540 1304 te
564 1269 631 1304 est
655 1265 771 1315 quod
796 1265 851 1304 ad
878 1265 1210 1316 amplitudinem
1238 1265 1579 1316 dignitatemque
1609 1267 1721 1306 illius

144 1322 370 1370 pertineat.
431 1320 512 1359 Sed
547 1333 694 1358 vereor
729 1333 781 1358 ne
815 1320 953 1358 alieno
986 1320 1078 1358 loco
1110 1320 1305 1370 frigidius
1337 1321 1555 1371 prolatum
1586 1323 1720 1360 videri

145 1376 292 1425 possit.
340 1375 451 1421 Quid
472 1377 583 1413 enim
606 1375 818 1413 referebat
840 1375 919 1412 hoc
941 1379 1242 1425 argumentum
1264 1376 1381 1426 apud
1404 1376 1646 1427 Hispanum
1668 1378 1720 1416 de

145 1430 317 1468 homine
352 1429 563 1468 Germano
602 1443 775 1480 prorsus
815 1431 961 1480 ignoto
1002 1434 1203 1476 tractare,
1239 1443 1335 1468 cum
1371 1431 1415 1468 id
1454 1432 1720 1470 commodius
1741 1451 1781 1471 20

145 1485 260 1535 apud
292 1485 398 1523 alios
430 1485 568 1523 facere
601 1486 803 1535 potueris,
834 1489 911 1522 aut
947 1489 1059 1523 certe
1092 1486 1136 1522 in
1168 1485 1346 1523 alicuius
1379 1489 1719 1536 nuncupatoriae

143 1539 348 1589 epistolae
377 1543 659 1590 argumento?
718 1539 837 1577 Licet
864 1539 968 1577 mihi
996 1552 1247 1589 persuasum
1270 1541 1327 1578 sit
1348 1545 1390 1578 te
1413 1540 1491 1579 hoc
1513 1542 1601 1579 sine
1622 1555 1717 1580 con-

145 1594 238 1632 silio
267 1607 351 1632 non
380 1594 526 1632 fecisse
549 1595 684 1643 (cuius
711 1599 857 1632 tamen
885 1595 1095 1632 rationem
1127 1608 1203 1645 ego
1232 1595 1372 1633 adhuc
1401 1596 1719 1646 deprehendere

143 1662 228 1687 non
249 1651 402 1699 potui),
419 1663 471 1687 ex
493 1654 536 1687 te
556 1662 632 1699 ego
653 1649 825 1687 mallem
846 1649 1082 1700 intelligere
1103 1663 1189 1699 qua
1209 1651 1373 1688 ratione
1390 1651 1547 1688 ductus
1565 1652 1717 1690 Paum-

142 1708 390 1754 gartnerum
412 1704 527 1754 apud
549 1704 790 1755 Hispanum
812 1704 987 1742 laudare
1013 1705 1158 1754 potius
1179 1717 1309 1755 quam
1331 1706 1447 1755 apud
1474 1710 1718 1745 nostratum
1740 1725 1779 1754 25

142 1758 328 1808 aliquem
351 1759 546 1797 volueris.

198 1813 418 1859 Quantum
446 1814 501 1851 ad
528 1814 737 1864 egregiam
764 1813 880 1851 illam
906 1813 1084 1852 Lutheri
1105 1814 1332 1864 epistolam
1355 1819 1536 1866 spectat,
1560 1816 1612 1854 de
1633 1829 1719 1866 qua

142 1869 347 1918 proximis
365 1869 450 1906 tuis
468 1869 705 1919 scripseras,
724 1881 818 1906 eam
836 1882 912 1918 ego
929 1869 1105 1907 tandem
1123 1874 1361 1908 assecutam
1387 1870 1556 1920 perlegi.
1605 1871 1717 1910 Proh

142 1924 295 1973 superi,
313 1923 417 1960 nihil
434 1936 624 1973 vnquam
646 1924 689 1961 in
710 1924 801 1962 vita
823 1924 910 1961 vidi
932 1924 1244 1962 amarulentius
1261 1928 1337 1962 aut
1354 1926 1552 1963 insanum
1570 1927 1715 1976 magis.

142 1977 254 2023 Quid
285 1982 461 2016 acturus
494 1979 549 2016 sis
585 1978 710 2028 plane
744 1991 809 2016 me
843 1978 964 2024 latet,
999 1992 1075 2029 ego
1109 1983 1265 2025 tamen,
1302 1984 1515 2029 quantum
1549 1981 1718 2019 diutina
1738 1996 1779 2027 30

141 2032 446 2070 deliberatione
467 2037 511 2070 et
532 2033 705 2071 consilio
724 2046 938 2083 assequor,
957 2033 1065 2071 hanc
1083 2037 1173 2072 tam
1191 2035 1395 2084 insignem
1413 2036 1717 2074 contumeliam

142 2087 221 2124 tibi
252 2087 604 2125 dissimulandam
635 2100 724 2126 esse
754 2101 839 2126 non
870 2092 989 2138 puto.
1051 2089 1207 2139 Magna
1237 2102 1302 2127 res
1336 2094 1413 2135 est,
1446 2090 1550 2128 mihi
1580 2091 1715 2136 crede,

141 2141 328 2187 Erasme,
350 2146 394 2180 et
416 2142 537 2192 longe
563 2144 698 2180 maior
722 2155 851 2192 quam
879 2144 1117 2181 existimari
1148 2145 1296 2194 possit.
1357 2144 1467 2182 Nam
1497 2146 1602 2183 satis
1631 2159 1716 2183 non

141 2200 207 2234 est
234 2196 349 2246 quod
380 2197 667 2246 indignissime
695 2198 893 2235 omnibus
924 2198 1090 2248 probris
1118 2199 1174 2236 sis
1200 2199 1394 2244 affectus,
1417 2199 1540 2237 addit
1562 2201 1626 2237 vir
1648 2200 1716 2238 ille

139 2252 328 2301 egregius
361 2255 404 2289 et
437 2252 585 2289 vnicus
613 2251 879 2290 Christianae
912 2253 1125 2303 religionis
1160 2258 1437 2300 restaurator,
1471 2259 1515 2292 et
1547 2255 1717 2305 insuper
1737 2269 1776 2300 35

139 2305 366 2355 pollicetur
398 2319 439 2343 se
475 2307 637 2344 mundo
672 2308 872 2345 vniuerso
909 2307 1171 2354 relicturum,
1208 2308 1259 2346 de
1295 2309 1476 2347 Erasmo
1512 2310 1715 2348 iudicium

139 2373 275 2399 suum.
327 2361 431 2398 Vide
453 2361 556 2410 quid
577 2361 632 2399 ab
654 2361 732 2399 hoc
756 2362 926 2400 homine
948 2362 1027 2400 tibi
1049 2364 1104 2400 sit
1125 2364 1477 2413 exspectandum.
1530 2364 1616 2402 Res
1638 2365 1715 2402 tibi

138 2415 222 2452 iam
256 2428 339 2453 non
375 2416 457 2452 crit
490 2428 585 2453 cum
619 2416 821 2459 cucullisz
865 2430 975 2466 quae
1008 2419 1041 2454 si
1073 2422 1198 2459 esset,
1240 2423 1481 2468 praestaret
1520 2419 1715 2457 fortassis

139 2482 310 2519 prorsus
334 2470 554 2520 negligere.
600 2470 655 2508 At
680 2472 711 2508 si
736 2471 843 2509 hanc
867 2473 1064 2510 iniuriam
1086 2486 1111 2510 a
1134 2473 1212 2511 tali
1234 2473 1404 2511 homine
1426 2474 1591 2511 illatam
1611 2474 1715 2511 velis

137 2524 420 2570 dissimulare,
443 2538 590 2562 vereor
611 2538 662 2563 ne
683 2527 856 2575 grauius
878 2527 1040 2576 aliquid
1066 2527 1146 2565 tibi
1171 2529 1406 2578 contingat,
1429 2533 1472 2566 et
1497 2541 1574 2566 nos
1599 2529 1713 2578 quod
1735 2545 1776 2574 40

139 2579 323 2616 nolimus
345 2592 546 2627 cogamur
569 2580 620 2617 de
643 2584 684 2618 te
706 2581 864 2619 audire.
911 2581 1005 2619 Scio
1023 2586 1187 2631 quanta
1202 2584 1470 2632 exspectatio
1492 2583 1543 2620 de
1565 2588 1607 2620 tc
1631 2585 1713 2621 iam

138 2634 194 2671 sit
224 2635 458 2672 amicorum
491 2639 675 2680 tuorum,
704 2637 955 2685 praesertim
988 2637 1054 2674 hic
1086 2637 1330 2687 Augustae:
1365 2639 1437 2687 qui
1469 2638 1715 2687 frequenter

688 2743 737 2771 19.
765 2735 850 2765 EE:
877 2735 1060 2767 reserabat
1081 2736 1162 2767 MS.

182 2821 211 2851 7.
239 2814 440 2852 proximas]
483 2814 557 2845 Not
595 2820 741 2851 extant,
778 2817 890 2848 dated
959 2820 1107 2855 extant)
1134 2819 1227 2849 from
1256 2819 1396 2850 Choler.
1424 2819 1535 2849 dated
1566 2829 1603 2849 10
1627 2819 1713 2850 Jan.

137 2866 155 2895 4
174 2857 290 2896 April.
340 2858 527 2888 Erasmus’
547 2859 617 2889 last
636 2864 768 2891 extant
783 2860 893 2891 letter
961 2863 1034 2892 and
1057 2872 1066 2892 1
1093 2863 1177 2892 Feb.

137 2900 223 2940 (Ep.
258 2903 358 2937 2906)
392 2902 420 2931 is
452 2902 564 2933 dated
606 2913 643 2936 μ)
673 2904 782 2937 l⁴‘eb.;
818 2905 892 2935 this
1005 2916 1036 2943 9.
1063 2907 1235 2946 epistola]
1256 2907 1324 2946 Ep.
1346 2908 1442 2944 2870.

137 2954 210 2974 was
241 2945 275 2974 in
305 2955 446 2976 answor
478 2950 518 2977 to
550 2950 624 2977 two
653 2947 782 2978 letters
811 2949 892 2986 (not
1009 2959 1057 2987 19.
1086 2950 1311 2991 Hispanum]
1329 2950 1428 2981 „John
1449 2950 1619 2989 Vcrgnra.
