1966 3379
196 637 237 659 00

175 1183 233 1203 100

173 1457 230 1486 105

170 1732 229 1753 110

168 2022 225 2051 115

258 132 309 169 96
688 128 944 167 LETTERS
975 128 1046 165 oF
1075 126 1342 166 ERASMUS
1707 131 1828 178 [1532

259 234 468 284 pudendis
496 234 595 271 cleri
626 234 809 282 flagitiis.
872 233 1125 281 Intelligunt
1155 246 1197 269 se
1227 245 1367 269 errare
1396 232 1611 275 homines;
1643 233 1716 270 sed
1744 245 1828 282 quo

258 294 371 333 eant,
395 302 479 338 qua
507 289 681 325 redeant
704 302 787 325 nou
818 288 1077 334 intelligunt.
1139 287 1235 324 Non
1263 287 1375 324 enim
1405 287 1528 324 facile
1557 289 1618 324 ita
1647 288 1826 336 posthac

259 344 382 381 fidem
408 344 627 380 habebunt
650 344 785 380 cuiuis
815 356 957 380 recens
986 343 1193 379 exorienti
1220 341 1464 391 prophetae,
1489 346 1533 379 vt
1559 355 1705 378 sumus
1727 342 1825 379 Ger-

258 400 372 435 mani
396 398 646 447 Epimetliei.
698 398 790 443 Quo
813 399 945 443 mag-ris
968 402 1066 434 tuae
1083 398 1161 433 erit
1182 392 1316 445 partis
1334 402 1381 433 vt
1399 397 1525 433 rebus
1542 397 1594 433 ad
1613 410 1826 434 summum

258 453 425 490 afflictis
441 466 513 502 per
530 453 663 489 Deum
680 453 929 490 adiumento
941 453 996 488 sis
1010 456 1065 491 et,
1081 451 1194 500 quod
1211 450 1325 490 facis,
1343 464 1576 488 succurras,
1635 451 1825 489 Exhauri

259 508 436 551 labores,
466 509 659 544 sanctiss.
684 507 879 556 precibus
908 507 1028 544 tlecte
1057 507 1186 543 Deum
1218 507 1385 542 iratum.
1447 506 1826 555 Disputationibus

257 563 429 600 decerta
450 575 545 599 cum
569 562 957 599 Antccclesiastieis
981 562 1139 611 pariter
1160 565 1203 597 et
1233 560 1509 609 Mataeologis
1532 562 1629 598 tuis.
1668 560 1824 598 Horta-

258 617 372 654 tibus
383 617 540 654 crebris
554 617 762 654 extimula
779 629 900 653 mona
911 617 1030 653 relias
1044 616 1097 652 ad
1114 616 1171 652 rei
1187 616 1397 652 maximae
1412 615 1824 664 (musy-demtionem,

258 673 521 719 ingeminans
558 672 660 709 illud
693 673 955 708 socraticum
987 670 1208 719 φρόντισον.
1268 670 1462 707 Consiliis
1494 671 1605 713 iuua⁷
1639 671 1826 707 rationes

258 740 457 776 propone,
481 726 667 767 obsecra,
691 727 921 768 obtestare,
951 726 1070 765 suda,
1102 730 1145 762 vt
1174 725 1343 762 (fhristo
1371 738 1446 761 suo
1474 725 1651 773 dignior,
1683 725 1824 773 quoad

256 782 343 818 fieri
366 786 521 831 potest,
545 782 751 819 reddatur
778 781 976 818 ecclesia:
1010 781 1128 817 cuius
1155 793 1266 817 nune
1297 779 1439 827 religio
1469 792 1688 828 moresque
1717 780 1822 816 eius-

257 837 371 873 modi
394 841 494 874 sunt
521 842 563 874 vt
590 838 679 886 pios
703 836 851 873 horum
876 835 990 884 apud
1012 835 1202 872 infideles
1228 836 1516 883 maximopere
1539 834 1711 883 pudeat.

312 891 377 928 Me
400 892 624 935 infelicem,
648 892 717 940 qui
743 903 962 938 nunquam
987 903 1070 927 non
1089 891 1252 926 crucior
1270 891 1311 926 in
1329 890 1473 926 animo
1490 902 1583 926 meo
1599 889 1653 925 ob
1671 889 1823 926 domus

255 950 385 995 atque
407 947 555 996 templi
580 946 703 983 liuius
726 946 802 982 Dei
825 945 921 994 Opt.
943 945 1055 982 Max.
1080 945 1270 982 maculas
1292 944 1651 994 probrosissimas
1712 944 1822 981 Eum

255 1002 491 1038 cruciatum
516 1006 671 1049 augent
698 1001 735 1043 ii,
755 1001 825 1048 qui
851 1013 926 1049 pro
944 1000 1103 1037 talibus
1122 999 1298 1036 maculis
1316 999 1542 1036 aduersum
1562 1003 1603 1035 te
1621 998 1823 1036 dimicare

256 1069 338 1093 non
354 1060 570 1093 verentur.
602 1055 734 1104 Magis
752 1060 897 1092 tamen
914 1059 1085 1103 torquet
1105 1054 1348 1091 schismatis
1366 1054 1575 1103 impietas,
1594 1054 1660 1090 cui
1679 1055 1823 1102 paucis

253 1115 353 1147 ante
370 1112 492 1147 annis
512 1111 599 1160 ipse
617 1123 786 1159 quoque
805 1110 1018 1146 mordicus
1036 1109 1219 1146 adhaesi.
1264 1108 1313 1146 In
1332 1109 1478 1158 primis
1497 1121 1608 1147 vero,
1627 1120 1733 1156 quos
1751 1121 1821 1145 ore

253 1170 375 1214 potes
396 1170 439 1202 et
461 1178 568 1214 quos
590 1165 782 1214 epistolis
805 1164 998 1201 sollicitis
1019 1164 1200 1201 accende
1218 1169 1263 1200 vt
1284 1163 1333 1200 de
1357 1164 1623 1200 oecomenico
1645 1163 1823 1200 coneilio

255 1233 336 1257 non
373 1220 508 1257 solum
546 1221 735 1269 cogitent
771 1220 1052 1256 verumetiam
1088 1219 1167 1256 1100
1200 1220 1336 1268 ipsum
1370 1223 1535 1254 mature
1571 1223 1820 1256 conuocent.

256 1275 423 1311 Etenim
453 1275 530 1311 1100
559 1275 729 1311 (1011111111
760 1274 945 1311 remedio
972 1273 1147 1311 dissidia
1176 1274 1301 1310 citius
1333 1273 1426 1309 tolli
1457 1276 1662 1321 poterunt
1693 1285 1820 1321 quam

252 1331 539 1367 conuitiorum
562 1329 658 1366 felle
680 1342 764 1378 quo
785 1342 896 1366 nunc
919 1329 1060 1365 onmia
1077 1328 1256 1365 seruent.
1309 1328 1402 1364 Heu
1426 1328 1663 1364 animarum
1688 1328 1819 1364 iaetu·

252 1397 341 1421 ram
385 1384 703 1433 irreparabilem
746 1385 787 1420 in
831 1385 922 1421 istis
963 1383 1321 1420 dissensionibus?
1396 1383 1489 1419 Heu
1530 1382 1818 1419 calamitatem

254 1439 486 1486 Religionis
514 1439 757 1476 infandaml
792 1439 885 1475 Heu
915 1438 1074 1475 diaboli
1103 1438 1288 1476 delicias.
1313 1437 1567 1474 Iudaeorum
1592 1436 1821 1473 cachinnos

250 1498 293 1531 et
316 1494 548 1531 Turcarum
568 1494 765 1543 plausus!
801 1494 900 1531 Mali
917 1493 1042 1530 huius
1061 1506 1144 1530 11011
1163 1492 1419 1530 aestimandi
1437 1492 1561 1541 eulpa
1581 1492 1620 1528 in
1636 1492 1819 1528 ceruices

251 1553 416 1586 vestras
438 1549 733 1588 transferetur,
756 1549 983 1592 columina,
1001 1549 1072 1597 qui
1091 1548 1303 1597 potuistis,
1322 1560 1396 1584 nec
1414 1546 1586 1591 fecistis,
1605 1550 1653 1583 vt
1670 1546 1821 1583 melius

250 1603 423 1640 haberet
455 1617 610 1653 sponsa
637 1603 808 1641 Christi.
869 1603 948 1640 Sed
976 1604 1146 1652 ineptus
1169 1604 1259 1642 sim.
1287 1603 1321 1639 si
1349 1602 1463 1651 apud
1486 1606 1527 1638 10
1550 1601 1675 1637 liuius
1697 1614 1819 1638 casus

249 1658 439 1702 defleam,
457 1663 606 1708 vtpote
623 1660 663 1695 in
679 1658 834 1706 quibus
849 1658 1052 1695 deflendis
1069 1659 1154 1706 ipse
1170 1657 1324 1705 vbique
1340 1656 1502 1693 multus
1517 1669 1571 1693 es.
1610 1656 1819 1693 Dominus

250 1718 291 1750 te
313 1713 384 1749 diu
408 1718 549 1750 seruet
570 1713 623 1750 ad
646 1713 918 1762 Apostolieae
939 1712 1137 1749 ecclesiae
1160 1712 1406 1748 vtilitatcm.
1468 1710 1582 1748 Vale.

305 1768 689 1817 Francopliordiae.
751 1768 897 1805 Natali
921 1768 1090 1805 Mariae.
1115 1767 1239 1804 Anno
1262 1777 1500 1804 M.D.XXX11.

708 1822 912 1869 Georgius
936 1822 1160 1866 Vuicelius‚
1184 1821 1465 1870 discip<ulus>
1487 1825 1527 1858 et
1552 1821 1760 1867 seffuus).

303 1893 403 1931 Viro
443 1893 767 1943 incomparabili
811 1894 860 1931 D,
904 1894 1083 1931 Erasmo
1120 1893 1421 1933 Roterodamo,
1464 1891 1728 1941 praeceptori
1768 1903 1816 1927 ae

247 1948 420 1986 domino
441 1962 518 1986 suo
540 1962 704 1998 semper
726 1948 976 1986 honorando
998 1952 1127 1997 atque
1156 1947 1352 1984 amando.
1413 1946 1537 1996 Apud
1562 1946 1815 1995 Friliurgum

248 2003 473 2053 Brisgoiae.

547 2118 752 2157 2‘5322716.
818 2118 956 2157 FRoM
980 2117 1180 2157 mers
1204 2117 1498 2157 ZUICHEMUS.

298 2192 411 2224 VZE.
433 2202 490 2234 33.
1488 2190 1640 2223 Padua.

1359 2241 1378 2273 S
1400 2239 1636 2284 September
1659 2248 1762 2280 1532.

299 2307 434 2344 NIHIL
465 2312 537 2344 tua
569 2308 901 2356 comparatione,
938 2307 1112 2344 Erasme
1144 2307 1398 2346 doctissime,
1431 2304 1700 2342 verisimilius
1731 2305 1813 2342 dici

244 2363 397 2410 potuit.
458 2362 575 2399 Adeo
604 2362 779 2411 pulchre
808 2363 951 2399 omnia
980 2363 1083 2404 istis,
1112 2363 1184 2410 qui
1213 2374 1424 2399 summum
1455 2361 1612 2397 bonum
1642 2361 1683 2396 in
1712 2359 1810 2396 Tul-

244 2416 381 2453 lianae
403 2417 599 2453 dictionis
622 2418 859 2454 imitatione
881 2416 1157 2457 collocarunt,
1181 2429 1274 2454 cum
1297 2416 1673 2452 Franciseanorum
1696 2418 1811 2451 secta

243 2472 517 2508 conueniunt.
570 2472 757 2509 Tantum
788 2476 921 2509 restat
945 2476 989 2508 vt
1020 2476 1061 2509 et
1093 2471 1241 2508 habitu
1271 2471 1415 2519 aliquo
1442 2470 1497 2507 ab
1526 2472 1692 2507 caetero
1721 2473 1808 2505 stu-

244 2525 458 2562 diosorum
502 2526 658 2576 populo
699 2527 1029 2573 distinguantur.
1099 2526 1261 2563 Animis
1301 2539 1399 2562 sane
1440 2525 1711 2572 moribusque
1752 2524 1809 2561 sic

243 2581 528 2622 consentiunt,
563 2586 610 2618 vt
647 2581 761 2618 nulla
799 2582 959 2630 possint
994 2580 1191 2629 religione
1222 2581 1381 2617 arctius
1412 2579 1627 2616 deuineiri,
1687 2578 1809 2623 Quod

242 2635 436 2683 equidem
460 2637 616 2673 certius
639 2637 755 2685 coepi
778 2635 1024 2683 intelligere,
1048 2636 1119 2672 vbi
1142 2635 1219 2672 sub
1242 2635 1427 2684 quadam
1455 2633 1808 2671 reconciliationis

243 2690 378 2737 speeie
410 2689 612 2727 molestae
641 2690 807 2728 illorum
840 2691 880 2727 in
912 2691 1063 2728 studiis
1094 2690 1385 2739 superstitioni
1417 2694 1561 2738 aperte
1591 2691 1634 2724 et
1664 2687 1806 2736 palam

242 2743 458 2780 aduersari
480 2744 595 2781 desii.
658 2745 748 2782 Hoc
776 2750 918 2782 tamen
945 2758 996 2782 ne
1022 2758 1132 2782 1111110
1161 2745 1333 2793 quidem
1361 2744 1563 2793 permitto
1591 2742 1717 2791 Logo,
1742 2741 1807 2778 vel

287 2816 381 2844 2715.
410 2817 461 2853 84.
490 2816 570 2846 Non
590 2817 685 2846 enim
709 2817 798 2847 ll'E:
828 2817 954 2857 Neque
973 2818 1069 2846 enim
1088 2816 1170 2846 MS.
1237 2825 1290 2854 95.
1317 2816 1454 2846 crucier
1476 2815 1557 2844 WE.
1624 2823 1694 2843 101.
1722 2823 1804 2843 eon-

242 2864 372 2888 uoeent
392 2859 482 2888 WE:
509 2866 743 2900 exequantur
760 2860 839 2890 MS.
988 2864 1058 2890 100.
1087 2861 1216 2890 Malius
1234 2859 1315 2890 MS.
1448 2868 1518 2888 112.
1545 2858 1721 2898 Georgius
1741 2882 1747 2887 .
1769 2881 1775 2886 .
1797 2881 1802 2886 .

247 2911 316 2939 115.
345 2903 529 2942 Brisgoiae
547 2916 612 2934 nm.
638 2904 719 2934 WE.

285 2991 379 3021 2716.
406 3000 437 3027 9.
465 2991 576 3028 Logo]
604 2992 667 3022 See
693 2992 761 3032 Ep.
787 2994 880 3030 2508.
912 3001 986 3030 1511.
1058 2992 1113 3023 011
1139 3001 1177 3023 22
1203 2993 1294 3032 Aug.
1323 3000 1402 3031 1534
1428 2991 1602 3021 Erasmus
1622 2990 1743 3020 writes
1765 2992 1804 3019 to
