1966 3379
211 762 228 791 5

192 1037 229 1057 10

191 2274 230 2295 10

709 115 963 153 LETTERS
995 115 1064 153 OF
1095 115 1360 154 ERASMUS
1691 119 1811 165 [1533

551 226 739 276 27642763

304 312 417 345 l3asle
437 312 517 345 MS.
539 312 579 345 (¹.
604 312 690 344 vla.
714 322 770 356 54.
795 322 863 355 230
884 318 938 345 v‘).

804 222 938 262 Faon
966 222 1207 262 Bos-lmen
1230 223 1513 263 AMERBACH.

1436 313 1609 351 ‘'Basle.)

1273 372 1323 394 «c.
1347 372 1386 403 13
1410 362 1614 405 February
1638 368 1762 404 1533.)

293 429 364 465 [An
388 428 594 467 autograph
620 427 874 467 rougli-drast:
904 429 1051 459 written
1073 438 1118 458 on
1146 428 1208 458 tlie
1232 438 1331 458 smne
1358 438 1448 468 page
1473 439 1512 458 us
1538 428 1605 468 Ep.

248 472 469 511 apparently
486 482 531 501 an
550 471 678 501 earlier
695 472 838 502 version
856 472 893 502 of
911 472 979 511 Ep.
1000 472 1111 511 2765]

1627 430 1721 467 2769,
1740 428 1812 458 and

304 532 342 568 S.
368 531 411 568 P.
471 530 575 567 Cum
604 544 736 580 nuper
764 530 911 568 Gallus
939 531 1113 580 quidam
1143 531 1244 568 mihi
1275 531 1514 568 litterarum
1544 531 1731 568 Sadoleti
1760 531 1812 568 ad

250 590 291 623 te
313 586 555 634 exemplum
579 586 746 623 credere
777 586 922 623 nolens
952 587 1058 623 istuc
1086 586 1434 635 proficisceretur,
1458 586 1659 623 admonui
1691 591 1732 623 te
1762 599 1812 623 ne

249 640 349 689 quid
372 641 407 677 ei
431 653 697 677 numerares:
733 640 773 677 id
796 641 909 690 quod
932 645 973 677 te
1003 641 1149 677 fecisse
1171 640 1380 683 arbitror:
1413 653 1509 677 nam
1540 641 1593 678 ad
1624 653 1699 677 nos
1728 653 1812 677 non

249 695 385 732 rediit.

303 749 550 787 Adieceram
575 755 794 799 praeterea
817 750 1078 799 Heruagium
1102 762 1213 787 nunc
1237 751 1276 787 in
1300 750 1495 787 manibus
1519 750 1671 787 habere
1701 748 1811 786 Cice-

249 805 361 841 ronis
393 804 623 847 volumina,
650 818 830 853 quorum
863 806 902 841 in
936 810 1074 842 tomos
1105 805 1383 841 secandorum
1418 818 1576 854 proque
1605 805 1813 853 dignitate

247 859 593 896 excudendorum
618 872 745 908 quam
769 864 816 896 tu
839 859 1224 897 commodissimam
1254 860 1461 896 rationem
1493 864 1666 908 putares
1693 872 1742 895 ex
1772 864 1813 895 te

249 914 483 963 intelligere
504 915 688 963 cupiens.
751 914 842 951 Hoc
866 919 913 951 vt
935 914 1115 951 facerem
1138 928 1187 950 eo
1208 914 1373 951 facilius
1396 914 1535 951 induci
1558 914 1678 963 potui
1700 913 1813 962 quod

249 973 290 1006 te
312 973 400 1006 tam
424 969 575 1018 insigni
593 969 763 1006 authori
781 974 824 1005 et
841 968 992 1006 studiis
1009 981 1136 1017 quam
1155 969 1314 1018 optime
1333 968 1439 1005 velle
1457 981 1540 1005 non
1564 970 1812 1017 ignorarem.

249 1023 404 1060 Verum
434 1036 529 1061 curn
555 1023 694 1060 adhuc
723 1037 807 1060 non
834 1023 1110 1072 responderis,
1140 1028 1181 1060 et
1211 1023 1442 1060 identidem
1474 1023 1541 1060 ille
1570 1023 1679 1060 idem
1710 1023 1812 1059 Her-

249 1079 396 1127 uagius
410 1091 555 1115 aurem
572 1078 752 1122 vellicet,
766 1079 830 1115 vir
845 1079 906 1115 tui
923 1084 970 1115 vt
984 1083 1163 1127 apparet
1178 1078 1523 1119 studiosissimus,
1540 1078 1572 1114 si
1588 1078 1814 1114 molestum

248 1145 331 1170 non
353 1138 430 1177 est,
453 1133 574 1170 nobis
597 1146 680 1170 vno
700 1137 743 1170 et
769 1132 906 1170 altero
929 1133 1059 1170 verbo
1081 1137 1128 1170 vt
1156 1137 1273 1170 tuam
1300 1134 1555 1170 sententiam
1584 1132 1815 1181 significare

249 1201 298 1225 ne
320 1187 532 1225 detrectes
556 1189 707 1225 mirum
731 1188 773 1225 in
796 1187 970 1225 modum
995 1200 1105 1237 rogo.

548 1457 570 1493 2
580 1456 737 1508 ’7652768

298 1544 416 1577 Basle
435 1543 516 1577 MS.
537 1544 577 1578 C.
600 1544 689 1577 VIa.
712 1553 768 1587 73.
792 1546 873 1577 206.

1167 1187 1279 1225 Bene
1303 1187 1408 1225 vale.

802 1453 937 1493 FROM
963 1452 1205 1493 BONIFACE
1230 1453 1514 1493 AMERBACH.

1509 1543 1638 1576 Basle.

1371 1602 1411 1635 13
1432 1592 1639 1636 February
1662 1602 1766 1635 1533.

292 1661 364 1698 [An
383 1661 591 1700 autograph
610 1660 730 1695 letter,
750 1661 896 1690 written
923 1660 990 1690 fair
1014 1660 1068 1690 sor
1090 1659 1273 1700 dispatch.
1294 1659 1362 1690 but
1379 1659 1595 1689 afterwards
1616 1659 1814 1696 emended;

248 1705 404 1735 another
421 1715 527 1744 copy,
547 1704 742 1739 therefore,
761 1715 834 1734 was
853 1704 1090 1744 presumably
1108 1703 1213 1734 made
1231 1703 1303 1733 and
1322 1703 1433 1741 sent]

303 1763 341 1802 S.
382 1764 425 1802 P.
486 1763 726 1801 Clarissime
763 1764 949 1801 Erasme.

1012 1762 1175 1800 Medico
1210 1761 1333 1800 Gallo
1372 1762 1467 1799 hinc
1508 1767 1609 1800 ante
1651 1762 1815 1811 aliquot

248 1831 413 1856 menses
436 1819 638 1856 nuncium
657 1818 920 1856 Auenionem
943 1819 1136 1863 missuro,
1155 1822 1198 1855 et
1220 1830 1286 1854 me
1303 1830 1403 1855 num
1423 1817 1523 1866 quid
1547 1817 1644 1854 illuc
1663 1817 1815 1855 vellem

250 1875 429 1923 roganti,
460 1878 557 1911 tuas
585 1873 639 1910 ad
667 1872 917 1910 Sadoletum
946 1873 1092 1910 literas
1122 1885 1206 1910 vna
1235 1885 1330 1909 eum
1362 1872 1480 1909 libris
1511 1885 1561 1909 ex
1594 1877 1669 1909 tuo
1697 1885 1814 1921 prae-

249 1929 409 1978 scripto
431 1933 523 1965 tum
547 1928 768 1966 mittendis
790 1928 1096 1966 commiseram.

211 2003 228 2032 5
248 1984 328 2020 nisi
349 1983 570 2020 literarum
593 1981 783 2021 Sadoleti
804 1982 858 2020 ad
876 1988 917 2020 te
935 1982 1176 2032 exemplum
1195 1981 1391 2019 referens.

248 2050 300 2075 ex
332 2039 422 2087 ipso
450 2037 609 2075 audies.

249 2092 376 2129 dente
398 2093 600 2138 instituit,
624 2092 791 2130 Erasmi
808 2092 980 2129 videndi
1002 2092 1264 2129 occasionem
1287 2091 1433 2128 adesse
1456 2090 1671 2128 dictitans.

248 2151 325 2191 est,
348 2148 405 2184 mi
427 2147 615 2192 Erasme,
638 2159 712 2184 eur
733 2148 769 2184 ei
791 2148 1018 2196 quiequam
1040 2159 1246 2183 numeres,

1159 1927 1303 1964 Rediit
1326 1926 1498 1964 tandem
1523 1927 1702 1964 nuncius
1731 1939 1815 1964 non

1449 1980 1528 2026 Qui
1552 1981 1593 2018 id
1615 1981 1816 2018 acciderit

670 2037 781 2075 Nam
807 2037 861 2075 ad
890 2042 933 2075 te
961 2038 1133 2075 omnino
1164 2036 1369 2086 proficisci
1401 2048 1466 2073 me
1497 2037 1627 2073 etiam
1656 2036 1814 2073 dissua-

1720 2090 1816 2127 Non

1308 2145 1532 2183 Sadoletus
1558 2146 1669 2182 enim
1692 2146 1816 2182 nimis

249 2201 460 2238 beneficus
494 2214 570 2251 pro
599 2201 743 2239 allatis
774 2201 892 2238 libris
925 2201 1030 2238 duos
1063 2202 1099 2238 ei
1135 2205 1360 2238 coronatos
1397 2200 1510 2237 vltro
1546 2200 1688 2244 soluit,
1721 2212 1815 2237 cum

249 2260 395 2293 tamen
417 2255 621 2293 librorum
644 2269 773 2293 eausa
794 2256 893 2293 illuc
916 2268 1001 2293 non
1024 2255 1175 2293 fuisset
1197 2255 1426 2305 profectus.

304 2310 354 2347 In
376 2310 587 2348 Ciceronis
608 2310 793 2349 editione
810 2310 1061 2349 adornanda
1078 2311 1196 2360 cupit
1214 2322 1306 2348 meo
1323 2310 1560 2359 patrocinio
1576 2309 1816 2358 Heruagius

293 2438 389 2468 2764.
419 2447 445 2467 1.
472 2437 612 2475 Gallus]
637 2438 668 2468 A
694 2437 804 2468 letter
827 2437 865 2468 of
889 2438 997 2468 Boni-

250 2482 328 2512 face
348 2486 387 2512 to
409 2480 592 2517 Sadoleto,
616 2491 656 2520 23
679 2482 747 2522 Ap.
773 2491 855 2520 1533
877 2482 999 2518 (Basle

250 2525 322 2555 MS.
344 2525 380 2556 C.
403 2524 486 2555 VIa.
509 2534 560 2564 73.
585 2526 673 2561 282),
691 2526 792 2565 gives
814 2525 877 2556 the
900 2535 999 2555 same

249 2573 406 2599 account
441 2569 478 2598 οῖ’
510 2569 566 2598 his
598 2569 801 2599 behaviour
838 2579 878 2599 as
915 2569 1000 2599 that

250 2612 441 2642 furnished
464 2613 513 2652 by
535 2612 631 2652 Epp.
659 2615 754 2652 2765.
786 2622 877 2647 1—10,
903 2613 998 2651 2768.

252 2665 368 2693 11-—19‚
387 2658 482 2695 2769.
505 2665 597 2694 1—15.

294 2700 390 2730 2765.
421 2709 447 2729 1.
475 2699 614 2730 Medico
632 2700 751 2737 Gallo]
766 2700 812 2731 Of
830 2700 904 2731 this
919 2710 997 2740 per-

249 2753 314 2774 son
335 2754 388 2774 we
409 2744 516 2774 know
537 2754 584 2774 no
607 2754 706 2774 more
731 2744 822 2774 than
847 2754 932 2784 may
955 2744 999 2774 be

249 2787 427 2827 gathered
460 2788 552 2818 from
585 2788 659 2818 this
687 2788 796 2818 letter
822 2788 895 2818 and
928 2787 996 2828 Ep.

251 2834 347 2871 2769.
389 2832 445 2862 He
464 2832 492 2862 is
510 2832 668 2862 referred
683 2836 721 2862 to
740 2832 775 2862 in
794 2832 1000 2862 Boniface‘s

250 2875 360 2906 letter
379 2880 418 2906 to
443 2875 614 2906 Sadoleto
632 2876 704 2912 (see
723 2876 790 2916 Ep.
813 2877 906 2915 2764.
929 2875 999 2912 In.)

251 2920 320 2950 but
336 2920 443 2960 again
461 2920 617 2950 without
637 2930 754 2950 name.

296 2973 325 3003 3.
351 2964 475 2994 literas
513 2973 585 2993 vna.
620 2973 702 2993 cuin
743 2963 857 3000 libris]
897 2962 939 2992 In
981 2973 1002 2992 a

1066 2437 1177 2467 letter
1194 2440 1232 2467 to
1251 2435 1423 2467 Sadoleto
1444 2435 1565 2473 (Basle
1584 2435 1656 2466 MS.
1674 2435 1711 2465 C.
1731 2435 1814 2465 V12.

1068 2491 1119 2520 73.
1141 2490 1192 2520 24,
1215 2479 1396 2520 probably
1417 2490 1446 2510 e.
1469 2480 1569 2519 Sept.
1593 2481 1689 2518 1532)
1708 2479 1815 2509 Boni·

1068 2525 1146 2554 face
1163 2534 1247 2564 says
1264 2524 1360 2559 that,
1378 2534 1425 2554 on
1450 2523 1636 2553 Erasmus'
1661 2523 1814 2553 instrue-

1068 2569 1178 2601 tions.
1197 2568 1242 2598 he
1260 2568 1289 2598 is
1311 2567 1532 2606 forwarding
1551 2577 1572 2597 a
1594 2566 1703 2597 letter
1723 2567 1815 2596 from

1069 2612 1244 2642 Erasmus
1269 2613 1349 2648 (not
1370 2611 1516 2647 extant)
1538 2610 1706 2650 together
1726 2610 1815 2640 with

1068 2655 1254 2685 Erasmus'
1284 2655 1549 2685 Declaratz‘ones
1575 2653 1649 2684 and
1680 2653 1816 2684 Basilii

1068 2699 1107 2729 de
1124 2698 1269 2738 Spiritu
1290 2698 1420 2729 Sancto
1442 2698 1501 2735 (cf.
1521 2697 1589 2737 Ep.
1610 2698 1705 2736 2706.
1727 2698 1814 2733 1-2).

1112 2754 1143 2781 4.
1170 2743 1340 2780 nuncius]
1366 2742 1442 2773 The
1478 2740 1645 2772 ‘Gallus’
1679 2741 1716 2771 of
1744 2740 1814 2780 Ep.

1067 2789 1163 2827 2764.

1114 2840 1164 2861 11.
1197 2830 1380 2861 Ciceronis
1408 2829 1584 2867 editione]
1615 2827 1815 2859 Published

1068 2874 1105 2905 in
1140 2883 1232 2914 1534.
1296 2874 1340 2904 In
1372 2874 1427 2904 his
1459 2873 1560 2913 reply
1598 2872 1682 2912 (Ep.
1716 2872 1815 2911 2768)

1070 2918 1246 2948 Erasmus
1271 2917 1408 2957 merely
1436 2917 1614 2947 indicates
1643 2916 1741 2946 what
1771 2915 1815 2945 he

1070 2962 1176 2992 takes
1198 2966 1238 2992 to
1259 2962 1303 2991 be
1324 2961 1386 2992 the
1407 2961 1561 2991 obvious
1582 2959 1758 3000 principle
1779 2958 1816 2988 of
