<?xml version="1.0" encoding="UTF-8"?>
<!DOCTYPE html PUBLIC "-//W3C//DTD XHTML 1.0 Transitional//EN"
    "http://www.w3.org/TR/xhtml1/DTD/xhtml1-transitional.dtd">
<html xmlns="http://www.w3.org/1999/xhtml" xml:lang="en" lang="en">
 <head>
  <title>
</title>
<meta http-equiv="Content-Type" content="text/html;charset=utf-8" />
  <meta name='ocr-system' content='tesseract 3.04.00' />
  <meta name='ocr-capabilities' content='ocr_page ocr_carea ocr_par ocr_line ocrx_word'/>
</head>
<body>
  <div class='ocr_page' id='page_1' title='image "./opusepistolarum10eras_0405.png"; bbox 0 0 1966 3379; ppageno 0'>
   <div class='ocr_carea' id='block_1_1' title="bbox 133 87 1696 139">
    <p class='ocr_par' dir='ltr' id='par_1_1' title="bbox 133 87 1696 139">
     <span class='ocr_line' id='line_1_1' title="bbox 133 87 1696 139; baseline -0.001 -12"><span class='ocrx_word' id='word_1_1' title='bbox 133 91 253 139; x_wconf 84' lang='lat'>2915]</span> <span class='ocrx_word' id='word_1_2' title='bbox 585 88 744 127; x_wconf 82' lang='lat' dir='ltr'><strong>FROM</strong></span> <span class='ocrx_word' id='word_1_3' title='bbox 773 88 813 126; x_wconf 92' lang='lat' dir='ltr'>N</span> <span class='ocrx_word' id='word_1_4' title='bbox 818 87 1057 126; x_wconf 83' lang='lat' dir='ltr'>ICHOLAS</span> <span class='ocrx_word' id='word_1_5' title='bbox 1087 87 1240 126; x_wconf 92' lang='lat' dir='ltr'>OLAH</span> <span class='ocrx_word' id='word_1_6' title='bbox 1617 89 1696 126; x_wconf 85' lang='lat'>369</span> 
     </span>
    </p>
   </div>
   <div class='ocr_carea' id='block_1_2' title="bbox 129 192 1758 840">
    <p class='ocr_par' dir='ltr' id='par_1_2' title="bbox 131 192 1758 459">
     <span class='ocr_line' id='line_1_2' title="bbox 131 192 1698 242; baseline -0.001 -11"><span class='ocrx_word' id='word_1_7' title='bbox 131 197 174 231; x_wconf 84' lang='lat' dir='ltr'>te</span> <span class='ocrx_word' id='word_1_8' title='bbox 208 193 522 230; x_wconf 87' lang='lat' dir='ltr'>inconstanciae</span> <span class='ocrx_word' id='word_1_9' title='bbox 557 196 791 242; x_wconf 73' lang='lat' dir='ltr'>arguerent,</span> <span class='ocrx_word' id='word_1_10' title='bbox 823 196 867 230; x_wconf 87' lang='lat' dir='ltr'>et</span> <span class='ocrx_word' id='word_1_11' title='bbox 901 192 952 230; x_wconf 87' lang='lat' dir='ltr'>de</span> <span class='ocrx_word' id='word_1_12' title='bbox 987 205 1053 229; x_wconf 89' lang='lat' dir='ltr'>me</span> <span class='ocrx_word' id='word_1_13' title='bbox 1088 193 1229 229; x_wconf 89' lang='lat' dir='ltr'>nescio</span> <span class='ocrx_word' id='word_1_14' title='bbox 1264 204 1393 241; x_wconf 89' lang='lat' dir='ltr'>quam</span> <span class='ocrx_word' id='word_1_15' title='bbox 1428 193 1698 241; x_wconf 72' lang='lat' dir='ltr'>conciperent</span> 
     </span>
     <span class='ocr_line' id='line_1_3' title="bbox 131 247 1697 296; baseline -0.001 -12"><span class='ocrx_word' id='word_1_16' title='bbox 131 248 383 296; x_wconf 86' lang='lat' dir='ltr'>opinionem,</span> <span class='ocrx_word' id='word_1_17' title='bbox 406 248 478 296; x_wconf 91' lang='lat' dir='ltr'>qui</span> <span class='ocrx_word' id='word_1_18' title='bbox 506 260 582 296; x_wconf 92' lang='lat' dir='ltr'>pro</span> <span class='ocrx_word' id='word_1_19' title='bbox 609 260 658 284; x_wconf 90' lang='lat' dir='ltr'>eo</span> <span class='ocrx_word' id='word_1_20' title='bbox 685 259 839 292; x_wconf 86' lang='lat' dir='ltr'>amore,</span> <span class='ocrx_word' id='word_1_21' title='bbox 863 259 947 296; x_wconf 91' lang='lat' dir='ltr'>quo</span> <span class='ocrx_word' id='word_1_22' title='bbox 972 247 1016 283; x_wconf 92' lang='lat' dir='ltr'>in</span> <span class='ocrx_word' id='word_1_23' title='bbox 1041 250 1083 283; x_wconf 87' lang='lat' dir='ltr'>te</span> <span class='ocrx_word' id='word_1_24' title='bbox 1109 259 1214 291; x_wconf 85' lang='lat' dir='ltr'>sum,</span> <span class='ocrx_word' id='word_1_25' title='bbox 1236 258 1285 283; x_wconf 87' lang='lat' dir='ltr'>ea</span> <span class='ocrx_word' id='word_1_26' title='bbox 1310 259 1418 295; x_wconf 89' lang='lat' dir='ltr'>quae</span> <span class='ocrx_word' id='word_1_27' title='bbox 1443 251 1486 284; x_wconf 88' lang='lat' dir='ltr'>et</span> <span class='ocrx_word' id='word_1_28' title='bbox 1512 247 1633 296; x_wconf 87' lang='lat' dir='ltr'>potui</span> <span class='ocrx_word' id='word_1_29' title='bbox 1654 251 1697 284; x_wconf 83' lang='lat' dir='ltr'>et</span> 
     </span>
     <span class='ocr_line' id='line_1_4' title="bbox 131 301 1758 350; baseline 0 -12"><span class='ocrx_word' id='word_1_30' title='bbox 131 301 258 339; x_wconf 91' lang='lat' dir='ltr'>debui</span> <span class='ocrx_word' id='word_1_31' title='bbox 292 302 336 339; x_wconf 90' lang='lat' dir='ltr'>in</span> <span class='ocrx_word' id='word_1_32' title='bbox 370 301 495 338; x_wconf 89' lang='lat' dir='ltr'>rebus</span> <span class='ocrx_word' id='word_1_33' title='bbox 529 302 614 338; x_wconf 89' lang='lat' dir='ltr'>tuis</span> <span class='ocrx_word' id='word_1_34' title='bbox 650 314 813 350; x_wconf 83' lang='lat' dir='ltr'>semper</span> <span class='ocrx_word' id='word_1_35' title='bbox 846 301 926 338; x_wconf 85' lang='lat' dir='ltr'>feci</span> <span class='ocrx_word' id='word_1_36' title='bbox 960 301 1103 338; x_wconf 90' lang='lat' dir='ltr'>animo</span> <span class='ocrx_word' id='word_1_37' title='bbox 1132 313 1308 349; x_wconf 84' lang='lat' dir='ltr'>syncero</span> <span class='ocrx_word' id='word_1_38' title='bbox 1338 305 1382 338; x_wconf 90' lang='lat' dir='ltr'>et</span> <span class='ocrx_word' id='word_1_39' title='bbox 1411 302 1453 337; x_wconf 92' lang='lat' dir='ltr'>in</span> <span class='ocrx_word' id='word_1_40' title='bbox 1484 305 1526 338; x_wconf 91' lang='lat' dir='ltr'>te</span> <span class='ocrx_word' id='word_1_41' title='bbox 1557 301 1695 338; x_wconf 88' lang='lat' dir='ltr'>candi·</span> <span class='ocrx_word' id='word_1_42' title='bbox 1718 317 1758 347; x_wconf 92' lang='lat'>70</span> 
     </span>
     <span class='ocr_line' id='line_1_5' title="bbox 131 355 1697 404; baseline -0.001 -11"><span class='ocrx_word' id='word_1_43' title='bbox 131 355 315 394; x_wconf 85' lang='lat' dir='ltr'>dissimo.</span> <span class='ocrx_word' id='word_1_44' title='bbox 357 355 472 401; x_wconf 79' lang='lat' dir='ltr'>Quae</span> <span class='ocrx_word' id='word_1_45' title='bbox 507 356 620 393; x_wconf 87' lang='lat' dir='ltr'>malo</span> <span class='ocrx_word' id='word_1_46' title='bbox 659 360 701 393; x_wconf 86' lang='lat' dir='ltr'>te</span> <span class='ocrx_word' id='word_1_47' title='bbox 739 368 791 392; x_wconf 79' lang='lat' dir='ltr'>ex</span> <span class='ocrx_word' id='word_1_48' title='bbox 831 355 1011 392; x_wconf 86' lang='lat' dir='ltr'>aliorum</span> <span class='ocrx_word' id='word_1_49' title='bbox 1051 355 1217 400; x_wconf 77' lang='lat' dir='ltr'>litteris,</span> <span class='ocrx_word' id='word_1_50' title='bbox 1254 358 1331 392; x_wconf 85' lang='lat' dir='ltr'>aut</span> <span class='ocrx_word' id='word_1_51' title='bbox 1370 367 1466 392; x_wconf 86' lang='lat' dir='ltr'>cum</span> <span class='ocrx_word' id='word_1_52' title='bbox 1507 360 1697 404; x_wconf 87' lang='lat' dir='ltr'>tempore</span> 
     </span>
     <span class='ocr_line' id='line_1_6' title="bbox 131 409 1021 459; baseline -0.001 -12"><span class='ocrx_word' id='word_1_53' title='bbox 131 410 406 455; x_wconf 81' lang='lat' dir='ltr'>sermonibus,</span> <span class='ocrx_word' id='word_1_54' title='bbox 429 422 558 458; x_wconf 89' lang='lat' dir='ltr'>quam</span> <span class='ocrx_word' id='word_1_55' title='bbox 579 423 630 447; x_wconf 85' lang='lat' dir='ltr'>ex</span> <span class='ocrx_word' id='word_1_56' title='bbox 652 410 755 447; x_wconf 88' lang='lat' dir='ltr'>meis</span> <span class='ocrx_word' id='word_1_57' title='bbox 776 409 1021 459; x_wconf 83' lang='lat' dir='ltr'>intelligere.</span> 
     </span>
    </p>

    <p class='ocr_par' dir='ltr' id='par_1_3' title="bbox 129 463 1757 774">
     <span class='ocr_line' id='line_1_7' title="bbox 186 463 1698 513; baseline -0.001 -12"><span class='ocrx_word' id='word_1_58' title='bbox 186 464 393 501; x_wconf 88' lang='lat' dir='ltr'>Leuinum</span> <span class='ocrx_word' id='word_1_59' title='bbox 418 464 522 501; x_wconf 91' lang='lat' dir='ltr'>mihi</span> <span class='ocrx_word' id='word_1_60' title='bbox 543 464 825 502; x_wconf 84' lang='lat' dir='ltr'>commendas.</span> <span class='ocrx_word' id='word_1_61' title='bbox 868 464 970 501; x_wconf 89' lang='lat' dir='ltr'>Eius</span> <span class='ocrx_word' id='word_1_62' title='bbox 991 468 1090 501; x_wconf 85' lang='lat' dir='ltr'>vtor</span> <span class='ocrx_word' id='word_1_63' title='bbox 1110 476 1249 513; x_wconf 89' lang='lat' dir='ltr'>opera,</span> <span class='ocrx_word' id='word_1_64' title='bbox 1268 463 1370 500; x_wconf 91' lang='lat' dir='ltr'>dum</span> <span class='ocrx_word' id='word_1_65' title='bbox 1387 467 1430 500; x_wconf 89' lang='lat' dir='ltr'>et</span> <span class='ocrx_word' id='word_1_66' title='bbox 1447 464 1613 512; x_wconf 87' lang='lat' dir='ltr'>quoties</span> <span class='ocrx_word' id='word_1_67' title='bbox 1633 467 1698 500; x_wconf 86' lang='lat' dir='ltr'>est</span> 
     </span>
     <span class='ocr_line' id='line_1_8' title="bbox 131 517 1698 568; baseline -0.001 -12"><span class='ocrx_word' id='word_1_68' title='bbox 131 531 251 568; x_wconf 85' lang='lat' dir='ltr'>opus.</span> <span class='ocrx_word' id='word_1_69' title='bbox 292 518 549 556; x_wconf 90' lang='lat' dir='ltr'>Curaueram</span> <span class='ocrx_word' id='word_1_70' title='bbox 577 522 704 556; x_wconf 88' lang='lat' dir='ltr'>antea</span> <span class='ocrx_word' id='word_1_71' title='bbox 728 523 777 555; x_wconf 87' lang='lat' dir='ltr'>vt</span> <span class='ocrx_word' id='word_1_72' title='bbox 801 519 845 555; x_wconf 91' lang='lat' dir='ltr'>in</span> <span class='ocrx_word' id='word_1_73' title='bbox 872 518 1059 567; x_wconf 81' lang='lat' dir='ltr'>singulos</span> <span class='ocrx_word' id='word_1_74' title='bbox 1087 517 1175 555; x_wconf 89' lang='lat' dir='ltr'>dies</span> <span class='ocrx_word' id='word_1_75' title='bbox 1203 522 1300 555; x_wconf 86' lang='lat' dir='ltr'>octo</span> <span class='ocrx_word' id='word_1_76' title='bbox 1327 530 1492 567; x_wconf 83' lang='lat' dir='ltr'>grossos</span> <span class='ocrx_word' id='word_1_77' title='bbox 1520 517 1698 555; x_wconf 85' lang='lat' dir='ltr'>haberet</span> 
     </span>
     <span class='ocr_line' id='line_1_9' title="bbox 129 571 1757 621; baseline -0.001 -11"><span class='ocrx_word' id='word_1_78' title='bbox 129 585 182 610; x_wconf 84' lang='lat' dir='ltr'>ex</span> <span class='ocrx_word' id='word_1_79' title='bbox 207 586 385 610; x_wconf 88' lang='lat' dir='ltr'>camera.</span> <span class='ocrx_word' id='word_1_80' title='bbox 425 572 550 610; x_wconf 89' lang='lat' dir='ltr'>Nunc</span> <span class='ocrx_word' id='word_1_81' title='bbox 576 585 719 610; x_wconf 87' lang='lat' dir='ltr'>rursus</span> <span class='ocrx_word' id='word_1_82' title='bbox 744 573 891 610; x_wconf 90' lang='lat' dir='ltr'>curaui</span> <span class='ocrx_word' id='word_1_83' title='bbox 919 577 967 609; x_wconf 89' lang='lat' dir='ltr'>vt</span> <span class='ocrx_word' id='word_1_84' title='bbox 994 573 1169 609; x_wconf 84' lang='lat' dir='ltr'>iuuenes</span> <span class='ocrx_word' id='word_1_85' title='bbox 1196 573 1362 621; x_wconf 87' lang='lat' dir='ltr'>reginae</span> <span class='ocrx_word' id='word_1_86' title='bbox 1389 571 1551 609; x_wconf 81' lang='lat' dir='ltr'>nobiles</span> <span class='ocrx_word' id='word_1_87' title='bbox 1579 573 1695 609; x_wconf 81' lang='lat' dir='ltr'>insti·</span> <span class='ocrx_word' id='word_1_88' title='bbox 1717 588 1757 618; x_wconf 83' lang='lat'>75</span> 
     </span>
     <span class='ocr_line' id='line_1_10' title="bbox 130 626 1697 676; baseline -0.001 -12"><span class='ocrx_word' id='word_1_89' title='bbox 130 631 239 666; x_wconf 86' lang='lat' dir='ltr'>tuat.</span> <span class='ocrx_word' id='word_1_90' title='bbox 282 628 347 664; x_wconf 82' lang='lat' dir='ltr'>Ex</span> <span class='ocrx_word' id='word_1_91' title='bbox 369 640 454 676; x_wconf 90' lang='lat' dir='ltr'>quo</span> <span class='ocrx_word' id='word_1_92' title='bbox 476 628 708 664; x_wconf 83' lang='lat' dir='ltr'>ministerio</span> <span class='ocrx_word' id='word_1_93' title='bbox 730 627 911 664; x_wconf 89' lang='lat' dir='ltr'>totidem</span> <span class='ocrx_word' id='word_1_94' title='bbox 929 627 1059 664; x_wconf 87' lang='lat' dir='ltr'>habet</span> <span class='ocrx_word' id='word_1_95' title='bbox 1076 627 1262 664; x_wconf 89' lang='lat' dir='ltr'>diurnos.</span> <span class='ocrx_word' id='word_1_96' title='bbox 1305 626 1355 663; x_wconf 92' lang='lat' dir='ltr'>D.</span> <span class='ocrx_word' id='word_1_97' title='bbox 1379 626 1477 663; x_wconf 84' lang='lat' dir='ltr'>Dux</span> <span class='ocrx_word' id='word_1_98' title='bbox 1499 627 1697 664; x_wconf 79' lang='lat' dir='ltr'>Arschoti</span> 
     </span>
     <span class='ocr_line' id='line_1_11' title="bbox 129 681 1695 731; baseline -0.001 -12"><span class='ocrx_word' id='word_1_99' title='bbox 129 686 172 719; x_wconf 92' lang='lat' dir='ltr'>te</span> <span class='ocrx_word' id='word_1_100' title='bbox 200 682 362 719; x_wconf 87' lang='lat' dir='ltr'>saluere</span> <span class='ocrx_word' id='word_1_101' title='bbox 387 682 518 719; x_wconf 88' lang='lat' dir='ltr'>iubet.</span> <span class='ocrx_word' id='word_1_102' title='bbox 560 681 640 727; x_wconf 82' lang='lat' dir='ltr'>Qui</span> <span class='ocrx_word' id='word_1_103' title='bbox 666 682 709 718; x_wconf 90' lang='lat' dir='ltr'>in</span> <span class='ocrx_word' id='word_1_104' title='bbox 735 682 930 719; x_wconf 87' lang='lat' dir='ltr'>omnibus</span> <span class='ocrx_word' id='word_1_105' title='bbox 956 681 1110 730; x_wconf 84' lang='lat' dir='ltr'>quibus</span> <span class='ocrx_word' id='word_1_106' title='bbox 1137 685 1293 731; x_wconf 88' lang='lat' dir='ltr'>potest,</span> <span class='ocrx_word' id='word_1_107' title='bbox 1315 682 1435 730; x_wconf 88' lang='lat' dir='ltr'>cupit</span> <span class='ocrx_word' id='word_1_108' title='bbox 1463 681 1540 718; x_wconf 82' lang='lat' dir='ltr'>tibi</span> <span class='ocrx_word' id='word_1_109' title='bbox 1568 682 1695 730; x_wconf 78' lang='lat' dir='ltr'>grati-</span> 
     </span>
     <span class='ocr_line' id='line_1_12' title="bbox 129 735 257 774; baseline 0 -1"><span class='ocrx_word' id='word_1_110' title='bbox 129 735 257 774; x_wconf 88' lang='lat' dir='ltr'>ficari.</span> 
     </span>
    </p>

    <p class='ocr_par' dir='ltr' id='par_1_4' title="bbox 184 790 940 840">
     <span class='ocr_line' id='line_1_13' title="bbox 184 790 940 840; baseline 0.001 -12"><span class='ocrx_word' id='word_1_111' title='bbox 184 791 298 829; x_wconf 83' lang='lat' dir='ltr'>Vale.</span> <span class='ocrx_word' id='word_1_112' title='bbox 340 790 567 829; x_wconf 80' lang='lat' dir='ltr'>Bruxellae</span> <span class='ocrx_word' id='word_1_113' title='bbox 587 801 634 828; x_wconf 90' lang='lat'>12</span> <span class='ocrx_word' id='word_1_114' title='bbox 658 790 804 828; x_wconf 88' lang='lat' dir='ltr'>Marcii</span> <span class='ocrx_word' id='word_1_115' title='bbox 823 799 940 840; x_wconf 84' lang='lat'>1534.</span> 
     </span>
    </p>
   </div>
   <div class='ocr_carea' id='block_1_3' title="bbox 477 994 1350 1038">
    <p class='ocr_par' dir='ltr' id='par_1_5' title="bbox 477 994 1350 1038">
     <span class='ocr_line' id='line_1_14' title="bbox 477 994 1350 1038; baseline -0.002 -1"><span class='ocrx_word' id='word_1_116' title='bbox 477 1000 606 1038; x_wconf 83' lang='lat'><strong>2916.</strong></span> <span class='ocrx_word' id='word_1_117' title='bbox 670 997 737 1037; x_wconf 91' lang='lat' dir='ltr'>To</span> <span class='ocrx_word' id='word_1_118' title='bbox 770 996 1042 1038; x_wconf 77' lang='lat' dir='ltr'><strong>CORNELIUS</strong></span> <span class='ocrx_word' id='word_1_119' title='bbox 1075 994 1350 1036; x_wconf 81' lang='lat' dir='ltr'><strong>GRAPHEUS.</strong></span> 
     </span>
    </p>
   </div>
   <div class='ocr_carea' id='block_1_4' title="bbox 178 1085 1648 1181">
    <p class='ocr_par' dir='ltr' id='par_1_6' title="bbox 178 1085 1648 1181">
     <span class='ocr_line' id='line_1_15' title="bbox 178 1085 1583 1131; baseline -0.002 -11"><span class='ocrx_word' id='word_1_120' title='bbox 178 1087 276 1120; x_wconf 84' lang='lat' dir='ltr'>Vita</span> <span class='ocrx_word' id='word_1_121' title='bbox 294 1087 454 1121; x_wconf 87' lang='lat' dir='ltr'>Erasmi</span> <span class='ocrx_word' id='word_1_122' title='bbox 473 1098 511 1131; x_wconf 91' lang='lat' dir='ltr'>p.</span> <span class='ocrx_word' id='word_1_123' title='bbox 536 1097 616 1121; x_wconf 87' lang='lat'><em>121.</em></span> <span class='ocrx_word' id='word_1_124' title='bbox 1378 1085 1583 1128; x_wconf 85' lang='lat' dir='ltr'>Freiburg.</span> 
     </span>
     <span class='ocr_line' id='line_1_16' title="bbox 178 1134 1648 1181; baseline -0.002 -11"><span class='ocrx_word' id='word_1_125' title='bbox 178 1136 240 1170; x_wconf 79' lang='lat'>02.</span> <span class='ocrx_word' id='word_1_126' title='bbox 261 1147 300 1181; x_wconf 90' lang='lat' dir='ltr'>p.</span> <span class='ocrx_word' id='word_1_127' title='bbox 323 1139 416 1170; x_wconf 76' lang='lat'><strong>262:</strong></span> <span class='ocrx_word' id='word_1_128' title='bbox 445 1137 571 1170; x_wconf 89' lang='lat' dir='ltr'>Lond.</span> <span class='ocrx_word' id='word_1_129' title='bbox 593 1148 687 1170; x_wconf 85' lang='lat' dir='ltr'>xxx.</span> <span class='ocrx_word' id='word_1_130' title='bbox 708 1138 777 1180; x_wconf 86' lang='lat'>64:</span> <span class='ocrx_word' id='word_1_131' title='bbox 807 1136 890 1169; x_wconf 88' lang='lat' dir='ltr'>LB.</span> <span class='ocrx_word' id='word_1_132' title='bbox 916 1138 1021 1177; x_wconf 71' lang='lat'>1267.</span> <span class='ocrx_word' id='word_1_133' title='bbox 1318 1145 1360 1177; x_wconf 85' lang='lat'>13</span> <span class='ocrx_word' id='word_1_134' title='bbox 1380 1134 1521 1168; x_wconf 86' lang='lat' dir='ltr'>March</span> <span class='ocrx_word' id='word_1_135' title='bbox 1544 1144 1648 1178; x_wconf 81' lang='lat'>1534.</span> 
     </span>
    </p>
   </div>
   <div class='ocr_carea' id='block_1_5' title="bbox 238 1217 1588 1260">
    <p class='ocr_par' dir='ltr' id='par_1_7' title="bbox 238 1217 1588 1260">
     <span class='ocr_line' id='line_1_17' title="bbox 238 1217 1588 1260; baseline -0.002 -10"><span class='ocrx_word' id='word_1_136' title='bbox 238 1219 330 1257; x_wconf 88' lang='lat' dir='ltr'>[The</span> <span class='ocrx_word' id='word_1_137' title='bbox 347 1219 458 1251; x_wconf 82' lang='lat' dir='ltr'>letter</span> <span class='ocrx_word' id='word_1_138' title='bbox 475 1219 713 1260; x_wconf 79' lang='lat' dir='ltr'>presumably</span> <span class='ocrx_word' id='word_1_139' title='bbox 729 1229 889 1250; x_wconf 86' lang='lat' dir='ltr'>answers</span> <span class='ocrx_word' id='word_1_140' title='bbox 906 1219 990 1250; x_wconf 85' lang='lat' dir='ltr'>that</span> <span class='ocrx_word' id='word_1_141' title='bbox 1008 1218 1222 1249; x_wconf 83' lang='lat' dir='ltr'>mentioned</span> <span class='ocrx_word' id='word_1_142' title='bbox 1239 1218 1275 1248; x_wconf 91' lang='lat' dir='ltr'>in</span> <span class='ocrx_word' id='word_1_143' title='bbox 1292 1218 1390 1258; x_wconf 87' lang='lat' dir='ltr'>Epp.</span> <span class='ocrx_word' id='word_1_144' title='bbox 1411 1217 1588 1257; x_wconf 85' lang='lat'>2913-14.]</span> 
     </span>
    </p>
   </div>
   <div class='ocr_carea' id='block_1_6' title="bbox 172 1304 1653 1388">
    <p class='ocr_par' dir='ltr' id='par_1_8' title="bbox 172 1304 1653 1388">
     <span class='ocr_line' id='line_1_18' title="bbox 172 1304 1653 1333; baseline -0.002 0"><span class='ocrx_word' id='word_1_145' title='bbox 172 1306 372 1333; x_wconf 82' lang='lat' dir='ltr'>ERASMVS</span> <span class='ocrx_word' id='word_1_146' title='bbox 392 1306 718 1333; x_wconf 75' lang='lat' dir='ltr'><strong>ROTERODAMVS</strong></span> <span class='ocrx_word' id='word_1_147' title='bbox 742 1305 1052 1332; x_wconf 86' lang='lat' dir='ltr'><strong>ERVDITISSIMO</strong></span> <span class='ocrx_word' id='word_1_148' title='bbox 1075 1305 1180 1332; x_wconf 86' lang='lat' dir='ltr'>VIRO</span> <span class='ocrx_word' id='word_1_149' title='bbox 1203 1305 1424 1332; x_wconf 86' lang='lat' dir='ltr'><strong>CORNELIO</strong></span> <span class='ocrx_word' id='word_1_150' title='bbox 1446 1304 1653 1331; x_wconf 85' lang='lat' dir='ltr'><strong>GRAPHEO</strong></span> 
     </span>
     <span class='ocr_line' id='line_1_19' title="bbox 715 1360 1106 1388; baseline -0.003 -1"><span class='ocrx_word' id='word_1_151' title='bbox 715 1360 997 1388; x_wconf 86' lang='lat' dir='ltr'>ANTVERPIAE</span> <span class='ocrx_word' id='word_1_152' title='bbox 1019 1360 1051 1387; x_wconf 87' lang='lat' dir='ltr'>S.</span> <span class='ocrx_word' id='word_1_153' title='bbox 1071 1360 1106 1386; x_wconf 85' lang='lat' dir='ltr'>P.</span> 
     </span>
    </p>
   </div>
   <div class='ocr_carea' id='block_1_7' title="bbox 127 1418 1761 2508">
    <p class='ocr_par' dir='ltr' id='par_1_9' title="bbox 127 1418 1737 1798">
     <span class='ocr_line' id='line_1_20' title="bbox 183 1418 1700 1469; baseline -0.001 -11"><span class='ocrx_word' id='word_1_154' title='bbox 183 1421 422 1459; x_wconf 78' lang='lat' dir='ltr'>DAMIANVS</span> <span class='ocrx_word' id='word_1_155' title='bbox 443 1421 654 1459; x_wconf 75' lang='lat' dir='ltr'>exhilarat</span> <span class='ocrx_word' id='word_1_156' title='bbox 675 1434 753 1467; x_wconf 86' lang='lat' dir='ltr'>me,</span> <span class='ocrx_word' id='word_1_157' title='bbox 772 1422 978 1458; x_wconf 82' lang='lat' dir='ltr'>nuncians</span> <span class='ocrx_word' id='word_1_158' title='bbox 1000 1424 1042 1458; x_wconf 88' lang='lat' dir='ltr'>te</span> <span class='ocrx_word' id='word_1_159' title='bbox 1064 1424 1108 1457; x_wconf 90' lang='lat' dir='ltr'>et</span> <span class='ocrx_word' id='word_1_160' title='bbox 1129 1420 1271 1457; x_wconf 89' lang='lat' dir='ltr'>animo</span> <span class='ocrx_word' id='word_1_161' title='bbox 1292 1423 1335 1457; x_wconf 91' lang='lat' dir='ltr'>et</span> <span class='ocrx_word' id='word_1_162' title='bbox 1356 1431 1529 1469; x_wconf 84' lang='lat' dir='ltr'>corpore</span> <span class='ocrx_word' id='word_1_163' title='bbox 1551 1418 1700 1456; x_wconf 86' lang='lat' dir='ltr'>melius</span> 
     </span>
     <span class='ocr_line' id='line_1_21' title="bbox 129 1474 1700 1525; baseline -0.002 -11"><span class='ocrx_word' id='word_1_164' title='bbox 129 1475 296 1522; x_wconf 86' lang='lat' dir='ltr'>habere,</span> <span class='ocrx_word' id='word_1_165' title='bbox 318 1480 448 1525; x_wconf 86' lang='lat' dir='ltr'>atque</span> <span class='ocrx_word' id='word_1_166' title='bbox 469 1477 599 1514; x_wconf 88' lang='lat' dir='ltr'>etiam</span> <span class='ocrx_word' id='word_1_167' title='bbox 622 1476 839 1514; x_wconf 83' lang='lat' dir='ltr'>fortunam</span> <span class='ocrx_word' id='word_1_168' title='bbox 865 1488 953 1513; x_wconf 83' lang='lat' dir='ltr'>esse</span> <span class='ocrx_word' id='word_1_169' title='bbox 981 1474 1321 1513; x_wconf 87' lang='lat' dir='ltr'>commodiorem.</span> <span class='ocrx_word' id='word_1_170' title='bbox 1382 1474 1449 1512; x_wconf 88' lang='lat' dir='ltr'>Me</span> <span class='ocrx_word' id='word_1_171' title='bbox 1471 1474 1700 1511; x_wconf 86' lang='lat' dir='ltr'>discruciat</span> 
     </span>
     <span class='ocr_line' id='line_1_22' title="bbox 127 1529 1699 1580; baseline -0.002 -12"><span class='ocrx_word' id='word_1_172' title='bbox 127 1543 287 1568; x_wconf 90' lang='lat' dir='ltr'>nouum</span> <span class='ocrx_word' id='word_1_173' title='bbox 323 1531 483 1568; x_wconf 84' lang='lat' dir='ltr'>malum</span> <span class='ocrx_word' id='word_1_174' title='bbox 524 1531 724 1580; x_wconf 78' lang='lat' dir='ltr'>podagra,</span> <span class='ocrx_word' id='word_1_175' title='bbox 761 1543 833 1568; x_wconf 85' lang='lat' dir='ltr'>seu</span> <span class='ocrx_word' id='word_1_176' title='bbox 874 1542 1061 1580; x_wconf 82' lang='lat' dir='ltr'>panagra</span> <span class='ocrx_word' id='word_1_177' title='bbox 1102 1530 1254 1566; x_wconf 76' lang='lat' dir='ltr'>verius.</span> <span class='ocrx_word' id='word_1_178' title='bbox 1319 1529 1438 1566; x_wconf 89' lang='lat' dir='ltr'>Adeo</span> <span class='ocrx_word' id='word_1_179' title='bbox 1478 1532 1699 1578; x_wconf 84' lang='lat' dir='ltr'>pertentat</span> 
     </span>
     <span class='ocr_line' id='line_1_23' title="bbox 128 1583 1698 1634; baseline -0.002 -11"><span class='ocrx_word' id='word_1_180' title='bbox 128 1598 273 1623; x_wconf 89' lang='lat' dir='ltr'>omnes</span> <span class='ocrx_word' id='word_1_181' title='bbox 294 1589 425 1631; x_wconf 85' lang='lat' dir='ltr'>artus,</span> <span class='ocrx_word' id='word_1_182' title='bbox 448 1585 618 1623; x_wconf 83' lang='lat' dir='ltr'>aliunde</span> <span class='ocrx_word' id='word_1_183' title='bbox 639 1585 723 1623; x_wconf 89' lang='lat' dir='ltr'>alio</span> <span class='ocrx_word' id='word_1_184' title='bbox 744 1586 941 1634; x_wconf 45' lang='lat' dir='ltr'>migrans</span> <span class='ocrx_word' id='word_1_185' title='bbox 960 1589 1008 1622; x_wconf 84' lang='lat' dir='ltr'>vt</span> <span class='ocrx_word' id='word_1_186' title='bbox 1030 1585 1101 1621; x_wconf 73' lang='lat' dir='ltr'>vix</span> <span class='ocrx_word' id='word_1_187' title='bbox 1124 1596 1312 1633; x_wconf 72' lang='lat' dir='ltr'>vnquam</span> <span class='ocrx_word' id='word_1_188' title='bbox 1335 1583 1461 1621; x_wconf 84' lang='lat' dir='ltr'>detur</span> <span class='ocrx_word' id='word_1_189' title='bbox 1481 1584 1698 1633; x_wconf 88' lang='lat' dir='ltr'>respirare.</span> 
     </span>
     <span class='ocr_line' id='line_1_24' title="bbox 128 1638 1737 1690; baseline -0.001 -13"><span class='ocrx_word' id='word_1_190' title='bbox 128 1640 297 1689; x_wconf 83' lang='lat' dir='ltr'>Negant</span> <span class='ocrx_word' id='word_1_191' title='bbox 318 1652 407 1678; x_wconf 90' lang='lat' dir='ltr'>esse</span> <span class='ocrx_word' id='word_1_192' title='bbox 428 1640 674 1690; x_wconf 81' lang='lat' dir='ltr'>podagram,</span> <span class='ocrx_word' id='word_1_193' title='bbox 698 1640 771 1677; x_wconf 87' lang='lat' dir='ltr'>sed</span> <span class='ocrx_word' id='word_1_194' title='bbox 797 1640 860 1677; x_wconf 86' lang='lat' dir='ltr'>sui</span> <span class='ocrx_word' id='word_1_195' title='bbox 881 1641 1044 1688; x_wconf 79' lang='lat' dir='ltr'>generis</span> <span class='ocrx_word' id='word_1_196' title='bbox 1069 1652 1158 1676; x_wconf 82' lang='lat' dir='ltr'>esse</span> <span class='ocrx_word' id='word_1_197' title='bbox 1183 1639 1358 1684; x_wconf 82' lang='lat' dir='ltr'>malum,</span> <span class='ocrx_word' id='word_1_198' title='bbox 1381 1651 1466 1687; x_wconf 90' lang='lat' dir='ltr'>quo</span> <span class='ocrx_word' id='word_1_199' title='bbox 1491 1651 1604 1675; x_wconf 91' lang='lat' dir='ltr'>nunc</span> <span class='ocrx_word' id='word_1_200' title='bbox 1633 1638 1699 1675; x_wconf 90' lang='lat' dir='ltr'>hic</span> <span class='ocrx_word' id='word_1_201' title='bbox 1719 1655 1737 1684; x_wconf 86' lang='lat'><strong>5</strong></span> 
     </span>
     <span class='ocr_line' id='line_1_25' title="bbox 128 1693 1700 1744; baseline -0.002 -12"><span class='ocrx_word' id='word_1_202' title='bbox 128 1694 325 1732; x_wconf 87' lang='lat' dir='ltr'>laborent</span> <span class='ocrx_word' id='word_1_203' title='bbox 352 1695 602 1744; x_wconf 81' lang='lat' dir='ltr'>complures.</span> <span class='ocrx_word' id='word_1_204' title='bbox 663 1694 798 1744; x_wconf 77' lang='lat' dir='ltr'>Vulgo</span> <span class='ocrx_word' id='word_1_205' title='bbox 823 1694 935 1731; x_wconf 81' lang='lat' dir='ltr'>Such</span> <span class='ocrx_word' id='word_1_206' title='bbox 961 1693 1194 1743; x_wconf 80' lang='lat' dir='ltr'>appellant.</span> <span class='ocrx_word' id='word_1_207' title='bbox 1246 1693 1329 1730; x_wconf 87' lang='lat' dir='ltr'>Tot</span> <span class='ocrx_word' id='word_1_208' title='bbox 1351 1693 1610 1730; x_wconf 83' lang='lat' dir='ltr'>cruciatibus</span> <span class='ocrx_word' id='word_1_209' title='bbox 1632 1696 1700 1730; x_wconf 85' lang='lat' dir='ltr'>tot</span> 
     </span>
     <span class='ocr_line' id='line_1_26' title="bbox 128 1748 1541 1798; baseline -0.001 -12"><span class='ocrx_word' id='word_1_210' title='bbox 128 1749 265 1786; x_wconf 88' lang='lat' dir='ltr'>modis</span> <span class='ocrx_word' id='word_1_211' title='bbox 286 1748 471 1786; x_wconf 89' lang='lat' dir='ltr'>fractum</span> <span class='ocrx_word' id='word_1_212' title='bbox 493 1749 619 1787; x_wconf 87' lang='lat' dir='ltr'>senile</span> <span class='ocrx_word' id='word_1_213' title='bbox 642 1749 939 1798; x_wconf 83' lang='lat' dir='ltr'>corpusculum</span> <span class='ocrx_word' id='word_1_214' title='bbox 962 1761 1046 1785; x_wconf 92' lang='lat' dir='ltr'>non</span> <span class='ocrx_word' id='word_1_215' title='bbox 1068 1749 1227 1798; x_wconf 89' lang='lat' dir='ltr'>poterit</span> <span class='ocrx_word' id='word_1_216' title='bbox 1249 1748 1321 1785; x_wconf 91' lang='lat' dir='ltr'>diu</span> <span class='ocrx_word' id='word_1_217' title='bbox 1343 1760 1431 1785; x_wconf 89' lang='lat' dir='ltr'>esse</span> <span class='ocrx_word' id='word_1_218' title='bbox 1452 1760 1541 1797; x_wconf 88' lang='lat' dir='ltr'>par.</span> 
     </span>
    </p>

    <p class='ocr_par' dir='ltr' id='par_1_10' title="bbox 127 1801 1761 2508">
     <span class='ocr_line' id='line_1_27' title="bbox 184 1801 1698 1853; baseline -0.001 -13"><span class='ocrx_word' id='word_1_219' title='bbox 184 1803 368 1841; x_wconf 85' lang='lat' dir='ltr'>Maxime</span> <span class='ocrx_word' id='word_1_220' title='bbox 390 1816 495 1853; x_wconf 85' lang='lat' dir='ltr'>opus</span> <span class='ocrx_word' id='word_1_221' title='bbox 515 1807 627 1841; x_wconf 82' lang='lat' dir='ltr'>esset</span> <span class='ocrx_word' id='word_1_222' title='bbox 648 1803 791 1852; x_wconf 88' lang='lat' dir='ltr'>aliquo</span> <span class='ocrx_word' id='word_1_223' title='bbox 814 1803 926 1841; x_wconf 87' lang='lat' dir='ltr'>fideli</span> <span class='ocrx_word' id='word_1_224' title='bbox 946 1803 1109 1840; x_wconf 82' lang='lat' dir='ltr'>famulo</span> <span class='ocrx_word' id='word_1_225' title='bbox 1130 1807 1323 1840; x_wconf 83' lang='lat' dir='ltr'>nostrate</span> <span class='ocrx_word' id='word_1_226' title='bbox 1341 1816 1347 1839; x_wconf 80' lang='lat' dir='ltr'>z</span> <span class='ocrx_word' id='word_1_227' title='bbox 1370 1815 1469 1839; x_wconf 87' lang='lat' dir='ltr'>nam</span> <span class='ocrx_word' id='word_1_228' title='bbox 1487 1801 1698 1846; x_wconf 82' lang='lat' dir='ltr'>Germani,</span> 
     </span>
     <span class='ocr_line' id='line_1_28' title="bbox 128 1856 1698 1908; baseline -0.001 -13"><span class='ocrx_word' id='word_1_229' title='bbox 128 1859 238 1895; x_wconf 90' lang='lat' dir='ltr'>sicut</span> <span class='ocrx_word' id='word_1_230' title='bbox 268 1862 432 1908; x_wconf 84' lang='lat' dir='ltr'>poetae,</span> <span class='ocrx_word' id='word_1_231' title='bbox 462 1857 670 1895; x_wconf 83' lang='grc' dir='ltr'>ἀνεύθυνον</span> <span class='ocrx_word' id='word_1_232' title='bbox 698 1857 824 1907; x_wconf 83' lang='grc' dir='ltr'>γένος.</span> <span class='ocrx_word' id='word_1_233' title='bbox 885 1858 1056 1895; x_wconf 83' lang='lat' dir='ltr'>Mallem</span> <span class='ocrx_word' id='word_1_234' title='bbox 1088 1858 1411 1907; x_wconf 79' lang='lat' dir='ltr'>prouectiorem,</span> <span class='ocrx_word' id='word_1_235' title='bbox 1441 1869 1569 1905; x_wconf 89' lang='lat' dir='ltr'>quam</span> <span class='ocrx_word' id='word_1_236' title='bbox 1600 1856 1698 1894; x_wconf 85' lang='lat' dir='ltr'>ado-</span> 
     </span>
     <span class='ocr_line' id='line_1_29' title="bbox 129 1911 1761 1958; baseline -0.002 -8"><span class='ocrx_word' id='word_1_237' title='bbox 129 1912 371 1950; x_wconf 84' lang='lat' dir='ltr'>lescentem.</span> <span class='ocrx_word' id='word_1_238' title='bbox 443 1913 737 1950; x_wconf 87' lang='lat' dir='ltr'>Eruditionem</span> <span class='ocrx_word' id='word_1_239' title='bbox 781 1912 885 1950; x_wconf 89' lang='lat' dir='ltr'>nihil</span> <span class='ocrx_word' id='word_1_240' title='bbox 926 1925 1079 1958; x_wconf 86' lang='lat' dir='ltr'>moror,</span> <span class='ocrx_word' id='word_1_241' title='bbox 1121 1912 1249 1949; x_wconf 85' lang='lat' dir='ltr'>niodo</span> <span class='ocrx_word' id='word_1_242' title='bbox 1296 1912 1403 1949; x_wconf 85' lang='lat' dir='ltr'>sciat</span> <span class='ocrx_word' id='word_1_243' title='bbox 1450 1911 1614 1955; x_wconf 86' lang='lat' dir='ltr'>Latine,</span> <span class='ocrx_word' id='word_1_244' title='bbox 1657 1915 1697 1948; x_wconf 80' lang='lat' dir='ltr'>et</span> <span class='ocrx_word' id='word_1_245' title='bbox 1723 1927 1761 1948; x_wconf 88' lang='lat'>10</span> 
     </span>
     <span class='ocr_line' id='line_1_30' title="bbox 129 1966 1700 2016; baseline -0.001 -12"><span class='ocrx_word' id='word_1_246' title='bbox 129 1967 287 2005; x_wconf 82' lang='lat' dir='ltr'>scribat</span> <span class='ocrx_word' id='word_1_247' title='bbox 320 1971 565 2016; x_wconf 89' lang='lat' dir='ltr'>vtcumque.</span> <span class='ocrx_word' id='word_1_248' title='bbox 625 1967 733 2004; x_wconf 85' lang='lat' dir='ltr'>Dein</span> <span class='ocrx_word' id='word_1_249' title='bbox 768 1967 873 2004; x_wconf 87' lang='lat' dir='ltr'>nulli</span> <span class='ocrx_word' id='word_1_250' title='bbox 908 1967 1057 2004; x_wconf 88' lang='lat' dir='ltr'>morbo</span> <span class='ocrx_word' id='word_1_251' title='bbox 1093 1967 1148 2004; x_wconf 85' lang='lat' dir='ltr'>sit</span> <span class='ocrx_word' id='word_1_252' title='bbox 1184 1967 1404 2011; x_wconf 81' lang='lat' dir='ltr'>obnoxius,</span> <span class='ocrx_word' id='word_1_253' title='bbox 1437 1966 1593 2003; x_wconf 81' lang='lat' dir='ltr'>scabiei</span> <span class='ocrx_word' id='word_1_254' title='bbox 1623 1970 1700 2003; x_wconf 83' lang='lat' dir='ltr'>aut</span> 
     </span>
     <span class='ocr_line' id='line_1_31' title="bbox 128 2021 1699 2071; baseline -0.001 -12"><span class='ocrx_word' id='word_1_255' title='bbox 128 2021 346 2060; x_wconf 88' lang='lat' dir='ltr'>comitiali.</span> <span class='ocrx_word' id='word_1_256' title='bbox 406 2021 503 2059; x_wconf 89' lang='lat' dir='ltr'>Non</span> <span class='ocrx_word' id='word_1_257' title='bbox 525 2022 867 2071; x_wconf 87' lang='lat' dir='ltr'>superstitiosum</span> <span class='ocrx_word' id='word_1_258' title='bbox 889 2022 998 2059; x_wconf 83' lang='lat' dir='ltr'>ferre</span> <span class='ocrx_word' id='word_1_259' title='bbox 1020 2034 1191 2071; x_wconf 88' lang='lat' dir='ltr'>possum</span> <span class='ocrx_word' id='word_1_260' title='bbox 1210 2035 1216 2058; x_wconf 89' lang='lat'><strong>:</strong></span> <span class='ocrx_word' id='word_1_261' title='bbox 1250 2021 1445 2058; x_wconf 84' lang='lat' dir='ltr'>addictos</span> <span class='ocrx_word' id='word_1_262' title='bbox 1467 2021 1593 2058; x_wconf 89' lang='lat' dir='ltr'>sectis</span> <span class='ocrx_word' id='word_1_263' title='bbox 1615 2033 1699 2057; x_wconf 90' lang='lat' dir='ltr'>non</span> 
     </span>
     <span class='ocr_line' id='line_1_32' title="bbox 127 2076 1700 2126; baseline -0.001 -12"><span class='ocrx_word' id='word_1_264' title='bbox 127 2076 230 2114; x_wconf 81' lang='lat' dir='ltr'>sero.</span> <span class='ocrx_word' id='word_1_265' title='bbox 290 2076 476 2114; x_wconf 83' lang='lat' dir='ltr'>Dabitur</span> <span class='ocrx_word' id='word_1_266' title='bbox 511 2076 711 2114; x_wconf 87' lang='lat' dir='ltr'>salarium</span> <span class='ocrx_word' id='word_1_267' title='bbox 748 2081 959 2126; x_wconf 84' lang='lat' dir='ltr'>quantum</span> <span class='ocrx_word' id='word_1_268' title='bbox 993 2081 1041 2114; x_wconf 92' lang='lat' dir='ltr'>tu</span> <span class='ocrx_word' id='word_1_269' title='bbox 1076 2076 1407 2126; x_wconf 82' lang='lat' dir='ltr'>praescripseris,</span> <span class='ocrx_word' id='word_1_270' title='bbox 1440 2076 1593 2124; x_wconf 74' lang='lat' dir='ltr'>viginti</span> <span class='ocrx_word' id='word_1_271' title='bbox 1623 2079 1700 2112; x_wconf 89' lang='lat' dir='ltr'>aut</span> 
     </span>
     <span class='ocr_line' id='line_1_33' title="bbox 129 2130 1699 2180; baseline -0.001 -12"><span class='ocrx_word' id='word_1_272' title='bbox 129 2131 280 2180; x_wconf 83' lang='lat' dir='ltr'>viginti</span> <span class='ocrx_word' id='word_1_273' title='bbox 315 2136 501 2180; x_wconf 89' lang='lat' dir='ltr'>quatuor</span> <span class='ocrx_word' id='word_1_274' title='bbox 536 2131 682 2169; x_wconf 89' lang='lat' dir='ltr'>floreni</span> <span class='ocrx_word' id='word_1_275' title='bbox 713 2130 877 2169; x_wconf 87' lang='lat' dir='ltr'>Carolei</span> <span class='ocrx_word' id='word_1_276' title='bbox 913 2132 955 2168; x_wconf 90' lang='lat' dir='ltr'>in</span> <span class='ocrx_word' id='word_1_277' title='bbox 992 2131 1178 2180; x_wconf 83' lang='lat' dir='ltr'>singulos</span> <span class='ocrx_word' id='word_1_278' title='bbox 1214 2143 1359 2168; x_wconf 87' lang='lat' dir='ltr'>annos.</span> <span class='ocrx_word' id='word_1_279' title='bbox 1421 2131 1503 2167; x_wconf 88' lang='lat' dir='ltr'>Pro</span> <span class='ocrx_word' id='word_1_280' title='bbox 1539 2130 1699 2167; x_wconf 73' lang='lat' dir='ltr'>vestitu</span> 
     </span>
     <span class='ocr_line' id='line_1_34' title="bbox 128 2185 1760 2235; baseline -0.001 -13"><span class='ocrx_word' id='word_1_281' title='bbox 128 2185 208 2222; x_wconf 91' lang='lat' dir='ltr'>huc</span> <span class='ocrx_word' id='word_1_282' title='bbox 241 2190 289 2222; x_wconf 82' lang='lat' dir='ltr'>vt</span> <span class='ocrx_word' id='word_1_283' title='bbox 319 2199 370 2222; x_wconf 81' lang='lat' dir='ltr'>ex</span> <span class='ocrx_word' id='word_1_284' title='bbox 402 2185 659 2223; x_wconf 83' lang='lat' dir='ltr'>liberalitate</span> <span class='ocrx_word' id='word_1_285' title='bbox 692 2190 931 2235; x_wconf 83' lang='lat' dir='ltr'>spontanea</span> <span class='ocrx_word' id='word_1_286' title='bbox 966 2186 1128 2234; x_wconf 89' lang='lat' dir='ltr'>aliquid</span> <span class='ocrx_word' id='word_1_287' title='bbox 1161 2185 1338 2223; x_wconf 80' lang='lat' dir='ltr'>accedat</span> <span class='ocrx_word' id='word_1_288' title='bbox 1369 2186 1411 2222; x_wconf 91' lang='lat' dir='ltr'>in</span> <span class='ocrx_word' id='word_1_289' title='bbox 1442 2186 1533 2234; x_wconf 86' lang='lat' dir='ltr'>ipso</span> <span class='ocrx_word' id='word_1_290' title='bbox 1569 2186 1760 2228; x_wconf 84' lang='lat' dir='ltr'>situm15</span> 
     </span>
     <span class='ocr_line' id='line_1_35' title="bbox 127 2240 1699 2290; baseline -0.001 -13"><span class='ocrx_word' id='word_1_291' title='bbox 127 2241 220 2277; x_wconf 85' lang='lat' dir='ltr'>erit.</span> <span class='ocrx_word' id='word_1_292' title='bbox 281 2240 403 2285; x_wconf 81' lang='lat' dir='ltr'>Quod</span> <span class='ocrx_word' id='word_1_293' title='bbox 431 2241 464 2277; x_wconf 86' lang='lat' dir='ltr'>si</span> <span class='ocrx_word' id='word_1_294' title='bbox 490 2240 592 2277; x_wconf 88' lang='lat' dir='ltr'>mihi</span> <span class='ocrx_word' id='word_1_295' title='bbox 617 2240 779 2290; x_wconf 89' lang='lat' dir='ltr'>aliquid</span> <span class='ocrx_word' id='word_1_296' title='bbox 806 2240 1008 2278; x_wconf 84' lang='lat' dir='ltr'>acciderit</span> <span class='ocrx_word' id='word_1_297' title='bbox 1040 2240 1300 2285; x_wconf 82' lang='lat' dir='ltr'>humanitus,</span> <span class='ocrx_word' id='word_1_298' title='bbox 1329 2240 1507 2277; x_wconf 87' lang='lat' dir='ltr'>efficiam</span> <span class='ocrx_word' id='word_1_299' title='bbox 1537 2243 1585 2276; x_wconf 79' lang='lat' dir='ltr'>vt</span> <span class='ocrx_word' id='word_1_300' title='bbox 1614 2252 1699 2276; x_wconf 92' lang='lat' dir='ltr'>non</span> 
     </span>
     <span class='ocr_line' id='line_1_36' title="bbox 128 2294 1699 2339; baseline -0.001 -8"><span class='ocrx_word' id='word_1_301' title='bbox 128 2294 239 2331; x_wconf 87' lang='lat' dir='ltr'>male</span> <span class='ocrx_word' id='word_1_302' title='bbox 262 2294 480 2332; x_wconf 79' lang='lat' dir='ltr'>collocarit</span> <span class='ocrx_word' id='word_1_303' title='bbox 502 2295 637 2332; x_wconf 74' lang='lat' dir='ltr'>officia</span> <span class='ocrx_word' id='word_1_304' title='bbox 662 2308 749 2332; x_wconf 86' lang='lat' dir='ltr'>sua.</span> <span class='ocrx_word' id='word_1_305' title='bbox 811 2295 965 2332; x_wconf 86' lang='lat' dir='ltr'>Veniat</span> <span class='ocrx_word' id='word_1_306' title='bbox 994 2299 1140 2332; x_wconf 87' lang='lat' dir='ltr'>sumtu</span> <span class='ocrx_word' id='word_1_307' title='bbox 1169 2307 1262 2332; x_wconf 90' lang='lat' dir='ltr'>meo</span> <span class='ocrx_word' id='word_1_308' title='bbox 1291 2298 1346 2339; x_wconf 83' lang='lat' dir='ltr'>ct,</span> <span class='ocrx_word' id='word_1_309' title='bbox 1373 2295 1405 2331; x_wconf 81' lang='lat' dir='ltr'>si</span> <span class='ocrx_word' id='word_1_310' title='bbox 1432 2294 1491 2331; x_wconf 90' lang='lat' dir='ltr'>illi</span> <span class='ocrx_word' id='word_1_311' title='bbox 1519 2294 1699 2331; x_wconf 81' lang='lat' dir='ltr'>forsitan</span> 
     </span>
     <span class='ocr_line' id='line_1_37' title="bbox 127 2349 1700 2398; baseline -0.001 -13"><span class='ocrx_word' id='word_1_312' title='bbox 127 2349 416 2398; x_wconf 81' lang='lat' dir='ltr'>displicebunt</span> <span class='ocrx_word' id='word_1_313' title='bbox 446 2350 599 2394; x_wconf 78' lang='lat' dir='ltr'>omnia,</span> <span class='ocrx_word' id='word_1_314' title='bbox 633 2350 877 2387; x_wconf 84' lang='lat' dir='ltr'>remittetur</span> <span class='ocrx_word' id='word_1_315' title='bbox 907 2354 1051 2386; x_wconf 85' lang='lat' dir='ltr'>sumtu</span> <span class='ocrx_word' id='word_1_316' title='bbox 1084 2362 1189 2387; x_wconf 88' lang='lat' dir='ltr'>meo.</span> <span class='ocrx_word' id='word_1_317' title='bbox 1252 2349 1344 2386; x_wconf 86' lang='lat' dir='ltr'>Hac</span> <span class='ocrx_word' id='word_1_318' title='bbox 1381 2349 1431 2386; x_wconf 82' lang='lat' dir='ltr'>dc</span> <span class='ocrx_word' id='word_1_319' title='bbox 1464 2361 1507 2385; x_wconf 88' lang='lat' dir='ltr'>re</span> <span class='ocrx_word' id='word_1_320' title='bbox 1543 2349 1700 2397; x_wconf 85' lang='lat' dir='ltr'>poteris</span> 
     </span>
     <span class='ocr_line' id='line_1_38' title="bbox 128 2403 1700 2448; baseline -0.001 -8"><span class='ocrx_word' id='word_1_321' title='bbox 128 2405 440 2441; x_wconf 85' lang='lat' dir='ltr'>communicare</span> <span class='ocrx_word' id='word_1_322' title='bbox 476 2417 571 2441; x_wconf 87' lang='lat' dir='ltr'>cum</span> <span class='ocrx_word' id='word_1_323' title='bbox 608 2403 773 2442; x_wconf 77' lang='lat' dir='ltr'>Scheto.</span> <span class='ocrx_word' id='word_1_324' title='bbox 845 2404 1082 2441; x_wconf 79' lang='lat' dir='ltr'>Damianus</span> <span class='ocrx_word' id='word_1_325' title='bbox 1118 2404 1301 2448; x_wconf 70' lang='lat' dir='ltr'>videtur,</span> <span class='ocrx_word' id='word_1_326' title='bbox 1337 2407 1532 2440; x_wconf 74' lang='lat' dir='ltr'>recusato</span> <span class='ocrx_word' id='word_1_327' title='bbox 1564 2403 1700 2440; x_wconf 81' lang='lat' dir='ltr'>officio</span> 
     </span>
     <span class='ocr_line' id='line_1_39' title="bbox 128 2458 1761 2508; baseline -0.002 -13"><span class='ocrx_word' id='word_1_328' title='bbox 128 2458 243 2507; x_wconf 87' lang='lat' dir='ltr'>quod</span> <span class='ocrx_word' id='word_1_329' title='bbox 268 2458 359 2496; x_wconf 85' lang='lat' dir='ltr'>Rex</span> <span class='ocrx_word' id='word_1_330' title='bbox 384 2458 520 2504; x_wconf 82' lang='lat' dir='ltr'>offert,</span> <span class='ocrx_word' id='word_1_331' title='bbox 539 2458 593 2496; x_wconf 83' lang='lat' dir='ltr'>ad</span> <span class='ocrx_word' id='word_1_332' title='bbox 614 2471 690 2496; x_wconf 87' lang='lat' dir='ltr'>nos</span> <span class='ocrx_word' id='word_1_333' title='bbox 711 2471 968 2496; x_wconf 88' lang='lat' dir='ltr'>reuersurus.</span> <span class='ocrx_word' id='word_1_334' title='bbox 1015 2458 1146 2508; x_wconf 80' lang='lat' dir='ltr'>Spero</span> <span class='ocrx_word' id='word_1_335' title='bbox 1164 2458 1283 2495; x_wconf 88' lang='lat' dir='ltr'>illum</span> <span class='ocrx_word' id='word_1_336' title='bbox 1306 2458 1508 2507; x_wconf 83' lang='lat' dir='ltr'>prudenti</span> <span class='ocrx_word' id='word_1_337' title='bbox 1526 2470 1699 2494; x_wconf 80' lang='lat' dir='ltr'>vsurum</span> <span class='ocrx_word' id='word_1_338' title='bbox 1721 2472 1761 2492; x_wconf 80' lang='lat'>20</span> 
     </span>
    </p>
   </div>
   <div class='ocr_carea' id='block_1_8' title="bbox 128 2536 1701 2971">
    <p class='ocr_par' dir='ltr' id='par_1_11' title="bbox 128 2536 1699 2621">
     <span class='ocr_line' id='line_1_40' title="bbox 172 2536 1699 2578; baseline -0.001 -11"><span class='ocrx_word' id='word_1_339' title='bbox 172 2538 268 2568; x_wconf 79' lang='lat'>2916.</span> <span class='ocrx_word' id='word_1_340' title='bbox 294 2546 368 2568; x_wconf 84' lang='lat' dir='ltr'><strong>TIT.</strong></span> <span class='ocrx_word' id='word_1_341' title='bbox 394 2546 640 2568; x_wconf 67' lang='lat' dir='ltr'>ANTVERPIAE</span> <span class='ocrx_word' id='word_1_342' title='bbox 659 2549 724 2569; x_wconf 85' lang='lat' dir='ltr'>om.</span> <span class='ocrx_word' id='word_1_343' title='bbox 744 2538 800 2569; x_wconf 78' lang='lat'>02.</span> <span class='ocrx_word' id='word_1_344' title='bbox 891 2547 923 2575; x_wconf 88' lang='lat'>9.</span> <span class='ocrx_word' id='word_1_345' title='bbox 949 2536 1116 2568; x_wconf 77' lang='grc' dir='ltr'>ἀνεύθυνον</span> <span class='ocrx_word' id='word_1_346' title='bbox 1133 2539 1368 2578; x_wconf 73' lang='lat' dir='ltr'>scripsimus:</span> <span class='ocrx_word' id='word_1_347' title='bbox 1395 2538 1440 2567; x_wconf 79' lang='lat' dir='ltr'>cs.</span> <span class='ocrx_word' id='word_1_348' title='bbox 1460 2537 1573 2576; x_wconf 74' lang='lat' dir='ltr'>Aday.</span> <span class='ocrx_word' id='word_1_349' title='bbox 1594 2538 1699 2576; x_wconf 73' lang='lat'><strong>2048:</strong></span> 
     </span>
     <span class='ocr_line' id='line_1_41' title="bbox 128 2579 984 2621; baseline 0.001 -10"><span class='ocrx_word' id='word_1_350' title='bbox 128 2579 267 2611; x_wconf 82' lang='grc' dir='ltr'>Εὔθυνον</span> <span class='ocrx_word' id='word_1_351' title='bbox 284 2581 322 2612; x_wconf 88' lang='grc' dir='ltr'>Ο.</span> <span class='ocrx_word' id='word_1_352' title='bbox 419 2591 467 2620; x_wconf 81' lang='lat'>15.</span> <span class='ocrx_word' id='word_1_353' title='bbox 495 2582 564 2611; x_wconf 69' lang='lat' dir='ltr'>hu&lt;-</span> <span class='ocrx_word' id='word_1_354' title='bbox 583 2582 817 2621; x_wconf 73' lang='lat' dir='ltr'>scripsimus:</span> <span class='ocrx_word' id='word_1_355' title='bbox 845 2582 927 2612; x_wconf 81' lang='lat' dir='ltr'>hinc</span> <span class='ocrx_word' id='word_1_356' title='bbox 946 2582 984 2612; x_wconf 87' lang='lat' dir='ltr'>O.</span> 
     </span>
    </p>

    <p class='ocr_par' dir='ltr' id='par_1_12' title="bbox 128 2667 1701 2750">
     <span class='ocr_line' id='line_1_42' title="bbox 172 2667 1701 2710; baseline -0.001 -11"><span class='ocrx_word' id='word_1_357' title='bbox 172 2669 268 2700; x_wconf 79' lang='lat'><strong>2916.</strong></span> <span class='ocrx_word' id='word_1_358' title='bbox 298 2680 324 2700; x_wconf 87' lang='lat'>1.</span> <span class='ocrx_word' id='word_1_359' title='bbox 351 2669 544 2707; x_wconf 74' lang='lat' dir='ltr'>nuncians]</span> <span class='ocrx_word' id='word_1_360' title='bbox 563 2670 639 2700; x_wconf 74' lang='lat' dir='ltr'>Tho</span> <span class='ocrx_word' id='word_1_361' title='bbox 654 2670 762 2701; x_wconf 57' lang='lat' dir='ltr'>letter</span> <span class='ocrx_word' id='word_1_362' title='bbox 776 2671 804 2700; x_wconf 86' lang='lat' dir='ltr'>is</span> <span class='ocrx_word' id='word_1_363' title='bbox 818 2674 884 2701; x_wconf 81' lang='lat' dir='ltr'>not</span> <span class='ocrx_word' id='word_1_364' title='bbox 954 2680 969 2700; x_wconf 81' lang='lat'><em>2</em></span> <span class='ocrx_word' id='word_1_365' title='bbox 993 2670 1094 2710; x_wconf 73' lang='lat' dir='ltr'>Sept.</span> <span class='ocrx_word' id='word_1_366' title='bbox 1119 2678 1212 2708; x_wconf 81' lang='lat'>1535.</span> <span class='ocrx_word' id='word_1_367' title='bbox 1238 2669 1329 2699; x_wconf 57' lang='lat'>1⁴:132.</span> <span class='ocrx_word' id='word_1_368' title='bbox 1358 2678 1428 2707; x_wconf 79' lang='lat'>135,</span> <span class='ocrx_word' id='word_1_369' title='bbox 1453 2667 1525 2698; x_wconf 68' lang='lat' dir='ltr'>und</span> <span class='ocrx_word' id='word_1_370' title='bbox 1548 2678 1567 2698; x_wconf 77' lang='lat' dir='ltr'>a</span> <span class='ocrx_word' id='word_1_371' title='bbox 1592 2667 1701 2698; x_wconf 73' lang='lat' dir='ltr'>lcttcr</span> 
     </span>
     <span class='ocr_line' id='line_1_43' title="bbox 128 2712 1699 2750; baseline -0.003 -6"><span class='ocrx_word' id='word_1_372' title='bbox 128 2717 272 2744; x_wconf 77' lang='lat' dir='ltr'>extant.</span> <span class='ocrx_word' id='word_1_373' title='bbox 952 2714 988 2744; x_wconf 87' lang='lat' dir='ltr'>of</span> <span class='ocrx_word' id='word_1_374' title='bbox 1007 2714 1182 2744; x_wconf 70' lang='lat' dir='ltr'>Erasinus</span> <span class='ocrx_word' id='word_1_375' title='bbox 1197 2719 1234 2744; x_wconf 81' lang='lat' dir='ltr'>to</span> <span class='ocrx_word' id='word_1_376' title='bbox 1249 2713 1388 2745; x_wconf 62' lang='lat' dir='ltr'>Svlwts,</span> <span class='ocrx_word' id='word_1_377' title='bbox 1405 2722 1439 2742; x_wconf 73' lang='lat'>21</span> <span class='ocrx_word' id='word_1_378' title='bbox 1458 2712 1542 2741; x_wconf 64' lang='lat' dir='ltr'>Feb.</span> <span class='ocrx_word' id='word_1_379' title='bbox 1559 2713 1699 2750; x_wconf 76' lang='lat'>&lt;1535&gt;,</span> 
     </span>
    </p>

    <p class='ocr_par' dir='ltr' id='par_1_13' title="bbox 174 2756 1700 2797">
     <span class='ocr_line' id='line_1_44' title="bbox 174 2756 1700 2797; baseline -0.002 -10"><span class='ocrx_word' id='word_1_380' title='bbox 174 2759 204 2787; x_wconf 81' lang='grc'>6.</span> <span class='ocrx_word' id='word_1_381' title='bbox 232 2757 342 2794; x_wconf 75' lang='lat' dir='ltr'>Such]</span> <span class='ocrx_word' id='word_1_382' title='bbox 362 2758 426 2787; x_wconf 82' lang='lat' dir='ltr'>Sce</span> <span class='ocrx_word' id='word_1_383' title='bbox 444 2757 512 2797; x_wconf 74' lang='lat' dir='ltr'>Ep.</span> <span class='ocrx_word' id='word_1_384' title='bbox 535 2760 629 2793; x_wconf 73' lang='lat'>2000.</span> <span class='ocrx_word' id='word_1_385' title='bbox 652 2759 751 2787; x_wconf 82' lang='lat' dir='ltr'>126n.</span> <span class='ocrx_word' id='word_1_386' title='bbox 951 2758 1056 2788; x_wconf 84' lang='lat' dir='ltr'>Bodl.</span> <span class='ocrx_word' id='word_1_387' title='bbox 1076 2758 1147 2787; x_wconf 87' lang='lat' dir='ltr'>MS.</span> <span class='ocrx_word' id='word_1_388' title='bbox 1169 2757 1248 2787; x_wconf 69' lang='lat' dir='ltr'>Lat.</span> <span class='ocrx_word' id='word_1_389' title='bbox 1269 2757 1366 2786; x_wconf 68' lang='lat' dir='ltr'>Misc.</span> <span class='ocrx_word' id='word_1_390' title='bbox 1386 2756 1422 2786; x_wconf 77' lang='lat'>(¹.</span> <span class='ocrx_word' id='word_1_391' title='bbox 1440 2756 1618 2785; x_wconf 78' lang='lat' dir='ltr'>2o—sroni</span> <span class='ocrx_word' id='word_1_392' title='bbox 1638 2756 1700 2785; x_wconf 72' lang='lat' dir='ltr'>tho</span> 
     </span>
    </p>

    <p class='ocr_par' dir='ltr' id='par_1_14' title="bbox 128 2799 1701 2971">
     <span class='ocr_line' id='line_1_45' title="bbox 174 2799 1698 2838; baseline -0.003 -7"><span class='ocrx_word' id='word_1_393' title='bbox 174 2802 204 2831; x_wconf 88' lang='grc'>8.</span> <span class='ocrx_word' id='word_1_394' title='bbox 231 2801 384 2838; x_wconf 77' lang='lat' dir='ltr'>famulo]</span> <span class='ocrx_word' id='word_1_395' title='bbox 399 2801 435 2831; x_wconf 74' lang='lat' dir='ltr'>It,</span> <span class='ocrx_word' id='word_1_396' title='bbox 449 2812 523 2831; x_wconf 72' lang='lat' dir='ltr'>was</span> <span class='ocrx_word' id='word_1_397' title='bbox 542 2801 575 2830; x_wconf 91' lang='lat' dir='ltr'>in</span> <span class='ocrx_word' id='word_1_398' title='bbox 594 2811 734 2831; x_wconf 75' lang='lat' dir='ltr'>nnswer</span> <span class='ocrx_word' id='word_1_399' title='bbox 752 2805 790 2832; x_wconf 81' lang='lat' dir='ltr'>to</span> <span class='ocrx_word' id='word_1_400' title='bbox 808 2801 882 2831; x_wconf 69' lang='lat' dir='ltr'>this</span> <span class='ocrx_word' id='word_1_401' title='bbox 950 2802 1081 2831; x_wconf 69' lang='lat' dir='ltr'>soeond</span> <span class='ocrx_word' id='word_1_402' title='bbox 1105 2801 1142 2831; x_wconf 85' lang='lat' dir='ltr'>of</span> <span class='ocrx_word' id='word_1_403' title='bbox 1166 2801 1268 2831; x_wconf 56' lang='lat' dir='ltr'>those</span> <span class='ocrx_word' id='word_1_404' title='bbox 1288 2806 1360 2830; x_wconf 83' lang='lat' dir='ltr'>two</span> <span class='ocrx_word' id='word_1_405' title='bbox 1381 2800 1507 2829; x_wconf 59' lang='lat' dir='ltr'>letters</span> <span class='ocrx_word' id='word_1_406' title='bbox 1527 2810 1579 2829; x_wconf 72' lang='lat' dir='ltr'>wc</span> <span class='ocrx_word' id='word_1_407' title='bbox 1601 2799 1698 2828; x_wconf 72' lang='lat' dir='ltr'>loarn</span> 
     </span>
     <span class='ocr_line' id='line_1_46' title="bbox 128 2843 1701 2884; baseline -0.002 -10"><span class='ocrx_word' id='word_1_408' title='bbox 128 2844 261 2884; x_wconf 78' lang='lat' dir='ltr'>appoal</span> <span class='ocrx_word' id='word_1_409' title='bbox 283 2845 366 2875; x_wconf 75' lang='lat' dir='ltr'>that</span> <span class='ocrx_word' id='word_1_410' title='bbox 388 2845 581 2884; x_wconf 76' lang='lat' dir='ltr'>Graplwus</span> <span class='ocrx_word' id='word_1_411' title='bbox 602 2845 880 2875; x_wconf 72' lang='lat' dir='ltr'>rccommendcd</span> <span class='ocrx_word' id='word_1_412' title='bbox 950 2846 1034 2875; x_wconf 24' lang='lat' dir='ltr'>that*</span> <span class='ocrx_word' id='word_1_413' title='bbox 1066 2845 1245 2875; x_wconf 66' lang='lat' dir='ltr'>Clauthus</span> <span class='ocrx_word' id='word_1_414' title='bbox 1277 2843 1420 2874; x_wconf 64' lang='lat' dir='ltr'>urrix-vd</span> <span class='ocrx_word' id='word_1_415' title='bbox 1453 2848 1486 2873; x_wconf 74' lang='lat' dir='ltr'>nt</span> <span class='ocrx_word' id='word_1_416' title='bbox 1527 2843 1701 2882; x_wconf 63' lang='lat' dir='ltr'>Freiburg</span> 
     </span>
     <span class='ocr_line' id='line_1_47' title="bbox 129 2886 1655 2928; baseline -0.001 -11"><span class='ocrx_word' id='word_1_417' title='bbox 129 2891 168 2917; x_wconf 83' lang='lat' dir='ltr'>to</span> <span class='ocrx_word' id='word_1_418' title='bbox 194 2888 369 2918; x_wconf 75' lang='lat' dir='ltr'>Erasmus</span> <span class='ocrx_word' id='word_1_419' title='bbox 394 2889 457 2918; x_wconf 75' lang='lat' dir='ltr'>tho</span> <span class='ocrx_word' id='word_1_420' title='bbox 480 2899 568 2927; x_wconf 52' lang='lat' dir='ltr'>very</span> <span class='ocrx_word' id='word_1_421' title='bbox 591 2889 881 2928; x_wconf 73' lang='lat' dir='ltr'>unsatisfactory</span> <span class='ocrx_word' id='word_1_422' title='bbox 949 2889 1081 2928; x_wconf 77' lang='lat' dir='ltr'>during</span> <span class='ocrx_word' id='word_1_423' title='bbox 1099 2889 1162 2918; x_wconf 77' lang='lat' dir='ltr'>thc</span> <span class='ocrx_word' id='word_1_424' title='bbox 1180 2888 1262 2918; x_wconf 66' lang='lat' dir='ltr'>visit</span> <span class='ocrx_word' id='word_1_425' title='bbox 1283 2888 1320 2917; x_wconf 80' lang='lat' dir='ltr'>of</span> <span class='ocrx_word' id='word_1_426' title='bbox 1338 2887 1491 2917; x_wconf 80' lang='lat' dir='ltr'>Dmninn</span> <span class='ocrx_word' id='word_1_427' title='bbox 1512 2898 1530 2916; x_wconf 83' lang='lat' dir='ltr'>u</span> <span class='ocrx_word' id='word_1_428' title='bbox 1549 2886 1655 2916; x_wconf 61' lang='lat' dir='ltr'>Coos.</span> 
     </span>
     <span class='ocr_line' id='line_1_48' title="bbox 130 2931 879 2971; baseline 0.001 -10"><span class='ocrx_word' id='word_1_429' title='bbox 130 2931 330 2967; x_wconf 76' lang='lat' dir='ltr'>Clautlius;</span> <span class='ocrx_word' id='word_1_430' title='bbox 357 2942 415 2962; x_wconf 69' lang='lat' dir='ltr'>sec</span> <span class='ocrx_word' id='word_1_431' title='bbox 427 2932 490 2962; x_wconf 70' lang='lat' dir='ltr'>tin»</span> <span class='ocrx_word' id='word_1_432' title='bbox 503 2932 612 2962; x_wconf 58' lang='lat' dir='ltr'>letter</span> <span class='ocrx_word' id='word_1_433' title='bbox 624 2932 660 2962; x_wconf 79' lang='lat' dir='ltr'>of</span> <span class='ocrx_word' id='word_1_434' title='bbox 674 2932 879 2971; x_wconf 75' lang='lat' dir='ltr'>Gruphcus,</span> 
     </span>
    </p>
   </div>
   <div class='ocr_carea' id='block_1_9' title="bbox 156 2986 949 3037">
    <p class='ocr_par' dir='ltr' id='par_1_15' title="bbox 156 2986 949 3037">
     <span class='ocr_line' id='line_1_49' title="bbox 156 2986 949 3037; baseline -0.006 -10"><span class='ocrx_word' id='word_1_435' title='bbox 156 2992 296 3037; x_wconf 64' lang='lat' dir='ltr'>&#39;45z.10</span> <span class='ocrx_word' id='word_1_436' title='bbox 883 2986 949 3023; x_wconf 88' lang='lat' dir='ltr'>Bb</span> 
     </span>
    </p>
   </div>
  </div>
 </body>
</html>
