1966 3379
246 124 321 160 108
674 121 932 160 LETTERs
963 122 1034 160 OF
1065 121 1333 161 ERAsMUs
1695 124 1817 171 [1532

242 231 331 264 tam
356 231 482 276 putas
503 239 592 264 esse
615 226 837 276 stupidum
861 231 909 264 vt
932 227 1033 265 haec
1056 231 1132 265 tua
1155 227 1285 265 verba
1308 227 1578 265 stomachum
1600 226 1704 265 mihi
1732 240 1815 265 non

242 286 475 319 moueant?
534 282 596 318 Tu
631 294 758 330 quam
792 295 902 327 vere,
934 296 1019 331 quo
1050 283 1151 320 item
1184 283 1381 325 candore,
1413 282 1492 320 hac
1525 295 1590 319 mc
1624 282 1818 320 labecula

241 337 483 386 asperseris,
505 336 685 373 aliorum
707 340 799 373 esto
821 337 1036 374 iudicium.
1097 338 1220 374 (ferte
1247 342 1348 375 sunt
1374 337 1624 387 complures
1649 341 1742 374 tum
1764 350 1814 374 ex

180 408 220 439 45
241 392 432 428 ciuitatis
468 391 726 440 primoribus
762 395 869 429 tum.
892 405 942 429 ex
979 392 1215 437 Canonicis,
1251 393 1323 441 qui
1355 392 1457 429 mihi
1488 392 1539 429 dc
1572 391 1814 429 huiusmodi

241 446 458 498 laboribus
488 450 666 494 egerunt
696 447 879 493 gratias:
914 460 988 483 nec
1017 452 1196 493 egerunt
1223 447 1362 492 modo,
1390 447 1671 484 verumetiam
1701 450 1814 483 retu-

241 500 392 537 lerunt.
454 500 637 537 Proinde
667 500 864 546 demiror,
892 503 947 538 mi
983 502 1167 546 lssrasnie,
1197 503 1269 550 qui
1299 503 1407 539 istuc
1437 502 1516 539 tibi
1549 502 1591 538 in
1623 502 1814 539 animum

240 555 447 592 inciderit.
509 555 612 592 Mihi
634 560 747 593 certe
771 556 847 593 hac
871 557 909 593 in
931 569 972 593 rc
989 560 1226 593 attestatur
1243 557 1503 594 conscientia
1519 569 1624 593 mea.
1686 556 1813 605 Equi-

239 610 333 647 dem
359 611 492 646 vicem
521 622 657 647 meam
685 614 752 648 sat
778 611 995 648 moderate
1024 611 1190 656 ferrem,
1213 624 1367 660 susque
1393 611 1530 660 deque
1556 610 1813 648 calumniam

178 683 219 712 50
238 677 329 701 eam
354 664 547 707 facerem,
566 665 607 701 ni
629 669 673 702 et
694 665 863 703 crudele
884 671 1008 707 esset,
1032 666 1189 703 laesam
1217 678 1300 703 non
1328 666 1543 703 vindicare
1568 666 1742 711 famam,
1771 670 1815 702 et

238 719 488 769 periculum,
515 723 564 756 vt
586 720 717 757 verba
739 724 827 763 tua,
853 721 967 770 apud
989 734 1060 758 eos
1085 722 1333 770 praesertim
1355 721 1471 771 apud
1492 733 1599 770 quos
1621 720 1814 758 nonnihil

238 775 441 811 momenti
464 778 507 812 ct
529 774 728 824 ponderis
751 775 953 813 habitura
974 780 1087 821 sunt,
1111 776 1214 813 mihi
1238 775 1571 814 incommodent.

292 829 475 867 valebis,

550 971 819 1026 272127222723
883 972 950 1012 To
973 972 1206 1013 Ammzosm
1231 973 1499 1013 PELARGUS.

286 1055 488 1097 Pelargus,
511 1056 686 1089 Bellaria
706 1056 750 1089 f0.
777 1056 838 1090 ΗΒ.
1414 1057 1663 1101 (Freiburg.)

1309 1112 1361 1148 <c.
1379 1107 1608 1151 Sept.-Oct.
1635 1113 1762 1150 1532>

355 1182 530 1209 DOMINO
553 1183 778 1210 AMBROSIO
800 1183 1002 1210 PELARGO
1027 1184 1064 1211 D.
1090 1184 1290 1211 ERASMVS
1312 1184 1639 1211 ROTERODAMVS
1661 1186 1693 1211 S.

290 1242 503 1280 Dmmmoa
525 1243 626 1291 quid
653 1243 732 1280 tibi
759 1244 876 1282 velis.
937 1244 1073 1282 Amici
1101 1245 1242 1282 solent
1268 1245 1371 1282 mihi
1397 1244 1572 1283 laudare
1594 1245 1807 1294 quendam

233 1297 347 1346 apud
371 1298 676 1335 Dominicanos
699 1299 865 1336 erudite
892 1301 1233 1338 concionantem.
1294 1301 1404 1338 Eum
1433 1300 1621 1338 arbitror
1651 1304 1693 1338 te
1723 1313 1807 1338 non

233 1351 375 1390 fuisse.
437 1353 548 1390 Nam
580 1357 704 1390 tuum
734 1366 889 1391 nomen
919 1367 1133 1393 noueram.
1195 1355 1276 1392 Sed
1306 1356 1549 1405 quicunque
1579 1355 1674 1401 fuit,
1701 1355 1804 1404 quid

234 1406 364 1444 habet
393 1407 507 1456 quod
535 1412 772 1456 queratur?
831 1408 929 1447 Non
958 1411 1107 1447 statim
1136 1410 1179 1448 in
1207 1410 1332 1460 culpa
1353 1414 1431 1455 est,
1459 1410 1531 1459 qui
1553 1414 1618 1447 est
1639 1411 1806 1448 occasio

195 1480 213 1510 5
234 1461 460 1499 tumultus.
521 1461 587 1500 Sic
610 1462 768 1500 Christi
790 1463 988 1502 doctrina
1009 1469 1053 1502 et
1074 1464 1281 1502 miracula
1308 1465 1486 1503 fuerunt
1512 1466 1678 1503 occasio
1700 1465 1804 1503 mul-

233 1520 375 1554 torum
398 1517 622 1563 malorum,
645 1522 687 1555 et
710 1518 833 1556 Pauli
859 1518 1037 1557 libertas
1064 1520 1312 1569 frequenter
1339 1520 1548 1557 excitauit
1576 1519 1804 1558 tumultus.

233 1571 416 1608 Marium
445 1572 691 1621 frequenter
718 1573 936 1619 admonui,
959 1575 1198 1612 abstineret
1226 1588 1250 1612 a
1278 1574 1536 1612 elamoribus
1567 1575 1608 1612 in
1636 1579 1804 1624 partem

231 1625 457 1664 diuersam.
520 1627 569 1664 ld
602 1627 856 1665 maluissent
889 1630 1021 1666 etiam
1054 1628 1267 1668 Canonici.
1330 1629 1520 1667 Primum
1552 1630 1594 1666 in
1625 1634 1668 1667 te
1699 1630 1803 1667 nihil

230 1681 332 1726 dixi,
364 1693 489 1730 quem
521 1686 628 1731 puto
659 1695 745 1720 non
775 1682 904 1720 fuisse
935 1684 1068 1730 illum,
1097 1689 1141 1722 et
1172 1686 1206 1722 si
1236 1684 1400 1729 fuisses,
1426 1688 1539 1722 certe
1571 1685 1612 1721 in
1645 1689 1686 1722 te
1720 1698 1805 1722 non

173 1753 212 1774 10
231 1736 538 1773 intendebatur
568 1737 646 1774 hoc
676 1737 854 1776 dictum.
916 1739 1039 1776 Dices
1073 1740 1312 1789 oportuisse
1343 1739 1472 1777 libere
1505 1739 1729 1777 vociferari
1759 1741 1801 1777 in

230 1795 379 1828 sectas.
419 1791 530 1840 Ergo
552 1791 663 1829 bona
684 1792 859 1830 libertas
880 1792 964 1831 fuit
986 1795 1151 1832 occasio
1172 1794 1273 1832 mali
1291 1793 1534 1832 tumultus?
1582 1794 1661 1831 Hic
1685 1794 1804 1832 nulla

229 1848 294 1882 est
315 1845 479 1883 iniuria.
513 1846 693 1897 ⁴Vellem
716 1847 863 1886 audire
886 1849 928 1886 in
949 1861 1034 1898 quo
1056 1849 1249 1887 violarim
1271 1849 1485 1886 amicitiae
1508 1849 1585 1886 ius.
1634 1849 1748 1887 Vale.

286 1899 440 1950 Reperi
467 1900 619 1939 locum.
681 1901 723 1939 Is
751 1903 784 1939 si
813 1906 855 1940 te
884 1904 1076 1949 offendit,
1099 1917 1210 1953 quur
1238 1917 1323 1942 non
1350 1904 1613 1941 admonebas
1642 1909 1802 1942 antea?

229 1954 340 1991 Nam
362 1959 427 1992 est
449 1956 490 1992 in
514 1956 731 1994 veteribus
759 1957 977 2007 Epistolis.
1037 1958 1149 1996 Nam
1177 1958 1262 1996 alia
1288 1959 1426 1996 multa
1451 1959 1639 1997 correxi:
1673 1971 1797 2008 quas—

172 2026 208 2055 ¹5
229 2009 327 2046 dam
356 2009 559 2059 epistolas
588 2014 703 2048 totas
733 2012 899 2050 sustuli.
962 2013 1153 2051 Primum
1182 2013 1241 2051 ibi
1268 2026 1392 2051 nemo
1421 2014 1680 2052 nominatur.
1743 2013 1801 2051 Te

228 2064 343 2113 apud
366 2064 665 2105 Dominicanos
687 2068 927 2105 concionari
950 2081 1170 2118 nunquam
1192 2069 1307 2113 sciui,
1332 2069 1412 2106 nisi
1435 2081 1560 2106 nunc.
1621 2068 1709 2106 Nec
1738 2069 1796 2106 ibi

228 2119 453 2167 quisquam
493 2120 706 2170 culpatur,
739 2123 819 2159 nisi
853 2123 968 2172 quod
1009 2123 1203 2161 liberiore
1240 2123 1422 2161 clamore
1463 2125 1799 2173 prouocaueritis

228 2173 440 2211 diuersam
463 2179 643 2224 partem.
704 2176 893 2214 Rursum
917 2177 1031 2216 Vale.

282 2226 323 2265 Si
346 2228 532 2277 placebit
553 2243 578 2267 a
598 2231 778 2280 prandio
801 2231 997 2282 colloqui,
1021 2232 1176 2282 licebit.

530 2377 737 2419 27222723.
802 2379 940 2420 FROM
965 2380 1196 2421 AMBROSE
1220 2380 1488 2422 PELARGUS.

276 2466 478 2510 Pelangus,
499 2467 675 2502 Bellaria
695 2469 739 2503 s0.
762 2469 817 2502 Η6
837 2474 892 2504 νθ.
1401 2471 1650 2515 <Freiburg.>

1297 2526 1350 2561 <c.
1366 2520 1594 2565 Sept-Oct.
1619 2527 1747 2564 1532>

592 2595 757 2622 AMBRO.
782 2595 1010 2624 PELARGVS
1033 2597 1208 2624 ERASMO
1231 2598 1357 2624 ROTE.
1391 2598 1424 2625 S.

280 2652 404 2690 PVER
426 2656 526 2691 tuus
549 2656 622 2703 qui
644 2655 720 2693 has
743 2655 866 2694 hodie
888 2657 941 2694 ad
964 2670 1030 2695 me
1052 2658 1135 2695 iam
1165 2659 1249 2695 iam
1278 2671 1482 2707 pransum
1511 2659 1673 2696 iturum
1702 2672 1793 2708 per-

225 2707 338 2753 tulit,
358 2707 435 2745 hoc
454 2711 719 2758 purgationis
741 2710 875 2748 literis
897 2712 981 2749 tuis
998 2712 1177 2757 addidit,
1196 2726 1220 2750 a
1238 2717 1279 2750 te
1303 2714 1363 2759 (ni
1384 2713 1524 2761 fallor)
1542 2714 1791 2752 instructus.

226 2761 408 2799 Dicebat
440 2762 630 2801 Basileae
666 2765 795 2802 fuisse
828 2767 1171 2804 concionatorem
1201 2767 1416 2816 quendam
1448 2767 1791 2814 Dominicanum,

518 2835 614 2865 2721.
640 2838 693 2876 46.
716 2836 876 2868 demiror
891 2838 1125 2878 scripsimus:
1152 2838 1303 2869 dimiror
1320 2839 1492 2870 Βεῖἰανία.

267 2921 363 2950 2721.
390 2930 442 2959 51.
469 2921 525 2959 vt]
544 2922 687 2963 Plainly
704 2934 725 2953 a
742 2924 812 2964 slip
830 2924 886 2955 for
902 2936 955 2956 nc.
1041 2926 1224 2965 Epz'stolae
1243 2926 1478 2958 Palaeonacoi
1491 2927 1680 2967 reprinted
1698 2927 1792 2957 from

268 2964 364 2995 2722.
393 2974 443 3005 14.
470 2966 671 3005 veteribus]
693 2968 770 2998 The
790 2968 918 2999 letters
935 2970 971 3013 in
1042 2970 1224 3009 Epistolae
1242 2971 1418 3001 Floridae.
1460 2971 1524 3002 See
1538 2971 1608 3012 Ep.
1624 2979 1719 3010 2721.
1733 2973 1791 3001 6n.
