1966 3379
143 100 265 149 2807]
618 97 690 136 To
721 96 1019 136 z>STEPHEN
1050 96 1239 134 LORET
1635 97 1710 134 221

141 205 304 236 Navarre
321 204 469 245 printed
490 203 540 244 by
559 203 701 234 Launoi
721 203 837 242 (Reqii
858 202 1047 233 Nauarrae
1067 201 1257 241 Gymnasiz'
1276 201 1449 238 Historia,
1468 204 1561 241 1677,
1580 212 1616 243 p.
1635 203 1713 242 401)

141 248 306 289 Stephen
324 248 433 278 Loret
449 257 609 287 appears
624 257 665 277 as
686 248 693 260 ‘
707 247 852 286 Regens
870 246 1097 276 Artistarum
1110 245 1131 281 “,
1152 245 1335 276 admitted
1360 254 1461 284 1510;
1489 247 1533 276 he
1555 256 1714 286 appears

141 302 275 332 among
292 291 355 322 the
377 291 578 331 ‘theologi'
606 291 642 320 in
663 299 742 329 1512
761 292 834 320 and
858 299 899 320 as
925 289 1160 329 ‘designatus
1186 290 1221 319 in
1246 289 1431 329 theologia
1455 289 1648 329 magister'
1676 290 1713 320 in

143 344 245 374 1515:
270 336 306 365 in
319 335 416 366 June
433 343 513 373 1515
529 335 573 364 he
587 335 616 364 is
630 333 841 364 mentioned
854 343 988 373 among
1002 333 1064 363 the
1078 334 1085 346 ‘
1099 333 1185 363 socii
1198 333 1218 368 ⁷,
1236 333 1336 367 ibid..
1352 343 1388 372 p.
1405 342 1477 372 241.
1512 333 1555 363 In
1569 343 1590 363 a
1603 333 1714 364 letter

140 379 178 410 01
195 379 334 415 Calvin,
353 389 382 409 0.
405 378 468 409 fin.
494 378 574 409 Oet.
599 387 693 417 1533,
711 378 756 408 he
777 378 806 408 is
828 377 970 417 spoken
990 377 1028 407 of
1048 387 1088 407 as
1105 376 1386 407 Grand-master
1405 377 1442 406 01
1465 376 1528 407 1110
1549 376 1710 417 CoHege;

140 422 388 462 Herminjard,
407 422 455 458 iii,
474 432 510 462 p.
532 422 604 452 108.
654 421 711 452 He
734 421 823 451 took
843 431 890 451 an
910 421 1031 451 active
1052 425 1137 460 part
1156 420 1193 450 in
1215 420 1429 459 combating
1448 420 1617 456 heresies,
1639 421 1713 451 and

140 467 177 497 in
194 475 276 505 1525
295 465 454 503 (13011510,
474 475 510 505 p.
529 466 586 501 68)
605 465 738 505 figures
755 475 795 495 as
812 475 881 495 one
898 464 936 495 of
952 464 1017 495 the
1034 464 1173 494 faction
1190 464 1227 494 of
1244 463 1357 494 Beda.
1408 463 1451 493 In
1477 473 1558 502 1533
1576 464 1621 494 he
1638 474 1713 495 was

139 510 341 541 concerned
360 509 395 539 in
414 509 477 540 the
494 509 642 539 attacks
659 519 707 539 on
724 509 765 539 G.
786 508 941 538 Roussel
958 508 1031 538 and
1049 508 1113 537 the
1136 507 1263 543 Queen
1285 507 1323 537 of
1344 507 1508 537 Navarre
1526 508 1710 544 (Hermin-

137 554 230 593 jard,
250 553 298 589 iii,
319 563 382 593 pp.
401 553 454 591 58,
475 553 555 587 108;
582 552 728 588 Delisle,
747 563 783 592 p.
803 553 872 590 89).
913 552 949 582 It
964 551 1084 582 would
1101 561 1241 591 appear
1256 550 1349 581 from
1366 561 1388 581 a
1406 551 1515 581 letter
1532 552 1569 582 of
1587 551 1712 582 Sturm

139 601 178 628 to
196 597 315 628 Bucer
332 597 416 628 that
433 597 470 627 in
489 596 570 627 Oct.
593 606 674 636 1533
694 597 738 627 he
754 606 829 626 was
846 599 917 636 put
933 595 1051 626 under
1067 599 1185 625 arrest
1203 594 1469 634 (Herminjard‚
1489 595 1536 630 iii,
1556 605 1592 635 p.
1611 595 1697 635 94).]

193 656 319 703 QVOD
332 656 535 694 eximium
552 655 672 693 illum
689 655 887 693 ecclesiae
901 655 1119 692 doctorem
1136 654 1317 692 Paulum
1331 654 1483 692 celebri
1500 654 1712 692 auditorio

138 711 320 749 fideliter
349 715 393 748 et
425 715 623 748 accurate
656 711 785 748 trium
818 710 970 760 peritia
1002 709 1242 758 linguarum
1275 710 1509 747 instructus
1541 721 1712 747 enarras

138 767 339 803 maiorem
370 766 412 802 in
445 764 620 803 modum
652 764 829 815 gaudeo.
891 764 1000 802 Tum
1031 763 1147 813 quod
1177 763 1333 801 alicubi
1364 764 1562 801 dissentis
1591 777 1616 801 a
1646 777 1712 802 me

138 833 222 858 non
255 820 461 870 improbo.
522 819 614 857 Tuo
647 820 735 857 iure
765 819 881 857 facis.
941 818 1052 856 Nam
1084 818 1282 856 omnibus
1317 823 1382 856 est
1412 818 1713 868 anteponenda

138 876 307 920 veritas,
337 875 587 925 praesertim
615 875 657 912 in
686 875 814 912 sacris
841 874 1008 919 litteris,
1030 886 1107 911 nec
1132 874 1317 923 optarim
1340 886 1585 922 quenquam
1606 873 1712 911 adeo
1732 889 1750 919 5

136 942 255 968 meae
275 929 419 967 fauere
442 929 600 979 gloriae
622 933 671 966 vt
692 930 734 966 in
755 929 938 978 gratiam
960 941 1098 966 meam
1121 928 1177 965 sit
1197 941 1296 978 erga
1317 927 1506 965 diuinam
1532 929 1710 978 scriptu-

136 997 226 1022 ram
262 985 450 1022 iniurius.
511 983 577 1021 Ad
618 983 720 1021 haec
754 983 868 1033 quod
900 984 1009 1021 151110
1042 983 1146 1020 facis
1178 995 1273 1020 cum
1308 983 1634 1033 exaggeratione
1669 987 1712 1020 et

136 1039 369 1083 stomacho,
398 1051 582 1088 aequum
613 1042 678 1076 est
708 1051 774 1076 me
806 1038 895 1076 zelo
925 1042 1001 1075 tuo
1032 1039 1256 1087 ignoscere,
1285 1050 1411 1087 quem
1442 1038 1627 1075 arbitror
1657 1037 1712 1075 ab

136 1095 251 1131 omni
285 1093 383 1131 1000
417 1097 461 1131 01
493 1092 793 1131 maleuolentia
832 1105 921 1130 esse
955 1092 1151 1130 alienum.
1211 1091 1409 1130 Ceterum
1441 1092 1556 1141 quod
1588 1097 1632 1130 et
1663 1105 1713 1130 ea

135 1161 244 1198 quae
272 1148 542 1198 reprehendis
569 1152 613 1186 et
640 1148 910 1186 stomachum
938 1148 1127 1185 maxima
1153 1160 1204 1184 ex
1234 1151 1354 1197 parte
1385 1148 1516 1185 sumis
1547 1160 1597 1184 ex
1630 1146 1710 1185 col·
1735 1163 1774 1184 10

134 1203 366 1241 lationibus
413 1203 673 1241 Titelmanni
715 1203 748 1240 F
751 1203 997 1247 ranciscani,
1040 1202 1162 1239 crede
1208 1202 1324 1247 mihi,
1370 1215 1455 1240 non
1500 1203 1712 1252 optimum

133 1259 320 1307 sequeris
340 1262 548 1296 autorem.

190 1312 330 1359 Quum
360 1312 434 1350 illa
463 1312 666 1350 scriberet
696 1313 874 1358 iuuenis,
906 1325 1055 1362 parum
1085 1315 1179 1349 erat
1208 1311 1263 1349 ad
1294 1312 1372 1350 hoc
1402 1312 1621 1361 negotium
1652 1312 1711 1349 in-

135 1372 338 1412 structus,
371 1380 455 1405 non
492 1367 690 1405 Latinam
723 1367 912 1417 linguam
953 1367 1057 1405 satis
1097 1366 1254 1404 callens
1293 1371 1337 1404 et
1376 1365 1518 1404 Grecis
1557 1366 1712 1404 litteris

135 1422 289 1460 leuiter
310 1423 482 1460 tinctus.
542 1422 684 1471 Atque
706 1423 872 1460 vtinam
900 1422 955 1459 ad
982 1435 1074 1460 eam
1103 1422 1366 1471 prouinciam
1394 1426 1567 1459 tantum
1595 1426 1710 1459 0110-
1734 1436 1772 1466 15

135 1477 253 1514 115501
272 1476 523 1515 eruditionis
543 1490 591 1515 ac
613 1477 755 1514 iudicii
777 1481 989 1526 quantum
1011 1476 1163 1514 attulit
1184 1477 1412 1526 spirituum
1440 1480 1484 1514 01
1500 1476 1710 1514 confiden-

134 1532 232 1570 tiae.
278 1531 529 1569 Incredibile
546 1532 663 1570 dictu
686 1532 765 1569 sub
787 1531 859 1569 illa
880 1532 1076 1569 cinericia
1092 1536 1210 1569 veste
1226 1535 1270 1568 et
1287 1531 1437 1569 vmbra
1455 1531 1712 1569 humilitatis

135 1590 347 1636 quantum
381 1586 517 1624 lateat
548 1587 830 1636 arrogantiae.
890 1586 1044 1636 Itaque
1078 1591 1222 1636 patres
1257 1586 1318 1623 illi
1348 1599 1433 1624 non
1465 1586 1552 1624 sine
1583 1599 1712 1624 causa

135 1642 373 1691 imposuere
401 1641 579 1679 frenum.
640 1641 722 1679 Sed
750 1642 783 1679 si
811 1654 897 1679 non
925 1645 1130 1690 grauatus
1155 1654 1198 1678 es
1224 1645 1375 1678 tantus
1403 1641 1553 1679 doctor
1582 1641 1709 1679 Titel-

134 1697 351 1735 mannicas
372 1696 621 1734 collationes
642 1696 788 1746 legere,
811 1709 912 1746 rogo
934 1709 985 1733 ne
1006 1697 1192 1745 graueris
1213 1700 1256 1734 et
1277 1696 1348 1733 illa
1370 1695 1504 1746 legere
1526 1708 1636 1745 quae
1656 1695 1711 1733 ad
1732 1711 1773 1732 20

134 1764 205 1789 eas
230 1751 535 1800 respondimuS,
565 1764 811 1801 quanquam
841 1751 883 1789 id
913 1764 938 1788 a
968 1751 1090 1788 nobis
1120 1751 1285 1788 factum
1316 1755 1381 1788 est
1406 1750 1633 1796 leuissimo,
1663 1754 1712 1788 vt

133 1805 300 1851 dicitur,
320 1805 510 1843 brachio:
534 1819 759 1856 suppresso
775 1807 903 1844 etiam
922 1806 1034 1843 illius
1050 1807 1232 1851 nomine,
1249 1819 1300 1843 110
1317 1806 1480 1843 10001115
1496 1805 1713 1844 ardentior

133 1873 263 1910 quam
285 1873 361 1910 par
380 1865 446 1898 est
466 1862 599 1910 magis
619 1861 749 1898 etiam
771 1861 1001 1899 iritaretur.

188 1914 293 1965 Sepe
315 1919 501 1953 testatus
523 1928 615 1953 sum
644 1929 710 1953 me
735 1917 971 1954 versionem
999 1916 1099 1953 noui
1127 1916 1376 1953 testamenti
1404 1919 1555 1953 contra
1582 1915 1712 1953 animi

136 1971 216 2007 mei
256 1971 510 2007 sententiam
552 1971 795 2020 suscepisse.
856 1970 937 2008 Sed
974 1970 1055 2008 11110
1096 1970 1375 2020 perpulerunt
1407 1970 1711 2008 reclamantem
1732 1985 1772 2015 25

134 2025 206 2074 qui
234 2026 367 2075 magis
392 2025 633 2063 consultum
657 2025 887 2063 voluerunt
915 2025 1172 2075 typographi
1200 2025 1434 2063 commodis
1461 2038 1589 2074 quam
1618 2038 1712 2063 meo

134 2080 305 2117 nomini.
365 2079 475 2126 Quin
496 2084 540 2117 et
560 2080 665 2118 illud
687 2093 897 2130 nusquam
921 2093 1005 2118 non
1034 2080 1171 2118 clamo
1199 2093 1336 2118 meam
1365 2081 1599 2118 versionem
1627 2093 1711 2118 non

135 2134 212 2172 hoc
238 2135 380 2172 animo
401 2135 616 2184 proditam
646 2139 695 2173 vt
723 2139 909 2173 veterem
937 2135 1143 2173 extrudat
1170 2140 1247 2173 aut
1269 2140 1317 2172 vt
1339 2135 1507 2185 publice
1532 2134 1710 2184 legatur,

134 2189 206 2226 sed
228 2202 278 2226 ex
301 2189 527 2227 collatione
550 2194 674 2227 vetus
695 2190 845 2228 melius
866 2190 1185 2239 intelligeretur,
1209 2190 1420 2239 simulque
1442 2191 1711 2240 perspicuum

132 2248 241 2281 esset
260 2249 472 2293 quantum
489 2244 717 2282 Grecorum
741 2245 1080 2282 orthodoxorum
1103 2245 1228 2282 lectio
1251 2245 1381 2282 distet
1402 2258 1427 2282 a
1446 2245 1709 2282 Latinorum.
1732 2261 1774 2290 30

134 2298 184 2335 Id
201 2298 316 2348 quod
334 2299 642 2348 propemodum
660 2301 940 2337 necessarium
957 2304 1049 2337 erat
1067 2300 1120 2337 ob
1137 2299 1366 2338 Grecorum
1385 2300 1712 2337 commentarios

134 2354 207 2402 qui
237 2353 483 2403 frequenter
511 2367 594 2391 non
622 2354 881 2404 respondent
909 2355 962 2392 ad
994 2354 1193 2392 Latinam
1225 2355 1468 2392 editionem.
1529 2354 1711 2392 Proinde

132 2407 344 2445 falluntur
366 2409 667 2457 imaginatione
690 2410 762 2458 qui
784 2409 963 2447 credunt
984 2422 1051 2447 me
1074 2409 1332 2447 labefactare
1354 2414 1541 2447 veterem
1568 2422 1616 2446 ac
1644 2413 1711 2446 tot

133 2462 282 2500 seculis
319 2467 533 2513 receptam
567 2464 816 2501 versionem.
878 2464 1057 2502 Etiamsi
1094 2464 1288 2514 pontifex
1330 2465 1408 2502 hoc
1448 2464 1590 2509 vellet,
1624 2464 1711 2513 ipse

133 2517 350 2555 obstarem
379 2531 456 2567 pro
485 2519 657 2556 viribus.
720 2518 946 2556 Falluntur
969 2524 1013 2557 et
1041 2520 1068 2556 ii
1093 2520 1165 2568 qui
1191 2532 1275 2557 non
1303 2519 1573 2568 distinguunt
1602 2519 1712 2556 inter
1731 2533 1771 2563 35

134 2573 289 2609 veteris
311 2573 554 2622 interpretis
577 2574 898 2611 translationem
921 2578 965 2611 01
990 2574 1223 2611 scribarum
1250 2578 1327 2611 aut
1354 2574 1534 2611 aliorum
1563 2573 1708 2623 depra-

134 2627 362 2671 nationem,
382 2628 491 2665 inter
508 2627 669 2666 fontem
687 2629 993 2678 scripturarum
1010 2633 1053 2666 et
1070 2629 1243 2666 lacunas
1262 2629 1481 2666 hominum
1499 2628 1711 2677 imperitia

133 2685 210 2719 aut
238 2682 399 2719 incuria
426 2683 614 2720 vitiatas.
677 2683 833 2720 Errant
863 2687 907 2720 01
937 2683 995 2720 1111
1025 2684 1097 2732 qui
1128 2696 1265 2721 meam
1298 2685 1533 2721 versionem
1565 2683 1710 2731 legunt

132 2736 293 2785 absque
333 2738 696 2775 annotationibus.
759 2737 808 2775 111
850 2738 1129 2776 translatione
1169 2751 1253 2775 non
1294 2738 1392 2775 licet
1428 2739 1506 2775 nisi
1542 2738 1708 2774 vnicam

133 2791 389 2828 sententiam
421 2793 668 2842 exprimere,
700 2794 741 2830 in
771 2793 1124 2831 annotationibus
1152 2793 1251 2831 licet
1280 2793 1432 2830 referre
1461 2792 1661 2836 diuersas,
1688 2804 1709 2828 0
1729 2806 1771 2836 40

600 2968 651 2998 24.
679 2958 855 2996 testatus]
874 2958 939 2989 See
957 2958 1026 2999 Ep.
1048 2959 1142 2998 2758.
1167 2968 1240 2989 1211.
