1966 3379
228 114 307 152 350
657 115 916 155 LETTERS
947 116 1017 155 OF
1046 116 1313 156 ER-ASMUS
1674 119 1798 167 [1534

167 235 209 266 30
228 220 442 258 mentibus
477 222 730 258 seruiremus
765 234 910 258 omnes
941 221 1123 259 Domino
1156 222 1197 259 in
1233 234 1310 258 sua
1345 221 1524 270 quisque
1558 222 1793 260 vocatione.

228 275 308 312 Hic
330 277 643 313 commissarius
665 276 836 313 videtur
857 277 990 313 iratus
1007 275 1238 325 Colloquiis
1255 277 1370 320 meis,
1389 276 1504 325 quod
1527 275 1609 313 illic
1632 276 1795 314 ridetur

227 329 497 378 quorundam
520 331 778 379 superstitio,
797 332 867 379 qui
890 344 931 367 sc
954 335 1072 367 tutos
1094 332 1300 379 <putant>
1321 343 1345 367 a
1366 330 1557 379 gehenna
1577 334 1621 367 et
1643 343 1793 380 purga-

228 385 349 428 torio,
368 380 410 421 ‘si
439 385 698 434 sepeliantur
726 390 842 422 veste
873 385 1165 429 Franciscana,
1188 397 1273 433 quo
1303 385 1401 421 fuco
1432 385 1502 421 isti
1534 385 1616 422 iam
1648 385 1794 422 multis

228 438 378 476 seculis
418 439 655 488 imposuere
690 439 862 476 mundo.
933 439 1019 477 Nec
1060 444 1239 488 possunt
1280 438 1356 476 hoc
1398 440 1439 476 in
1479 439 1554 476 hos
1589 443 1666 476 aut
1700 439 1794 477 illos

166 508 207 538 35
228 493 530 531 Franciscanos
566 495 757 531 reiiccrc:
804 495 881 543 ipsi
924 494 1025 531 haec
1065 494 1266 539 dogmata
1306 493 1610 531 circumferunt
1651 494 1794 543 regula

227 548 442 585 adiuncta.
489 548 575 585 Nec
593 549 746 585 dubito
767 549 868 597 quin
893 548 999 585 idem
1024 561 1130 597 opus
1154 548 1395 585 huiusmodi
1417 549 1616 585 conuiciis
1637 549 1793 598 passim

228 615 462 651 respersum
498 604 564 640 sit.
625 602 746 648 Quod
783 604 813 639 si
850 603 972 639 isthic
1006 602 1069 639 fas
1104 607 1169 639 est
1202 602 1360 639 talibus
1397 602 1557 640 rabulis
1589 603 1792 652 quicquid

227 658 326 706 ipsis
357 657 609 694 collubitum
639 658 779 701 fuerit,
810 671 882 706 per
913 657 1205 706 typographos
1233 658 1274 694 in
1304 656 1455 705 vulgus
1486 658 1694 703 emittere,
1718 671 1793 695 nec

226 711 332 761 phas
352 713 434 749 erit
455 712 661 749 excudere
680 713 757 749 nisi
776 712 887 760 quod
911 712 1069 748 talibus
1086 712 1259 749 arbitris
1281 711 1454 760 placuit,
1473 711 1574 760 quid
1596 711 1790 750 futurum

164 782 207 812 40
226 770 515 816 expectamus,
538 767 617 803 nisi
640 772 687 803 vt
709 767 891 803 exclusis
920 766 1040 803 bonis
1062 766 1315 803 authoribus
1344 770 1513 814 praeter
1535 766 1729 803 indoctas
1750 772 1793 804 et

227 821 407 858 insulsas
429 821 607 858 istorum
631 822 801 859 naenias
822 821 925 858 nihil
944 825 1111 858 teratur
1128 821 1354 858 manibus?
1396 821 1486 868 Ego
1504 821 1794 859 Franciscanis

226 875 346 912 bonis
367 888 417 913 ex
440 877 582 913 animo
609 876 745 920 fanco,
769 889 923 925 eosque
952 888 1028 925 pro
1050 888 1143 912 mea
1165 876 1379 912 tenuitate
1403 876 1533 912 etiam
1560 876 1792 925 pecuniolis

226 931 337 967 iuno.
399 930 554 967 Verum
577 931 609 967 si
636 931 742 967 tales
767 934 905 967 essent
934 943 1092 975 omncs,
1115 930 1252 979 qualis
1273 934 1339 967 est
1360 930 1440 967 iste
1462 931 1790 976 commissarius,

226 985 549 1033 pronunciarem
582 985 729 1035 (lignos
761 986 845 1034 qui,
882 998 958 1034 pro
989 985 1146 1030 tritico,
1178 984 1302 1022 foeno
1334 989 1620 1034 pascerentur.
1681 985 1791 1023 Nam

164 1053 205 1084 45
225 1039 305 1076 iste
326 1040 638 1077 commissarius
659 1041 950 1077 cismontanus
972 1040 1043 1076 vix
1066 1039 1241 1077 idoneus
1266 1039 1449 1084 videtur,
1473 1040 1539 1076 cui
1567 1052 1667 1088 grex
1697 1052 1791 1089 por-

225 1106 369 1131 corum
385 1095 694 1132 committatur.
739 1095 867 1131 Mitto
881 1098 966 1131 tres
981 1095 1167 1143 paginas,
1183 1097 1232 1130 vt
1247 1093 1458 1141 intelligat
1472 1099 1547 1131 tua
1564 1094 1792 1143 prudentia

224 1161 307 1185 non
330 1161 418 1186 esse
439 1150 649 1186 somnium
672 1154 747 1187 aut
771 1162 927 1186 vanum
951 1161 1173 1193 rumorem,
1197 1148 1310 1197 quod
1333 1161 1470 1186 narro.

279 1202 375 1240 Non
397 1203 602 1251 dignabor
624 1216 719 1241 cum
742 1203 900 1240 talibus
922 1204 1075 1240 scurris
1097 1203 1344 1241 conflictari.
1395 1202 1476 1240 Sed
1498 1204 1531 1239 si
1552 1216 1636 1240 non
1660 1205 1792 1253 magis

224 1257 417 1295 timerem
449 1258 586 1295 Deum
617 1271 744 1307 quam
777 1258 979 1295 Sanctum
1012 1258 1295 1302 Franciscum,
1329 1262 1558 1295 tractarem
1591 1258 1684 1295 illos
1715 1271 1791 1308 pro

164 1326 205 1355 50
224 1324 299 1349 sua
338 1312 559 1361 dignitate,
601 1313 773 1361 quando
814 1313 975 1350 nullum
1018 1312 1183 1349 faciunt
1222 1312 1359 1350 finem.
1435 1312 1609 1350 Vestrae
1650 1314 1791 1362 potius

223 1366 520 1404 sollicitudinis
548 1367 676 1405 fuerit
705 1368 882 1405 istorum
914 1367 1202 1416 petulanciam
1234 1367 1441 1412 cohibere,
1468 1380 1551 1404 non
1580 1372 1669 1404 tam
1698 1380 1791 1405 mea

223 1434 383 1466 caussa,
407 1423 473 1458 cui
494 1435 578 1459 non
600 1422 868 1459 mediocriter
897 1422 1064 1465 fauetis,
1087 1434 1214 1471 quam
1243 1422 1437 1471 publicae
1463 1421 1792 1471 tranquillitatis

221 1477 370 1525 gratia.
430 1475 639 1521 Quorsum
673 1478 783 1515 enim
818 1481 985 1526 spectat
1019 1476 1188 1514 effrenis
1221 1477 1303 1514 ista
1339 1476 1594 1526 petulancia,
1626 1477 1706 1514 nisi
1736 1477 1790 1514 ad

222 1531 457 1568 tumultum
474 1536 489 1568 ‘3
547 1531 685 1577 Quare
713 1536 833 1569 tuam
866 1531 917 1568 R..
946 1531 1275 1581 amplitudinem
1306 1532 1509 1568 maiorem
1539 1532 1581 1568 in
1612 1531 1787 1569 modum

161 1598 200 1628 55
221 1597 333 1634 rogo,
365 1590 496 1631 curet,
530 1590 577 1623 vt·
608 1586 729 1623 aulae
759 1587 971 1624 autoritas
1002 1587 1183 1623 istorum
1218 1585 1484 1635 petulantiae
1515 1585 1683 1623 frenum
1714 1587 1788 1623 im-

221 1643 365 1689 ponat.
426 1641 597 1678 Etenim
633 1641 666 1677 si
702 1640 860 1678 talibus
895 1641 1048 1678 scurris
1083 1641 1177 1678 istic
1213 1641 1311 1677 licet
1348 1640 1462 1690 quod
1499 1640 1616 1685 libet,
1650 1641 1790 1678 nescio

221 1707 349 1743 quam
372 1695 427 1732 sit
447 1695 550 1732 mihi
572 1695 843 1733 commodum
864 1695 1059 1732 futurum
1081 1695 1196 1745 apud
1223 1708 1298 1731 vos
1318 1707 1453 1744 agere.
1513 1694 1657 1733 Statui
1677 1696 1789 1732 enim

220 1761 296 1786 vos
317 1749 395 1786 sub
418 1749 541 1787 finem
564 1749 720 1799 Aprilis
750 1751 942 1795 reuisere,
966 1751 999 1787 si
1028 1750 1236 1787 Dominus
1264 1749 1511 1799 dignabitur
1538 1750 1606 1787 vel
1631 1750 1788 1787 medio-

219 1815 331 1840 crem
353 1803 454 1841 dare
475 1804 778 1842 valetudinem.
829 1804 1008 1842 Interim
1030 1817 1104 1845 oro
1126 1809 1174 1842 vt
1195 1804 1369 1842 solitum
1391 1817 1488 1854 erga
1511 1817 1577 1842 me
1599 1804 1789 1842 fauorem

157 1864 200 1893 60
219 1859 450 1896 retineatis.
510 1896 514 1900 .

273 1913 435 1951 Datum
456 1913 571 1963 apud
593 1913 846 1964 Friburgum
868 1913 1081 1963 Brisgoae.
1142 1914 1266 1951 Anno
1291 1923 1407 1963 1534.

532 2105 660 2142 2900.
726 2102 864 2142 FROM
897 2101 1235 2142 CHRISTOPHER
1268 2100 1473 2142 GERING.

266 2191 426 2235 Leipzig
444 2191 526 2225 MS.
1429 2191 1654 2235 Augsburg.

266 2240 348 2273 EE.
371 2250 452 2274 200.
1356 2251 1402 2284 30
1420 2241 1608 2284 January
1632 2250 1736 2283 1534.

261 2323 333 2360 [An
352 2323 503 2363 original
518 2324 638 2356 letter.
657 2325 866 2365 autograph
883 2325 1125 2366 throughout.
1161 2325 1238 2355 The
1256 2325 1342 2356 date
1359 2334 1476 2355 seems
1493 2328 1533 2354 to
1550 2324 1689 2354 receive
1704 2333 1786 2354 con-

216 2366 402 2398 firmation
415 2367 507 2397 from
520 2367 588 2407 Ep.
603 2370 699 2405 2906.
719 2378 729 2398 1
740 2369 856 2407 18-24.
869 2369 1007 2399 carried
1020 2369 1125 2401 back.
1138 2369 1166 2399 it
1181 2369 1210 2399 is
1225 2373 1263 2399 to
1276 2369 1322 2399 be
1335 2368 1507 2401 inferred.
1520 2368 1569 2408 by
1583 2368 1646 2398 the
1661 2367 1788 2398 bearet

215 2410 254 2440 of
270 2411 334 2441 the
352 2416 501 2450 present
518 2411 647 2446 letter;
668 2412 788 2442 where
801 2423 822 2442 a
835 2413 945 2443 letter
958 2416 997 2443 to
1011 2412 1268 2452 Paungartner
1281 2413 1310 2442 is
1321 2411 1546 2447 mentioned,
1562 2415 1625 2442 not
1641 2415 1785 2446 extant,

217 2454 454 2493 presumably
476 2455 659 2494 thanking
680 2456 756 2485 him
780 2456 836 2486 for
857 2456 913 2486 his
935 2456 1017 2496 gift,
1035 2456 1109 2486 and
1131 2456 1251 2486 where
1272 2457 1301 2486 it
1324 2456 1352 2486 is
1374 2456 1487 2486 taken
1508 2465 1548 2485 as
1570 2455 1681 2494 likely
1703 2455 1787 2485 that

216 2497 472 2537 Paungartner
489 2498 518 2527 is
535 2504 598 2528 not
618 2499 654 2528 in
673 2499 869 2539 Augsburg
887 2500 937 2536 (in
955 2500 1073 2530 which
1091 2510 1172 2530 case
1195 2499 1381 2530 Erasmus'
1406 2499 1516 2529 letter
1536 2502 1575 2529 to
1598 2499 1673 2528 him
1695 2499 1725 2528 is
1747 2502 1788 2529 to

216 2541 261 2571 be
284 2541 431 2571 hancled
456 2545 495 2571 to
520 2541 680 2582 Gering).
730 2543 786 2572 On
812 2546 853 2573 26
869 2543 967 2574 June
988 2553 1069 2582 1534
1088 2543 1196 2580 (EE2.
1218 2544 1278 2573 118
1297 2557 1323 2566 =
1343 2543 1412 2582 Ep.
1433 2543 1533 2581 2949)
1550 2542 1624 2572 and
1642 2543 1682 2572 28
1698 2542 1784 2572 Jan.

219 2593 299 2623 1535
325 2584 416 2621 (EE.
439 2587 502 2615 216
521 2598 547 2608 =
567 2585 635 2625 Ep.
659 2587 757 2623 2089)
783 2586 918 2626 Gering
941 2591 1055 2617 wrote
1080 2592 1119 2617 to
1143 2587 1320 2617 Erasmus
1344 2587 1452 2617 other
1475 2586 1614 2621 lettera
1639 2585 1787 2626 equally

216 2628 309 2658 brief
329 2628 403 2658 and
424 2629 694 2659 business-like.
736 2630 779 2659 In
798 2630 866 2670 Ep.
886 2634 982 2667 2906.
1006 2640 1065 2670 124
1090 2631 1266 2661 Erasmus
1290 2630 1378 2660 calls
1400 2630 1475 2660 him
1498 2629 1786 2669 Paungartner's

208 2671 377 2711 famulus
405 2672 504 2708 (here
533 2672 722 2709 minister).
773 2674 816 2703 In
843 2674 913 2713 Ep.
944 2675 1029 2712 2989
1057 2675 1101 2705 he
1128 2675 1226 2714 signs
1250 2674 1395 2704 himself
1421 2672 1691 2704 ‘secretarius’.
1740 2673 1784 2703 In

214 2715 323 2746 Basle
345 2715 417 2746 MS.
437 2715 479 2745 G.
498 2716 548 2745 II.
571 2725 619 2754 17.
640 2718 767 2755 287-00
791 2727 852 2747 are
877 2718 1004 2748 letters
1029 2718 1067 2748 of
1095 2727 1177 2757 1537
1200 2722 1238 2748 to
1263 2717 1438 2748 Boniface
1460 2717 1667 2747 Amerbach
1690 2716 1785 2746 from

215 2759 360 2799 Gering‚
386 2759 501 2789 about
528 2759 644 2790 books
670 2765 749 2790 sent
779 2764 818 2790 to
848 2761 903 2791 his
927 2766 1065 2791 master
1088 2761 1187 2792 John
1215 2761 1482 2800 Paungartner,
1508 2759 1695 2800 including
1721 2760 1784 2790 the

215 2802 401 2842 Colloquia
418 2803 574 2833 Erasmi.
622 2803 697 2833 But
715 2804 908 2835 otherwise
925 2815 977 2835 we
996 2805 1104 2835 know
1121 2805 1277 2844 nothing
1293 2804 1331 2835 of
1351 2804 1454 2842 him.]

258 2911 354 2942 2899.
381 2921 433 2950 31.
459 2911 669 2951 Colloquiis]
687 2912 763 2942 The
781 2913 963 2943 reference
1031 2913 1135 2952 quiae
1162 2913 1376 2953 seraphicac.
1424 2913 1501 2943 The
1529 2913 1662 2944 second
1694 2913 1781 2943 larn-

214 2955 243 2986 is
260 2959 299 2986 to
317 2955 380 2986 the
397 2955 601 2995 Colloquies
618 2955 747 2986 Funus
764 2956 837 2986 and
855 2957 962 2987 Eaese-
1032 2967 1148 2997 poons
1166 2958 1229 2987 the
1246 2957 1341 2988 dead
1359 2957 1534 2988 Albertus
1551 2957 1648 2987 Pius.
