1966 3379
251 106 332 143 400
803 105 1101 144 APPENDIX
1135 107 1269 145 XXII

266 251 395 291 DES.
432 250 602 292 ERAS.
640 250 945 292 ROTEROD.
977 252 1385 294 COMPENDIVM
1422 254 1810 296 RHETORICES

638 353 728 390 Ars.

638 408 817 446 Artifex.

639 463 768 513 Opus.

544 517 686 555 Genus
709 518 916 563 iudiciale,
939 520 1027 556 siue
1050 519 1226 556 forense.

545 572 688 610 Genus
709 573 1049 618 deliberatiuuim
1072 575 1160 612 siue
1181 576 1431 613 suasorium.

545 628 687 665 Genus
708 628 1113 674 demonstratiuum,
1136 631 1224 667 siue
1247 629 1550 668 laudatorium.

259 546 374 583 Artis
397 558 483 583 ma-

218 615 235 643 5
258 601 363 638 teria

502 705 703 742 Inuentio
724 718 863 743 rerum

501 760 886 809 Dispositio.i.ordo
1164 761 1332 799 Natura

258 814 444 852 Artificis
504 814 738 864 Eloquutio
946 816 1146 853 Facultas
1168 816 1271 854 Arte

201 889 238 910 10
258 870 395 907 officia
508 869 712 907 Memoria
948 875 1128 920 paratur
1172 871 1419 910 Imitatione

508 925 809 962 Pronuntiatio
831 926 919 962 siue
1171 930 1215 963 et
1236 940 1328 964 vsu.

504 981 629 1018 actio.

636 1057 884 1099 Exordium,
908 1062 1033 1107 parat
1054 1058 1307 1096 auditorem.

635 1112 848 1157 Narratio,
871 1113 1049 1162 exponit
1070 1126 1254 1151 causam.

203 1185 240 1215 15
638 1167 812 1212 Diuisio,
835 1167 1024 1205 ostendit
1046 1172 1209 1205 statum
1232 1182 1396 1213 causae,
1419 1173 1463 1207 ct
1484 1170 1701 1219 promittit
1721 1172 1801 1207 etc.

261 1221 408 1272 Operis
430 1225 575 1271 partes
632 1222 921 1259 Confirmatio.

635 1276 897 1315 Confutatio.

636 1330 861 1369 Conclusio
882 1332 970 1369 siue
992 1333 1215 1382 peroratio.

748 1386 1008 1437 Principium
1124 1388 1307 1426 Rectum

202 1459 243 1480 20
262 1441 498 1479 Exordium

748 1496 988 1534 Insinuatio
1120 1496 1316 1547 Obliqua.

724 1574 977 1617 Beneuolus,
1002 1578 1050 1610 vt
1071 1573 1230 1613 faueat.

724 1629 944 1675 Attentus,
968 1630 1009 1666 in
1032 1629 1220 1668 minutis.

724 1684 883 1721 Docilis
905 1685 945 1721 in
967 1684 1220 1723 difficilibus.

263 1601 498 1638 Exordium
521 1602 610 1650 agit

264 1660 312 1693 vt
333 1656 505 1693 auditor
526 1657 581 1693 sit

205 1776 243 1806 25
264 1766 499 1804 Exordium
532 1767 746 1812 vitiosum,
775 1780 1014 1813 commune,
1042 1768 1240 1813 alienum,
1264 1767 1451 1817 vulgare,
1481 1768 1707 1818 prolixum,
1737 1779 1833 1805 con-

265 1822 459 1867 citatum,
484 1821 724 1867 verbosum,
746 1826 827 1860 etc.

265 1875 498 1926 Optimum,
516 1877 636 1925 quod
657 1890 709 1914 ex
731 1890 884 1914 causae
906 1878 1138 1915 visceribus
1160 1878 1355 1916 sumitur.

519 1931 734 1970 Narratio.
957 1933 1193 1982 Expositio.

267 1986 428 2031 Breuis,
451 1985 648 2032 dilucida,
673 1987 924 2033 verisimilis,
946 1989 1145 2038 apposita
1166 1987 1221 2025 ad
1243 2000 1428 2025 causam.

205 2052 247 2083 30
267 2041 382 2078 Haec
399 2054 485 2079 non
501 2046 840 2091 argumentatur,
856 2042 929 2080 sed
947 2043 1078 2080 habet
1094 2047 1442 2092 argumentorum
1462 2043 1649 2092 inspersa
1663 2042 1836 2080 semina.

643 2152 805 2190 Diuisio
826 2152 954 2190 limen
975 2157 1041 2190 est
1062 2153 1459 2203 argumentationis

267 2217 330 2254 Ea
361 2217 468 2255 duas
499 2218 715 2255 interdum
746 2218 879 2256 habet
909 2223 1065 2268 partes.
1126 2218 1177 2256 In
1210 2219 1348 2268 priore
1381 2218 1571 2256 ostendit
1600 2222 1763 2256 statum
1796 2221 1839 2256 et

268 2276 400 2322 caput
421 2285 584 2310 causae.
646 2273 696 2310 In
725 2273 912 2311 secunda
941 2274 1170 2323 promittit,
1200 2277 1306 2322 quot
1337 2277 1479 2323 partes
1511 2277 1553 2310 et
1581 2285 1665 2322 quo
1693 2273 1838 2310 ordine

269 2328 324 2364 sit
345 2327 551 2372 dicturus,
569 2331 646 2365 aut
667 2329 915 2365 summatim
938 2329 1139 2374 ostendit,
1158 2328 1312 2378 quibus
1335 2328 1386 2365 de
1408 2328 1533 2366 rebus
1555 2329 1609 2365 sit
1631 2328 1838 2373 dicturus,

208 2397 248 2428 35
268 2383 301 2419 si
323 2381 429 2419 illud
451 2395 535 2419 non
556 2386 622 2419 est
643 2383 926 2421 commodum.

969 2437 1131 2475 Status.

269 2502 532 2540 Constitutio
563 2504 649 2541 siue
681 2507 833 2549 status
865 2508 931 2541 est
961 2508 1093 2554 caput
1123 2505 1258 2542 totius
1289 2504 1615 2548 controuersiae,
1648 2503 1764 2552 quod
1798 2503 1839 2540 in

269 2558 415 2608 primis
438 2558 739 2595 inueniendum
762 2563 826 2596 est
849 2559 1020 2603 oratori,
1044 2572 1095 2596 ne
1120 2560 1162 2596 in
1191 2558 1531 2608 argumentando
1553 2558 1668 2595 dicat
1689 2557 1838 2603 aliena,

270 2617 348 2650 aut
369 2612 550 2658 inutilia,
573 2617 649 2650 aut
670 2614 799 2651 etiam
822 2614 1032 2652 nocentia.
1093 2613 1293 2663 Iugulum
1316 2617 1487 2663 oportet
1508 2617 1663 2662 petere.

210 2691 252 2721 40
1415 2668 1482 2705 An
1504 2680 1713 2705 venenum

602 2721 908 2761 Coniecturalis
930 2723 1019 2761 siue
1042 2723 1234 2760 inficialis
1475 2722 1624 2759 datum
1647 2722 1714 2759 sit.

1410 2776 1477 2814 An
1498 2777 1552 2814 ab
1574 2776 1652 2814 hoc
1675 2776 1839 2814 datum.

272 2841 535 2880 Constitutio
604 2842 825 2892 Legitima,
848 2856 980 2892 quum
1005 2856 1090 2881 non
1111 2843 1312 2881 conuenit
1335 2843 1386 2881 de
1409 2843 1622 2880 sententia
1644 2842 1744 2892 legis
1765 2845 1843 2879 aut

656 2898 734 2934 scri
771 2898 815 2935 ti.

210 2970 252 3002 45
603 2910 860 2990 Iuridigialis
882 2953 970 2990 siue
992 2952 1230 3002 qualitatis,
1254 2952 1421 2998 occidit,
1444 2952 1518 2990 sed
1540 2952 1640 2989 iure.
