1966 3379
317 135 389 175 TO
420 136 610 175 PETER
641 136 761 174 AND
791 135 1204 175 CHRISTOPHER
1235 137 1425 174 MEXIA
1578 137 1656 175 339

89 138 209 187 2892]

87 241 142 279 ad
163 254 229 279 me
249 242 460 278 miseritis
511 240 648 286 Quam
670 241 704 277 si
726 241 895 290 scripsit
915 253 967 278 ex
990 241 1143 285 animo,
1171 241 1378 289 suspicari
1399 240 1569 278 videtur
1590 254 1656 279 me

87 295 298 333 refrixisse
328 296 370 332 in
399 296 600 339 amicitia,
634 295 747 344 quod
781 294 935 332 litteris
968 295 1054 332 suis
1089 295 1277 332 laudarit
1312 295 1653 333 Franciscanum.

87 349 203 396 Quae
230 351 412 399 suspicio
433 350 604 387 videtur
624 354 667 386 et
692 350 733 386 in
755 353 919 386 vestros
946 350 1110 386 animos
1135 349 1400 398 demigrasse.
1453 349 1535 387 Sed
1562 363 1655 387 eam

86 417 172 442 non
212 405 353 454 patiar
392 404 521 441 altius
562 404 752 441 insidere.
823 403 977 452 Itaque
1017 404 1139 441 vobis
1179 408 1386 453 tanquam
1425 416 1447 440 e
1488 404 1655 453 tripode

84 459 247 496 dictum
269 462 433 496 certum
453 462 498 496 et
519 458 813 496 indubitatum
835 470 924 495 esse
945 458 1056 503 volo,
1080 458 1203 495 istius
1231 459 1289 495 rei
1317 471 1369 496 ne
1397 458 1655 496 leuissimam

84 513 255 562 quidem
278 514 580 562 cogitationem
603 525 793 561 vnquam
815 512 1080 550 descendisse
1103 514 1146 550 in
1167 517 1317 563 pectus
1342 525 1496 550 meum.
1548 513 1654 558 Imo,

84 580 136 605 ex
158 567 467 605 laudatricibus
488 567 570 604 illis
590 567 782 616 epistolis
804 567 972 604 vnicam
998 567 1216 605 duntaxat
1242 567 1334 616 legi,
1362 580 1542 616 eamque
1564 580 1653 616 per-

83 622 267 659 breuem.
337 622 540 659 Habebat
583 621 1010 666 commendationem,
1052 621 1125 659 sed
1166 622 1227 659 ita
1266 626 1564 671 temperatam,
1606 626 1655 659 vt

81 676 205 714 facile
230 677 369 725 quiuis
394 677 549 714 sentire
574 679 728 725 posset,
752 676 901 713 Viuem
929 677 1103 725 gessisse
1131 689 1291 714 morem
1320 676 1398 713 hoc
1427 676 1654 714 officiolum

82 731 306 780 flagitanti.
358 730 476 776 Quur
509 735 654 768 autem
685 743 818 768 essem
849 743 874 767 a
905 730 1010 768 Viue
1046 731 1233 775 alienior,
1270 731 1385 780 quod
1421 731 1654 768 amicitiam

82 785 259 823 haberet
289 798 386 823 cum
416 798 464 822 eo
493 786 664 834 quicum
692 785 795 822 mihi
823 785 1021 822 simultas
1049 785 1340 829 intercederet,
1370 798 1503 834 quum
1532 785 1575 822 id
1602 798 1655 823 ne

80 853 105 876 a
128 839 300 877 famulis
328 840 500 889 quidem
531 840 633 877 meis
664 852 854 888 vnquam
885 840 1152 889 postularim,
1183 840 1310 878 modo
1341 840 1398 877 sic
1428 844 1655 877 exerceant

79 895 324 940 amicitiam,
348 899 396 932 vt
418 907 483 932 me
506 907 589 931 non
610 894 814 931 laedant?
864 894 1042 932 Louanii
1059 907 1192 943 quum
1209 895 1313 932 mihi
1329 899 1440 932 esset
1457 894 1654 944 capitalis

79 949 330 998 digladiatio
351 962 447 987 cum
471 949 689 993 Britanno,
710 948 836 986 Viues
857 949 1045 986 habebat
1067 950 1238 987 interim
1260 962 1357 986 cum
1374 962 1422 987 eo
1444 961 1529 987 non
1550 950 1652 986 ami-

79 1004 222 1040 citiam
249 1007 434 1048 tantum,
458 1004 530 1040 sed
554 1003 895 1041 familiaritatem
922 1016 1104 1053 quoque,
1130 1017 1204 1041 nec
1231 1004 1407 1041 deerant
1434 1004 1508 1053 qui
1534 1017 1651 1053 prae-

78 1057 271 1095 dicarent
296 1058 551 1095 Britannum
580 1058 692 1095 illius
720 1071 848 1107 opera
875 1058 1003 1095 fuisse
1028 1059 1238 1096 adiutum.
1290 1059 1394 1096 Mihi
1423 1063 1567 1095 tamen
1599 1058 1652 1096 ob

78 1113 120 1150 id
143 1125 363 1162 nunquam
385 1112 471 1162 pilo
499 1113 640 1150 minus
667 1112 820 1150 charus
845 1113 927 1150 fuit
950 1113 1088 1157 vines,
1117 1126 1297 1162 eamque
1325 1113 1377 1151 de
1405 1114 1496 1150 viro
1525 1113 1653 1151 docto

78 1167 436 1205 insimulationem
452 1167 649 1204 manibus
664 1167 928 1216 pedibusque
943 1168 1090 1217 repuli.
1134 1168 1256 1206 Soleo
1270 1168 1478 1217 quosdam
1494 1169 1652 1205 amicos

76 1221 191 1259 vltro
212 1221 451 1267 admonere,
474 1234 525 1259 ne
548 1234 641 1259 mea
663 1234 791 1259 causa
819 1221 1066 1259 recederent
1093 1222 1148 1260 ab
1177 1223 1366 1260 amicitia
1393 1235 1539 1260 eorum
1561 1223 1650 1271 qui-

78 1276 255 1313 buscum
289 1277 392 1313 mihi
424 1276 631 1314 inciderat
666 1277 940 1322 concertatio,
972 1278 1228 1326 perspiciens
1260 1278 1338 1314 hoc
1368 1277 1566 1326 expedire
1596 1277 1651 1315 ad

75 1331 280 1369 finiendas
302 1331 555 1368 simultates.
615 1331 803 1368 Demiror
824 1336 972 1369 autem
995 1332 1106 1369 vnde
1130 1332 1256 1369 Viues
1284 1345 1379 1369 eam
1410 1333 1652 1381 conceperit

75 1386 368 1435 suspicionem,
391 1386 471 1422 nisi
491 1385 601 1423 forte
619 1386 732 1434 quod
754 1386 809 1423 ad
831 1387 970 1435 ipsum
988 1387 1123 1424 rarius
1141 1387 1196 1425 do
1212 1387 1391 1424 litteras.
1444 1387 1533 1436 Ego
1551 1399 1651 1424 vero

74 1439 128 1477 ad
151 1444 315 1477 veteres
336 1445 380 1478 et
400 1440 646 1490 exploratos
667 1441 824 1477 amicos
846 1454 931 1478 non
953 1445 1111 1479 temere
1138 1441 1287 1487 scribo,
1317 1443 1397 1479 nisi
1426 1441 1529 1490 quid
1550 1442 1648 1479 inci-

74 1495 185 1532 derit
207 1495 447 1532 occasionis.
498 1495 629 1532 Nulla
650 1499 715 1532 est
738 1496 851 1544 regio
874 1496 945 1533 vbi
970 1509 1055 1533 non
1080 1496 1262 1534 habeam
1288 1497 1456 1545 aliquot
1476 1497 1648 1534 amicos.

74 1548 195 1595 Quod
218 1550 252 1586 si
274 1550 442 1599 quoties
464 1550 535 1587 vni
558 1550 695 1587 scribo
720 1563 846 1599 cogar
871 1550 1068 1588 omnibus
1094 1551 1288 1596 scribere,
1315 1551 1432 1588 duris
1458 1551 1650 1601 profecto

73 1603 235 1653 legibus
257 1617 421 1641 mecum
443 1608 608 1654 agatur.
661 1605 842 1642 Proinde
871 1606 903 1642 si
931 1605 1050 1643 vobis
1078 1605 1145 1643 hic
1171 1606 1398 1655 scrupulus
1422 1610 1650 1656 exemptus

72 1663 149 1704 est,
183 1658 300 1696 Viuis
331 1660 557 1708 suspicioni
586 1660 723 1708 primo
748 1672 917 1709 quoque
948 1664 1140 1710 tempore
1168 1661 1381 1698 medebor.
1435 1660 1649 1710 Superest,

72 1714 151 1750 viri
186 1713 418 1758 clarissimi,
450 1718 500 1751 vt
530 1714 651 1751 vobis
682 1727 759 1763 pro
790 1715 873 1751 isto
902 1727 1000 1764 erga
1034 1728 1100 1752 me
1136 1715 1280 1754 studio
1315 1716 1476 1765 gratias
1511 1728 1647 1765 agam.

72 1767 378 1818 Christophoro
400 1768 596 1806 Fontano
617 1768 799 1806 salutem
822 1769 1063 1818 plurimam.

127 1822 288 1860 Datum
310 1823 426 1871 apud
448 1823 703 1873 Friburgum
727 1824 941 1873 Brisgoiae
968 1825 1101 1874 pridie
1129 1825 1298 1863 Natalis
1327 1825 1500 1863 Domini
1525 1825 1650 1862 Anno
1674 1838 1686 1851 ⁷

71 1888 328 1915 M.D.xxxnl.

424 2009 553 2046 2893.
620 2005 758 2046 FROM
792 2006 1030 2047 BERNARD
1065 2006 1292 2048 GssAvms.

120 2094 281 2139 Leipzig
298 2094 381 2128 MS.
1291 2097 1476 2141 Cologne.

118 2144 202 2177 EE.
228 2147 307 2185 190.
1181 2158 1226 2192 24
1247 2148 1469 2181 December
1492 2158 1597 2191 1533.

115 2227 188 2265 [An
206 2227 357 2266 original
375 2228 496 2264 letter,
514 2229 723 2269 autograph
742 2229 984 2269 throughout.
1026 2231 1103 2261 The
1123 2231 1316 2271 year-date
1335 2232 1364 2261 is
1381 2231 1581 2262 confirmed
1599 2232 1649 2272 by

68 2271 301 2311 comparison
318 2272 407 2302 with
425 2272 495 2312 Ep.
514 2273 611 2312 2894.

114 2315 290 2350 Rei-nard,
310 2325 374 2345 son
392 2316 430 2345 of
446 2315 638 2346 Tielinann
657 2316 815 2347 Gravius
833 2318 904 2354 (sor
917 2318 1037 2348 whom
1055 2328 1113 2349 see
1132 2319 1201 2359 Ep.
1216 2321 1292 2350 610.
1307 2319 1391 2359 4711)
1409 2319 1531 2350 would
1549 2329 1646 2350 seem

69 2362 108 2389 to
126 2359 221 2389 have
239 2359 331 2388 been
349 2369 418 2389 one
435 2360 472 2390 of
490 2360 677 2391 Erasmus'
696 2361 858 2391 resident
883 2361 1007 2402 pupils
1027 2362 1160 2403 during
1180 2373 1281 2393 some
1304 2368 1389 2403 part
1414 2363 1451 2394 of
1474 2364 1537 2394 the
1560 2374 1647 2404 year

530 2430 626 2461 2892.
654 2441 728 2471 241.
756 2442 898 2463 mecum
918 2433 973 2462 N:
998 2443 1122 2463 meum
1140 2433 1180 2464 L.

890 2504 978 2540 him,
998 2504 1024 2534 if
1047 2504 1092 2534 he
1112 2505 1219 2545 again
1238 2509 1352 2536 wrote
1371 2506 1517 2545 against
1538 2506 1644 2536 Eras-

890 2558 984 2581 inus,
1003 2552 1069 2578 not·
1087 2552 1126 2578 to
1147 2549 1255 2579 make
1275 2559 1339 2579 use
1359 2549 1397 2579 of
1418 2550 1473 2579 his
1491 2549 1645 2585 (Vives')

890 2602 1007 2622 naine.
1057 2592 1230 2622 Between
1257 2593 1320 2623 the
1349 2593 1578 2633 publimtion
1607 2594 1645 2623 of

66 2501 96 2531 it
111 2500 230 2531 would
249 2511 346 2530 seem
364 2501 449 2531 that
466 2511 512 2531 on
531 2502 681 2541 reading
699 2502 819 2533 Vivos'

67 2544 177 2575 letter
205 2548 244 2575 to
271 2544 403 2580 Mexia,
430 2545 606 2576 Erasmus
630 2550 743 2576 wrote
768 2547 820 2576 ‹li-

68 2588 184 2627 reetly
199 2589 232 2626 (5
249 2588 333 2619 Jan.
351 2589 449 2628 1534)
465 2592 503 2619 to
519 2589 639 2623 Vives.
655 2590 819 2630 explain-

68 2631 129 2671 ing
154 2632 237 2662 that
260 2632 305 2662 he
328 2632 400 2662 had
424 2637 489 2662 not
513 2634 657 2672 ‘grown
680 2634 760 2664 cold
783 2635 818 2664 in

68 2675 292 2716 friendship'
333 2676 452 2706 either
494 2686 540 2706 on
583 2681 741 2708 account
783 2678 820 2708 of

66 2718 233 2758 Carvajal
265 2729 305 2749 or
337 2730 383 2749 on
412 2730 485 2759 any
513 2720 619 2750 other
649 2726 818 2752 account.

67 2762 155 2792 This
180 2763 289 2793 letter
315 2763 344 2793 is
370 2768 436 2794 not
460 2768 604 2797 extant.
632 2764 700 2795 but
725 2765 818 2795 froin

68 2805 188 2836 Vives'
211 2807 314 2846 reply
337 2811 375 2837 to
399 2807 423 2837 it
450 2807 534 2847 (Ep.
556 2809 654 2846 2032)
677 2809 705 2838 it
729 2809 757 2838 is
780 2813 820 2839 to

66 2849 111 2879 be
152 2850 309 2880 inferred
348 2851 433 2881 that
469 2851 513 2880 hc
549 2851 620 2881 lmd
659 2852 820 2892 1·(·eently

66 2893 214 2923 written
243 2898 282 2924 to
310 2894 477 2933 Carvajal
504 2895 751 2935 eoinplaining
782 2896 819 2926 of

66 2936 130 2966 the
155 2947 219 2967 uso
242 2938 348 2967 made
370 2937 408 2967 of
433 2938 488 2968 his
511 2938 620 2968 letter
644 2939 681 2969 os
706 2939 818 2969 intro-

66 2979 217 3011 duction
236 2981 271 3011 in
290 2981 353 3011 tho
371 2981 578 3012 Dulcoratio
595 2982 668 3012 and
689 2983 820 3023 asking

890 2635 952 2665 the
974 2635 1183 2666 Dulcoratio
1205 2637 1278 2666 and
1302 2637 1365 2667 the
1388 2641 1537 2676 present
1558 2637 1645 2667 date

889 2679 952 2709 the
977 2683 1111 2710 extant
1139 2680 1452 2720 correspondencc
1478 2680 1643 2710 between

888 2723 1065 2753 Erasinus
1096 2723 1169 2753 and
1202 2723 1313 2754 Vives
1345 2725 1374 2753 is
1406 2724 1643 2763 represented

887 2766 973 2806 only
992 2767 1040 2806 by
1058 2767 1179 2797 Vives'
1198 2767 1291 2797 brief
1309 2767 1418 2798 letter
1434 2768 1471 2798 of
1491 2777 1526 2798 12
1545 2768 1644 2798 <Iuno

892 2818 969 2848 1531
993 2811 1077 2850 (Ep.
1099 2812 1209 2849 2502).

933 2854 1029 2884 2892.
1057 2863 1130 2891 229.
1159 2855 1354 2892 Britanno]
1378 2854 1534 2885 Edward
1559 2855 1640 2885 Lee.

888 2897 1022 2927 Valdes
1045 2898 1207 2937 thought
1230 2899 1259 2928 it
1283 2898 1442 2938 possible
1465 2899 1549 2928 that
1572 2899 1642 2929 Lee

888 2941 960 2970 had
989 2951 1089 2971 some
1118 2946 1203 2981 part
1231 2943 1267 2971 in
1295 2942 1494 2982 Curvujul's
1524 2942 1641 2977 book;

888 2994 946 3015 see
964 2985 1033 3025 Ep.
1053 2986 1148 3021 2198.
1168 2988 1265 3024 24-6.

1676 471 1739 493 220

1674 743 1736 772 225

1674 1017 1737 1046 230

1672 1289 1734 1320 235

1670 1564 1734 1594 240
