1966 3379
96 124 216 173 2841]
468 119 625 158 FROM
655 118 805 157 JOHN
838 117 913 154 DE
945 113 1286 154 MOLENDINO
1577 114 1654 150 265

94 227 364 265 amenissimo
386 237 461 262 nee
483 227 656 273 experte
677 222 842 259 fructus
864 220 1115 258 suauissimi.
1176 218 1255 256 Vix
1277 218 1398 254 abest
1418 230 1441 254 a
1464 230 1529 254 me
1551 217 1657 253 liber

95 281 207 318 vllus
229 284 305 318 aut-
325 279 466 317 editus
493 278 568 315 abs
596 282 638 314 te
667 281 741 314 aut
769 275 1022 313 emendatus
1050 285 1276 312 versusuez
1309 272 1388 308 nisi
1417 272 1499 308 sint
1529 272 1556 307 ii
1584 272 1656 319 qui

95 336 289 385 proxima-
321 334 489 371 foetura
524 336 623 369 sunt
649 344 723 381 per
750 336 793 368 te
826 330 903 367 hoc
936 341 1050 366 anno
1081 327 1391 377 progeniti—in
1419 338 1546 362 causa
1574 325 1655 362 fuit

96 389 268 427 morbus
295 389 367 437 qui
394 400 460 425 me
489 388 550 424 ita
580 386 731 423 afflixit
758 388 807 422 vt
834 384 1116 432 Antuerpiam
1145 382 1277 418 visere
1306 381 1552 429 nequierim,
1585 379 1656 416 vbi

95 444 325 493 quotannis
345 442 632 479 nundinarum
653 444 844 489 tempore
864 438 993 476 libros
1015 437 1179 485 aliquot
1200 435 1314 472 soleo
1341 446 1587 483 comparare
1615 439 1657 470 et
1681 447 1716 476 15

96 504 193 535 tuos
227 498 423 535 maxime.
483 496 541 532 Ats
573 495 625 532 de
660 495 724 532 his
756 494 937 531 fortasse
968 491 1159 535 nimium,
1193 491 1224 527 si
1258 489 1360 538 quid
1396 489 1573 525 nimium
1606 488 1657 525 de

95 552 229 603 proba
249 564 386 589 merce
406 551 488 588 diei
509 554 650 599 queat.

152 606 357 643 Reddidit
377 605 480 642 mihi
501 609 599 642 tuas
620 604 764 641 literas
786 602 998 648 QuirinuS,
1017 605 1064 638 vt
1085 599 1257 638 demum
1279 611 1328 636 eo
1349 598 1530 641 veniam,
1553 609 1658 645 quas

96 661 339 699 auidissime
366 664 408 697 et
437 659 517 708 legi
543 664 586 696 et
614 658 751 707 relegi,
784 658 909 694 sicuti
936 655 1050 693 soleo
1078 665 1356 703 quaeeunque
1385 656 1485 689 sunt
1514 651 1589 688 abs
1616 656 1658 688 te

96 716 349 764 conscripta,
410 714 564 751 Verum
587 713 701 762 quod
729 713 800 748 vix
829 712 959 748 risum
989 715 1132 747 tenere
1159 709 1361 758 potueris,
1383 707 1482 755 quia
1510 711 1552 743 te
1581 707 1657 742 sim
1679 720 1720 740 20

97 769 347 807 cohortatus
361 768 415 806 ad
430 768 626 811 reditum,
642 767 795 811 neseio,
811 766 1043 803 humaniss.
1086 763 1136 800 D.
1154 763 1341 806 Erasme‚
1358 774 1442 810 quo
1457 760 1497 797 id
1516 761 1659 797 animo

97 825 285 874 accipere
307 823 513 861 volueris:
546 822 624 859 tibi
646 826 791 859 tamen
812 819 940 857 velim
962 818 1218 869 persuadeas
1239 817 1445 866 script-um
1475 815 1516 852 id
1542 828 1566 852 a
1594 827 1659 852 nie

97 880 239 916 animo
260 878 385 928 plane
407 878 543 915 amico
564 881 607 914 et
634 875 828 913 candido.
889 872 1209 924 Perpendebam
1238 872 1362 916 enim,
1385 874 1549 919 quanta
1574 870 1660 906 sint

96 933 253 970 ferocia
274 931 485 976 Germani,
507 936 697 981 putoque
718 930 812 967 illos
833 929 940 966 ferre
962 940 1168 978 perquam
1191 927 1333 975 inique
1354 925 1467 974 quod
1490 924 1659 961 illorum

96 988 304 1025 factiones
325 1000 410 1025 non
432 986 577 1023 foueas
599 998 673 1023 nee
695 997 791 1022 oum
812 984 894 1021 illis
916 984 1087 1027 sentias,
1109 986 1238 1030 atque
1267 980 1320 1018 ob
1345 979 1388 1017 id
1414 979 1659 1023 verendum,
1682 992 1720 1021 25

97 1055 149 1080 ne
170 1041 272 1091 quid
294 1043 336 1078 in
358 1046 400 1079 te
425 1041 671 1078 moliantur.
731 1039 788 1076 Et
816 1051 859 1076 re
884 1051 985 1075 vera
1012 1050 1079 1075 me
1107 1037 1172 1074 tui
1199 1035 1324 1073 valde
1352 1035 1536 1077 miseret,
1559 1033 1660 1071 dum

98 1096 164 1134 vel
178 1096 394 1146 apologias
408 1095 474 1133 vel
488 1100 586 1133 tuas
599 1094 690 1144 lego
706 1093 919 1144 epistolas.
962 1092 1012 1129 In
1030 1092 1093 1129 his
1110 1103 1211 1128 sane
1225 1090 1431 1140 perspicio
1448 1090 1661 1137 ingentem

97 1151 176 1189 tibi
206 1151 527 1188 aduersantium
562 1162 798 1190 numerum,
832 1161 853 1185 e
884 1148 1038 1197 quibus
1069 1147 1111 1183 in
1142 1144 1281 1183 Gallia
1311 1143 1507 1181 nonnulli
1536 1143 1663 1180 exilio

98 1205 284 1243 multati.
344 1205 446 1249 Hec,
472 1206 530 1242 mi
559 1205 746 1247 Erasme,
769 1203 936 1252 aliaque
964 1200 1179 1251 permulta
1207 1198 1487 1249 perpulerunt
1514 1210 1592 1241 me,
1615 1202 1663 1234 vt

99 1266 190 1298 tum
217 1260 259 1298 id
287 1260 451 1297 consilii
479 1260 635 1297 darem.
695 1257 893 1295 Ceterum
922 1262 964 1294 te
993 1255 1224 1294 admodum
1253 1266 1338 1298 oro,
1362 1258 1409 1290 vt
1435 1265 1573 1290 meam
1602 1253 1661 1289 in·
1684 1265 1724 1295 30

98 1316 293 1365 peritiam
316 1315 415 1352 boni
436 1314 643 1352 consulas.

153 1369 275 1415 Quod
310 1382 411 1407 vero
445 1369 500 1406 ad
535 1368 775 1406 Barbirium
809 1367 1017 1404 decanum
1058 1365 1229 1405 attinet,
1266 1376 1351 1400 non
1392 1363 1513 1412 potui
1548 1361 1664 1399 adire

99 1424 313 1461 hominem
348 1424 559 1461 retinente
594 1435 661 1460 me
697 1422 811 1459 domi
847 1421 1010 1465 morbo,
1045 1432 1095 1457 eo
1127 1419 1313 1456 maxime
1348 1423 1539 1466 tempore
1580 1429 1664 1465 quo

99 1480 268 1528 scripsit
289 1478 343 1516 ad
365 1491 430 1516 me
452 1478 655 1515 Erasmus
676 1476 854 1514 Schetus
883 1488 925 1513 se
954 1475 1034 1512 fide
1063 1476 1277 1512 iussurum
1305 1478 1347 1510 et
1377 1471 1663 1521 syngrapham

98 1533 301 1571 daturum
323 1533 516 1570 Barbirio
538 1533 617 1582 ipsi
638 1536 714 1569 tuo
742 1532 925 1576 nomine,
948 1531 982 1567 si
1009 1541 1138 1579 quam
1166 1529 1389 1578 pecuniam
1418 1527 1588 1564 mittere
1611 1525 1665 1563 ad
1685 1539 1724 1569 35

99 1592 140 1625 te
168 1588 310 1625 vellet.
371 1587 487 1625 Misit
515 1599 683 1636 quoque
711 1586 821 1624 idem
851 1585 905 1623 ad
932 1597 999 1623 me
1027 1589 1124 1621 tuas
1153 1582 1207 1621 ad
1235 1582 1477 1620 Barbirium
1507 1580 1663 1625 literas,

99 1655 205 1691 quas
240 1643 444 1680 continuo
480 1642 535 1680 ad
569 1642 708 1691 ipsum
749 1641 843 1678 misi
878 1652 975 1677 oum
1014 1638 1182 1676 Erasmi
1221 1636 1362 1675 Seheti
1403 1636 1548 1673 literis.
1608 1635 1665 1672 At

99 1697 317 1734 Barbirius
350 1709 392 1734 se
425 1697 582 1746 recepit
613 1696 667 1733 ad
697 1708 763 1733 me
793 1698 1039 1737 venturum,
1069 1694 1142 1742 qui
1176 1692 1358 1730 necdum
1394 1691 1526 1728 venit.
1585 1689 1665 1727 Sed

98 1751 264 1789 confido
287 1752 404 1789 breui
424 1751 543 1788 illum
566 1751 817 1788 conueniam
838 1761 1011 1798 remque
1024 1753 1145 1786 tuam
1166 1748 1323 1784 maiore
1345 1746 1488 1783 studio
1508 1744 1666 1782 curabo

100 1819 228 1855 quam
250 1807 284 1843 si
306 1819 398 1843 mea
420 1818 484 1843 res
505 1811 627 1843 esset.
687 1804 835 1842 Seruet
859 1809 900 1842 te
929 1804 1043 1841 Deus
1071 1803 1145 1852 qui
1169 1806 1212 1839 te
1241 1801 1443 1839 studiosis
1471 1799 1667 1838 omnibus
1686 1812 1728 1842 40

99 1873 302 1910 perquam
324 1861 396 1898 diu
419 1865 559 1898 seruet
580 1860 848 1897 ineolumem.
909 1858 1024 1903 Vale,
1047 1857 1204 1895 clariss.
1228 1856 1278 1893 D.
1302 1856 1488 1893 Erasme.

155 1925 190 1963 7.
215 1915 324 1952 Iulii.
351 1925 465 1963 1533.

493 1970 557 2007 Ex
579 1970 722 2007 animo
744 1974 844 2006 tuus
867 1980 1031 2017 semper
1052 1967 1224 2004 futurus
1246 1965 1306 2003 Io,
1330 1964 1610 2002 Molendinus

155 2040 398 2079 Clarissimo
420 2042 512 2078 viro
534 2040 752 2078 Desiderio
776 2040 955 2077 Erasmo
977 2037 1282 2081 Roterodamo,
1307 2036 1514 2085 Friburgi.

465 2271 592 2308 2842.
658 2267 794 2307 FROM
828 2267 985 2307 PETER
1018 2265 1295 2305 BARmmUs.

152 2359 310 2403 Leipzig
328 2358 410 2392 MS.
1387 2353 1592 2395 Tournay.

151 2408 338 2448 EE.189.
1351 2402 1617 2446 9July1533.

401 2474 474 2511 [An
492 2473 643 2514 original
661 2473 780 2509 letter,
799 2473 1006 2513 autograph
1024 2471 1280 2511 throughout.]

868 2542 897 2571 4..

158 2587 362 2625 SALVTEM
376 2588 617 2637 plurimam,
633 2588 874 2624 doctissime
890 2587 1059 2624 domine
1075 2586 1262 2623 Erasme.
1295 2584 1431 2621 Causa
1448 2583 1666 2632 potissima

103 2655 177 2680 cur
216 2656 298 2680 non
339 2643 522 2680 miserim
564 2643 786 2692 pecuniam
826 2654 875 2679 ea
910 2646 986 2682 est,
1021 2641 1119 2689 quia
1157 2640 1373 2687 hucusque
1407 2650 1492 2674 non
1526 2636 1666 2673 habui.

102 2698 312 2734 Causatus
335 2710 426 2734 sum
450 2702 491 2734 te
512 2710 596 2734 non
619 2698 778 2734 misisse
801 2696 1084 2745 quietantiam
1107 2698 1207 2740 (seu.
1232 2695 1263 2731 si
1287 2694 1434 2732 mauis,
1454 2692 1597 2728 literas
1619 2689 1668 2726 (le

148 2796 243 2825 2841.
273 2805 321 2825 11.
348 2796 418 2826 Vix
438 2820 444 2826 .
467 2820 472 2826 .
495 2820 500 2825 .
520 2796 623 2832 liber]
646 2796 713 2825 For
731 2806 776 2825 an
795 2806 850 2825 ac-
966 2804 1017 2833 33.
1044 2794 1186 2831 morbo]
1220 2792 1450 2822 Molvndinus
1476 2790 1546 2820 had
1573 2789 1668 2828 ploa-

104 2839 264 2869 ‹·ountof
276 2839 338 2869 tho
350 2839 596 2879 splendourof
608 2839 850 2870 Molcndinus'
920 2838 990 2868 (led
1009 2838 1131 2867 illiwss
1154 2835 1375 2876 previously,
1394 2835 1497 2864 when
1522 2840 1667 2862 written

105 2883 239 2922 library
257 2893 314 2913 see
333 2883 407 2913 OE.
428 2893 463 2923 p.
483 2892 558 2921 500.
921 2886 959 2912 to
977 2892 1022 2911 on
1036 2882 1099 2911 th‹=
1112 2881 1253 2919 subject
1269 2879 1305 2909 of
1318 2888 1448 2916 money
1461 2877 1544 2916 (Ep.
1560 2879 1668 2914 2407).

151 2928 199 2956 18.
226 2930 310 2957 tuas
327 2926 465 2964 literas]
485 2927 559 2957 Not
576 2931 718 2957 extant.
965 2926 1060 2955 2⁸42.
1088 2934 1117 2963 3.
1139 2922 1401 2963 quietantiam]
1415 2923 1478 2951 See
1492 2921 1559 2959 Ep.
1576 2922 1668 2958 27⁸0·

150 2972 201 3000 28.
228 2970 407 3007 nonnulli}
426 2980 492 3010 eg.
514 2970 626 3000 Farcl.
