1966 3379
194 327 235 356 30

197 599 236 629 35

198 874 239 903 40

200 1146 240 1176 45

203 1420 243 1448 50

205 1694 244 1722 55

205 1966 247 1987 UO

212 2511 253 2541 70

256 99 331 135 136
681 96 937 134 LETTERS
968 97 1038 135 OF
1074 97 1334 136 ERASMUS
1692 101 1813 148 [1532

255 202 319 238 liic
347 201 554 250 egregiam
587 200 870 238 humanitatis
901 201 1067 238 laudem
1099 206 1161 238 est
1193 206 1458 250 assequutus,
1489 203 1559 251 qui
1590 207 1631 239 et
1663 203 1714 240 de
1746 216 1821 240 suo

254 256 408 293 iudicio
429 261 468 292 ct
493 256 543 292 de
566 255 760 305 publicae
782 255 983 292 vtilitatis
1006 261 1198 304 respectu
1218 256 1407 293 nonnihil
1427 258 1677 294 concesserit
1697 259 1820 294 amici

256 311 461 360 precibus,
491 310 576 347 talc
608 311 849 358 quaerentis
880 311 1030 353 ocium,
1063 310 1187 359 quale
1219 324 1242 347 a
1273 323 1348 347 suo
1381 311 1573 360 Principe
1604 312 1818 360 quondam

256 366 503 414 impetrauit
526 364 809 402 Cassiodorus.
857 364 942 401 Nec
964 366 1076 401 enini
1100 365 1250 401 dubito
1273 366 1373 413 quin
1398 365 1539 402 Morus
1562 367 1821 411 grauissimis

255 419 467 456 adductus
490 420 626 456 causis
648 420 773 455 istam
805 420 1044 456 missionem
1075 432 1097 455 a
1130 420 1241 467 Rege
1272 420 1487 467 flagitarit.
1549 420 1716 469 Alioqui
1746 434 1820 457 nec

257 475 321 511 hic
345 486 532 522 vnquam
556 479 645 510 tam
669 473 891 523 impudens
920 478 1011 511 crat
1039 474 1223 518 futurus,
1248 480 1292 511 vt
1324 479 1411 511 tani
1442 476 1527 511 cito
1557 480 1721 520 rogaret
1751 488 1820 512 cx-

256 529 434 571 oncrari,
462 541 536 565 ncc
567 528 658 564 Rex
687 532 775 565 tam
806 528 954 571 facilis,
986 532 1031 565 vt
1061 528 1114 565 ob
1143 529 1352 577 quaslibet
1385 531 1651 566 causationes
1679 543 1822 579 prcccs

257 583 368 620 illius
389 583 518 620 fucrit
541 582 778 620 auditurus.

312 638 407 675 Non
430 637 650 686 ignorabat
674 638 786 674 enim
809 638 943 674 totius
966 638 1078 685 regni
1102 641 1263 675 statum
1288 639 1472 675 maxima
1495 652 1543 675 cx
1576 644 1695 687 parte
1726 652 1821 688 pcn-

257 692 354 729 dere
390 704 441 729 ex
476 691 726 729 Cancellarii
764 693 1021 738 integritate,
1058 693 1252 729 doctrina
1294 706 1341 730 ac
1379 693 1616 742 prudentia.
1679 693 1823 742 Neque

256 748 368 784 enim
392 747 456 783 hic
479 746 766 783 (1¹ancellari11s
795 746 963 791 dicitur,
988 752 1035 783 rt
1063 747 1176 796 apud
1206 748 1430 784 nonnullas
1460 749 1663 788 nationes,
1687 749 1823 784 Secre-

258 803 412 843 tarius2
440 802 511 838 sed
534 801 719 850 dignitas
741 807 802 838 est
828 802 963 849 regiae
986 803 1200 850 proxima:
1228 816 1360 851 coque
1378 802 1605 851 prodeunti
1623 816 1646 839 a
1664 802 1826 839 dextris

258 860 450 905 gestatur
478 861 692 905 sceptrum
716 869 904 901 aureum,
928 857 968 892 in
991 857 1109 893 cuius
1132 857 1301 906 fastigio
1330 862 1395 894 cst
1420 870 1572 894 corona
1598 870 1724 894 aurea
1752 858 1823 893 iin-

260 911 439 960 pcrialis,
462 911 515 948 ad
538 911 672 948 leuain
699 910 827 947 liber:
855 923 1034 959 quorum
1054 911 1188 948 altero
1210 924 1375 949 summa
1394 912 1472 948 sub
1492 912 1604 961 Rege
1623 916 1824 960 potestas7

259 966 394 1003 altero
422 965 559 1014 legum
590 965 817 1015 prudentia
849 965 1108 1014 designatur.
1170 966 1247 1003 Est
1275 967 1386 1003 enim
1418 967 1552 1003 totius
1587 967 1825 1003 Britannice

259 1021 433 1057 ditionis
461 1033 682 1070 supremus
712 1020 850 1064 iudex,
877 1032 924 1056 ac
956 1020 1080 1069 Regis
1108 1021 1354 1070 consiliique
1383 1022 1482 1069 regii
1511 1021 1672 1064 dexter,
1698 1026 1743 1058 vt
1767 1022 1825 1058 ita

260 1076 452 1115 dixerim,
476 1075 634 1119 oculus,
657 1087 704 1111 ac
730 1074 883 1111 dextra
912 1087 1073 1112 manus.
1135 1075 1239 1112 Tam
1265 1076 1443 1113 arduam
1471 1075 1732 1113 functionem
1764 1088 1825 1112 sa-

261 1130 548 1179 pientissimus
585 1129 784 1178 Princeps
818 1142 1087 1178 nequaquam
1124 1130 1370 1168 credidisset
1407 1130 1686 1180 inexplorato.
1749 1130 1824 1167 Vix

261 1185 367 1222 alius
399 1185 583 1233 penitius
618 1185 874 1233 inspexerat,
906 1189 979 1221 aut
1018 1185 1247 1233 impensius
1283 1185 1456 1222 amabat
1495 1198 1611 1222 raras
1641 1198 1688 1222 ac
1724 1197 1827 1234 pcnc

261 1239 428 1276 diuinas
449 1239 561 1276 illius
583 1239 737 1287 ingenii
759 1238 892 1276 dotes,
952 1238 1061 1284 Quin
1084 1240 1172 1289 ipse
1193 1239 1430 1277 Cardinalis
1453 1240 1741 1284 Eboracensis,
1767 1240 1828 1276 vir

261 1306 510 1343 quecunque
532 1293 615 1330 fuit
643 1293 826 1331 hominis
854 1294 1040 1339 fortuna,
1064 1307 1148 1331 non
1177 1295 1388 1344 stupidus,
1411 1308 1541 1344 quum
1572 1295 1825 1344 perspiceret

262 1348 422 1386 nullam
455 1361 672 1398 superesse
704 1361 819 1398 spem
850 1348 1011 1385 reditus
1039 1349 1093 1386 ad
1121 1347 1373 1398 dignitatem
1404 1350 1641 1398 pristinam,
1665 1361 1826 1386 asseue-

263 1404 388 1448 rauit,
411 1404 451 1440 in
477 1416 526 1440 ea
555 1403 693 1440 insula
721 1403 886 1440 nullum
916 1416 1003 1440 esse
1032 1407 1154 1441 tanto
1182 1405 1296 1441 oneri
1325 1417 1469 1453 parem
1500 1410 1668 1453 praeter
1696 1416 1827 1440 vnum

263 1458 441 1495 Morum.
494 1457 580 1495 Nec
603 1457 680 1495 hoc
701 1462 794 1495 erat
815 1457 975 1495 fauoris
997 1462 1073 1495 aut
1091 1458 1409 1496 beneuolentiae
1428 1459 1689 1508 suffragium.
1731 1458 1827 1496 Car-

263 1513 428 1555 dinalis,
451 1512 552 1549 dum
580 1513 755 1557 viueret,
780 1512 898 1551 Moro
925 1525 1076 1562 parum
1104 1526 1237 1562 equus
1265 1518 1369 1555 erat,
1398 1526 1579 1562 eumque
1608 1513 1825 1550 metuebat

264 1569 404 1605 verius
421 1580 548 1616 quam
567 1567 752 1605 amabat.
799 1567 885 1605 Nec
908 1567 1122 1605 diuersum
1140 1573 1231 1606 crat
1249 1568 1394 1618 populi
1418 1568 1631 1605 iudicium.
1678 1567 1828 1616 Itaque

264 1623 388 1659 sicuti
409 1635 504 1659 cum
533 1627 659 1660 tanta
688 1622 821 1659 totius
846 1623 960 1671 regni
988 1622 1276 1672 gratulatione
1302 1624 1487 1673 suscepit
1514 1624 1827 1672 magistratum,

264 1681 429 1726 quanta
453 1682 554 1714 ante
577 1676 694 1714 illum
716 1677 823 1714 alius
846 1690 982 1719 nemo,
1006 1678 1066 1715 ita
1096 1690 1248 1726 magno
1274 1679 1515 1727 sapientum
1544 1690 1592 1714 ac
1622 1678 1827 1714 bonorum

265 1733 455 1769 omnium
487 1744 674 1769 moerore
705 1731 913 1781 deposuit.
974 1732 1181 1781 Deposuit
1209 1737 1353 1769 autem
1382 1733 1570 1770 omnium
1600 1731 1827 1781 pulcherri-

266 1799 381 1824 mum
414 1787 670 1836 promeritus
701 1786 895 1836 elogium,
929 1788 1137 1824 neminem
1168 1792 1294 1824 antea
1326 1800 1480 1824 munus
1516 1786 1620 1824 illud
1655 1787 1829 1836 gessisse

266 1841 483 1878 dexterius
514 1854 561 1878 ac
593 1842 751 1878 maiore
787 1854 882 1878 cum
916 1842 1145 1890 aequitate.
1204 1842 1259 1879 Et*
1296 1843 1375 1879 scis
1408 1854 1535 1891 quam
1572 1840 1705 1879 soleat
1741 1853 1830 1878 esse

266 1895 488 1945 querulum
513 1895 665 1945 ‘vulgus
687 1895 892 1933 aduersus
913 1908 983 1933 eos
1005 1897 1076 1945 qui
1098 1909 1310 1933 summum
1338 1903 1489 1945 gerunt
1517 1897 1829 1945 magistratum,

270 1951 515 2000 praesertim
545 1951 691 2000 primis
716 1951 862 1988 annis:
895 1951 1063 1988 etiamsi
1091 1951 1241 1988 harum
1271 1964 1411 1988 rerum
1439 1951 1517 1988 tibi
1545 1950 1666 1988 facile
1694 1950 1831 1987 fecero

267 2005 393 2042 fidem
416 2006 449 2042 si
472 2017 736 2042 summorum
758 2006 947 2042 virorum
973 2005 1174 2055 epistolas
1200 2006 1425 2055 proferam,
1450 2006 1568 2055 Regi,
1590 2017 1729 2054 regno,
1753 2004 1831 2041 sibi

267 2064 396 2108 atque
429 2061 559 2097 ctiam
596 2060 699 2097 mihi
733 2061 930 2109 gestienti
966 2073 1060 2097 cum
1094 2060 1316 2098 alacritate
1357 2061 1408 2097 de
1441 2064 1639 2109 suscepto
1674 2059 1831 2096 honore

267 2114 559 2164 gratulantes:
604 2127 750 2152 rursus
785 2115 1017 2152 eorundem
1054 2115 1220 2152 litteras
1255 2115 1540 2164 deplorantes,
1576 2114 1830 2163 reipublicae

268 2169 399 2206 talem
421 2182 509 2206 esse
532 2169 793 2207 subcinctum
816 2170 1010 2214 iudicem,
1034 2182 1081 2207 ac
1101 2169 1363 2219 βουληφόρον,
1383 2175 1427 2206 vt
1453 2170 1679 2207 Homerico
1701 2169 1832 2205 verbo

235 2239 246 2243 ·
268 2224 437 2261 abutar.

324 2277 471 2327 Neque
494 2291 594 2315 vero
616 2278 766 2316 dubito
789 2280 890 2328 quin
914 2279 1007 2316 Rex
1037 2280 1242 2328 insignem
1272 2279 1457 2328 aliquem
1487 2279 1625 2315 virum
1655 2279 1696 2314 in
1724 2277 1830 2315 Mori

270 2332 409 2370 locum
433 2333 727 2371 substituerit:
757 2335 828 2382 qui
851 2334 953 2371 mihi
975 2339 1121 2371 tamen
1142 2346 1335 2383 prorsum
1359 2335 1529 2383 ignotus
1550 2338 1628 2370 est.
1674 2332 1828 2369 Verum

271 2387 386 2436 quod
408 2387 461 2424 ad
489 2388 651 2434 generis
677 2388 918 2426 claritatem
947 2390 1118 2434 attinet,
1142 2401 1269 2437 quam
1299 2388 1483 2425 Thomas
1513 2388 1668 2431 Morus
1694 2392 1740 2424 vt
1768 2392 1833 2423 est

273 2443 440 2491 ingenio
468 2442 591 2491 plane
620 2442 923 2492 philosophico,
947 2456 1022 2480 nec
1048 2443 1269 2480 affectauit
1296 2455 1498 2491 vnquam,
1524 2455 1599 2479 nec
1629 2443 1831 2480 iactauit:

272 2501 401 2534 natus
432 2501 497 2534 est
534 2496 728 2541 Londini,
761 2499 804 2534 in
835 2510 920 2547 qua
951 2498 1127 2535 ciuitate
1164 2497 1301 2535 multo
1337 2498 1526 2534 omnium
1561 2496 1833 2533 celeberrima

272 2556 423 2589 natum
449 2556 491 2588 et
520 2551 749 2589 educatum
777 2565 879 2597 esse,
903 2552 1017 2602 apud
1046 2552 1204 2601 Anglos
1234 2552 1441 2589 nonnulla
1469 2551 1708 2589 nobilitatis
1737 2563 1834 2599 pars

273 2606 473 2644 habetur:
497 2606 594 2643 dein
609 2619 659 2643 ex
675 2612 796 2656 patre
811 2608 1061 2656 neutiquam
1078 2607 1270 2649 obscuro,
1287 2607 1387 2643 iuris
1400 2606 1633 2643 Britannici
1649 2605 1833 2649 doctore,

272 2662 339 2697 cui
367 2661 503 2698 ordini
532 2661 645 2710 apud
674 2661 832 2710 Anglos
861 2674 1027 2699 summa
1056 2666 1121 2698 est
1149 2661 1346 2710 dignitas,
1376 2665 1418 2698 et
1445 2673 1496 2698 ex
1528 2660 1605 2697 hoc
1636 2659 1836 2709 pleraque

274 2715 384 2752 illius
406 2715 567 2752 insulae
590 2715 791 2753 nobilitas
813 2716 949 2753 fertur
970 2717 1171 2765 originem
1195 2715 1358 2753 ducere.
1419 2715 1530 2752 Huic
1553 2715 1612 2751 ita
1635 2714 1835 2751 successit

318 2828 413 2857 30—1.
440 2819 513 2850 tale
532 2843 539 2850 .
561 2844 566 2849 .
588 2844 593 2849 .
613 2819 850 2851 Cassiodorus
866 2820 946 2851 add.
968 2820 1006 2850 L.
1121 2822 1172 2859 36.
1199 2820 1294 2850 enim
1313 2819 1393 2849 add.
1414 2819 1452 2849 L.
1573 2828 1625 2858 41.
1652 2818 1720 2848 sub
1739 2817 1837 2856 Rege

274 2863 354 2893 add.
376 2863 412 2893 L.
572 2864 622 2902 58.
649 2873 690 2893 ac
707 2863 811 2894 MS:
837 2868 903 2895 aut
921 2864 960 2894 L.
1117 2866 1170 2894 60.
1197 2863 1414 2903 praesertim
1431 2863 1558 2902 primis
1574 2862 1680 2892 annis
1697 2861 1778 2891 adel.
1797 2861 1836 2890 L.

274 2908 326 2936 61.
353 2907 404 2937 L:
430 2907 667 2947 proferantur
683 2906 766 2938 MS.
901 2909 953 2946 65.
981 2907 1030 2937 L:
1056 2907 1171 2938 abuta
1189 2905 1271 2937 MS.
1399 2907 1451 2936 68.
1477 2915 1590 2946 quam
1607 2904 1711 2935 MS:
1738 2904 1837 2945 quod

274 2950 392 2981 laudis
409 2961 523 2990 genus
540 2951 579 2981 L.
