1966 3379
155 566 172 595 5

139 838 174 858 10

139 1111 174 1139 15

136 1384 177 1404 ’ΖΟ

138 1657 177 1686 25

164 2474 181 2504 5

194 134 269 170 140
619 132 876 170 LETTERS
907 132 977 170 OF
1008 132 1274 171 ERASMUS
1639 137 1760 183 [1532

191 238 325 277 inostly
345 238 391 277 by
409 248 449 267 or
472 241 510 268 to
532 237 655 267 Julius
672 237 788 275 Psfflg,
809 238 1003 277 preserved
1026 239 1059 267 in
1082 238 1145 268 the
1163 238 1277 268 Ducal
1297 238 1449 278 Library
1466 242 1505 269 at
1526 238 1676 275 (lotha).
1725 239 1762 270 It

191 292 264 312 was
282 282 428 322 printed
448 282 481 311 in
504 282 684 320 Epis-telae
703 281 950 312 I'..1lo.s·ellani
967 306 972 311 .
992 306 996 311 .
1015 305 1021 311 .
1037 282 1082 311 ml
1101 282 1240 312 Iulium
1260 282 1453 321 I'fluyium,
1475 283 1632 322 Leipzig,
1653 283 1762 320 1802]

246 336 283 372 S.
312 336 352 372 P.
378 336 427 372 l).
489 336 551 372 Ex
575 335 729 372 litteris
759 336 844 371 tuis
873 348 978 384 quas
1008 336 1149 384 accepi
1176 337 1451 384 prox<imas>,
1486 336 1593 373 hanc
1623 338 1760 386 primo

194 390 461 439 voluptatem
481 391 610 439 coepi,
629 390 742 438 quod
762 395 861 427 tuae
877 395 1039 426 essent:
1067 389 1219 427 deinde
1238 404 1337 427 vero
1356 390 1467 439 quod
1488 391 1761 428 ostenderent

194 445 351 482 malum
389 457 473 493 quo
515 444 761 481 iamdudum
800 445 1008 493 premitur
1049 445 1166 481 natio
1208 449 1353 482 nostra
1394 446 1487 482 istic
1530 446 1757 483 remittere.

192 502 459 548 Quamquam
488 504 630 536 autem
660 512 722 535 res
752 504 922 536 nostrae
953 512 1001 535 co
1034 499 1126 535 loco
1156 504 1253 536 sunt
1288 505 1336 536 vt
1368 499 1581 548 praeclare
1607 505 1760 547 agatur

193 554 425 599 nobiscum,
456 555 488 590 si
518 554 650 603 pestis
679 553 750 590 illa
778 554 843 590 hic
873 566 957 590 non
988 555 1268 601 ingrauescat,
1295 558 1440 591 tamen
1468 567 1552 591 non
1582 559 1670 591 tam
1701 555 1760 591 in-

195 609 317 646 uideo
334 609 454 645 vobis
471 622 494 657 q
504 621 599 645 uam
624 608 760 644 laetor
778 609 941 645 nationi
959 612 1130 644 nostrae
1148 608 1292 656 aliqua
1314 609 1354 645 in
1374 614 1496 658 parte
1515 609 1759 646 meliuscule

192 676 292 700 esse.
353 664 469 708 Quae
492 664 524 699 si
548 667 773 699 sanaretur
798 663 984 707 0111111110,
1011 663 1167 699 bonum
1191 662 1295 699 illud
1325 676 1447 700 suum
1478 663 1759 712 proculdubio

194 718 415 755 nobiscum
451 718 820 755 communicatura
855 721 989 754 esset:
1034 717 1074 753 id
1111 718 1222 754 enim
1258 717 1379 754 nobis
1415 719 1505 767 ipsa
1543 719 1761 755 societatis

194 773 304 810 ratio
325 777 435 809 esset
457 772 672 809 effectura.
720 772 812 817 Quo
835 772 967 819 magis
989 772 1114 821 cupio
1136 777 1195 816 vt,
1215 773 1318 809 sicui
1340 773 1550 821 integrum
1573 774 1627 809 sit
1651 772 1760 809 salu-

194 831 343 871 tarem,
379 827 456 864 1100
489 831 554 864 est
588 840 673 863 non
706 827 916 869 acerbam,
949 826 1087 863 facere
1124 827 1391 871 medicinam,
1426 828 1459 863 is
1495 828 1760 864 curationem

195 882 305 919 illius
328 882 405 919 hoc
428 886 620 931 tempore
642 882 858 929 suscipiat.
906 880 1070 930 Quippe
1092 894 1187 918 cum
1207 886 1332 918 tanta
1353 882 1500 919 oblata
1522 883 1577 919 sit
1599 883 1762 919 occasio

194 937 406 981 medendi,
442 936 650 984 reliquum
688 935 792 972 nihil
828 940 892 972 est
925 935 1039 984 quod
1075 948 1267 984 quaeras.
1328 936 1468 973 Sentis
1503 936 1627 974 facile
1660 937 1761 985 quid

195 991 322 1028 velim
350 1004 437 1040 ego.
499 990 612 1027 Nihil
644 996 787 1027 tamen
818 990 1069 1039 praescribo.
1133 990 1264 1027 Video
1293 991 1404 1028 enim
1434 991 1537 1040 quid
1568 996 1764 1040 tempora

196 1046 297 1083 11000
325 1045 569 1095 postulent:
603 1045 675 1082 sed
697 1045 798 1093 quid
829 1058 905 1093 ego
932 1045 1098 1093 exigere
1127 1045 1318 1090 debeam,
1342 1058 1426 1082 non
1456 1046 1592 1082 video.
1653 1045 1762 1091 Quo-

195 1113 362 1149 cunque
387 1101 499 1137 enim
527 1113 592 1137 me
622 1104 756 1144 verto,
780 1101 965 1136 occurrit
993 1112 1069 1148 pro
1097 1112 1182 1148 quo
1214 1099 1312 1137 boni
1342 1113 1487 1138 omnes
1515 1101 1674 1149 gratias
1704 1101 1762 1136 in-

194 1160 341 1205 gentes
364 1155 442 1193 tibi
466 1154 620 1192 habere
643 1154 840 1191 debeant.
894 1154 984 1191 Iam
1010 1166 1121 1198 vere,
1146 1155 1360 1203 Euripidis
1384 1154 1501 1199 illud,
1524 1155 1638 1204 quod
1661 1155 1764 1192 mihi

195 1210 447 1247 accomodas
479 1209 564 1247 tale
595 1214 660 1246 est
692 1213 751 1252 vt,
781 1209 814 1245 si
846 1209 955 1245 idem
989 1221 1188 1258 vsurpem
1220 1222 1308 1258 ego,
1341 1209 1395 1246 ab
1426 1210 1559 1247 offitio
1591 1222 1764 1259 prorsus

196 1264 423 1302 discedam.
485 1264 627 1313 Atque
650 1265 817 1300 vtinam
839 1264 1006 1312 assequi
1028 1263 1068 1300 id
1092 1265 1247 1313 possim
1272 1269 1319 1301 vt
1342 1264 1570 1313 praeclaris
1600 1265 1684 1301 tuis
1713 1264 1764 1301 de

196 1333 262 1357 1110
291 1319 465 1363 iuditiis,
496 1332 604 1368 quae
632 1331 717 1355 non
746 1323 835 1355 tam
862 1318 1001 1367 qualis
1029 1319 1119 1363 sim,
1146 1331 1274 1367 quam
1304 1318 1442 1367 qualis
1470 1332 1558 1355 esse
1587 1319 1763 1356 debeam

196 1374 364 1419 docent,
399 1374 487 1411 vllo
524 1373 702 1423 posthac
739 1378 930 1422 tempore
962 1372 1255 1422 respondeam.
1316 1373 1396 1410 Sed
1434 1374 1557 1410 finem
1596 1374 1764 1418 faciam,

197 1442 292 1466 cum
316 1429 567 1478 praesertim
591 1428 693 1464 nihil
717 1427 896 1465 habeam
919 1432 1141 1477 praeterea
1163 1428 1277 1476 quod
1304 1428 1499 1472 scribam,
1524 1433 1651 1477 teque
1680 1429 1764 1477 epi-

197 1483 309 1521 stola
325 1496 464 1520 rerum
486 1483 602 1520 inani
624 1482 677 1519 ab
696 1483 744 1519 iis
761 1495 869 1531 quae
886 1495 985 1519 00110
1003 1482 1346 1531 11011001100<11110>
1363 1496 1485 1532 agere
1508 1495 1592 1520 non
1609 1483 1765 1520 desinis

198 1539 378 1587 negotiis
400 1537 638 1575 distrahere
661 1537 804 1574 nolim.

254 1592 367 1630 Vale.
427 1592 523 1630 Citii
546 1591 679 1641 pridie
701 1591 809 1629 Non.
836 1592 1036 1630 Ianuarii.
1060 1605 1172 1630 anno
1193 1603 1353 1629 XXXIII.

1367 1646 1501 1684 Iulius
1524 1646 1656 1696 Pflug.

251 1718 493 1756 Clarissimo
522 1718 864 1767 Doctissimoque
896 1719 988 1756 viro
1020 1718 1069 1756 D.
1099 1718 1279 1756 Erasmo
1310 1717 1603 1756 Roterodamo
1634 1718 1771 1756 amico

198 1774 240 1810 in
264 1773 498 1810 maioribus
520 1772 802 1810 obseruando.

568 1913 696 1951 2752.
760 1910 827 1950 ΤΟ
851 1910 1095 1951 BONIFACE
1118 1911 1403 1951 AMERBACH.

249 1984 369 2018 Basle
387 1984 469 2018 MS.
490 1985 577 2018 AN.
600 1984 678 2018 III.
703 1994 757 2026 15.
781 1995 838 2028 24.
1398 1985 1646 2028 (Freiburg.)

248 2034 293 2074 Q.
319 2034 374 2067 18.
1323 2044 1342 2075 5
1361 2034 1549 2078 January
1569 2040 1720 2077 <1533>.

242 2095 315 2132 [An
333 2095 485 2135 original
503 2095 622 2129 letter,
641 2095 850 2135 autograph
868 2095 1108 2135 throughout.
1150 2095 1227 2125 The
1244 2095 1437 2135 year-date
1453 2106 1520 2125 can
1538 2095 1582 2125 be
1600 2095 1771 2135 supplied

199 2139 292 2169 from
321 2139 384 2169 the
412 2139 594 2169 reference
624 2144 662 2169 to
687 2139 750 2169 the
776 2139 902 2179 Adage
927 2140 1072 2169 Alcinoi
1097 2139 1291 2178 Apoloyus,
1319 2140 1382 2170 the
1407 2139 1541 2169 second
1566 2140 1710 2170 version
1735 2139 1772 2169 of

199 2183 317 2212 which
334 2192 408 2213 was
426 2183 505 2213 first
523 2182 671 2222 printed
689 2183 725 2213 in
742 2183 806 2213 the
825 2183 968 2213 Froben
986 2182 1126 2213 edition
1144 2183 1182 2213 of
1199 2183 1324 2213 March
1344 2183 1456 2222 1533]

255 2235 293 2274 S.
316 2249 355 2285 p.
416 2235 457 2274 Si
479 2236 581 2285 quid
604 2240 756 2273 nactus
778 2249 822 2274 es
849 2236 899 2274 de
928 2236 1093 2274 Alcinoi
1115 2237 1309 2286 apologo,
1332 2249 1463 2286 queso
1490 2241 1537 2274 vt
1560 2249 1633 2286 per
1656 2237 1766 2274 hunc

200 2291 415 2340 significes
476 2291 564 2328 Aut
585 2292 619 2328 01
640 2291 743 2340 quid
764 2291 881 2328 aliud
903 2295 980 2336 est,
1004 2291 1118 2340 quod
1141 2304 1208 2328 me
1229 2292 1333 2329 scire
1362 2292 1491 2329 voles.
1552 2291 1662 2329 Nam
1691 2291 1768 2328 hoc

200 2345 475 2396 prouerbium
499 2347 660 2383 semoui
681 2359 706 2382 a
728 2345 912 2395 reliquis.

256 2400 369 2437 Bene
392 2400 486 2437 vale
508 2413 605 2437 cum
628 2399 826 2438 omnibus
848 2401 927 2438 tibi
948 2401 1098 2438 charis.
1123 2401 1235 2439 Prid.
1260 2401 1612 2451 Epiphaniorum.

963 2456 967 2459 “
1335 2456 1452 2493 Eras.
1477 2455 1576 2492 Rot.
1602 2460 1713 2492 tuus.

257 2524 422 2563 Clariss.
449 2525 549 2562 Viro
571 2525 621 2563 D.
645 2525 865 2563 Bonifacio
886 2526 1181 2564 Amerbachio.
1242 2526 1445 2564 Basileae.

246 2591 343 2621 2751.
372 2600 422 2621 12.
449 2591 629 2631 reliquum
650 2592 884 2631 scripsimus:
912 2592 1051 2632 reliqua
1070 2592 1153 2622 MS.
1172 2605 1177 2623 :
1205 2593 1295 2623 nihil
1314 2596 1371 2623 est
1392 2592 1491 2632 quod
1514 2602 1670 2632 quaeras
1688 2591 1770 2621 MS.

202 2645 311 2674 τηαν-9.
327 2647 333 2664 ;
359 2635 416 2665 1110
433 2635 521 2675 quid
539 2636 684 2675 quaeris
702 2635 784 2665 MS.
800 2637 838 2666 in
857 2641 1029 2667 contextu.
1126 2646 1174 2676 14.
1202 2636 1412 2677 postulent:
1439 2635 1501 2666 sed
1520 2635 1608 2676 quid
1627 2636 1771 2675 scripsi-

201 2689 303 2710 mus:
330 2679 544 2718 postulant;
572 2679 633 2709 sed
651 2679 751 2718 quod
768 2679 850 2710 MS.

246 2767 342 2796 2752.
370 2776 399 2805 3.
425 2767 564 2796 semoui
607 2777 628 2796 a
670 2767 832 2807 reliquis]
876 2768 952 2798 The
1021 2768 1217 2808 suggested
1240 2772 1279 2798 to
1301 2768 1382 2798 him.
1401 2778 1446 2798 an
1469 2767 1691 2798 alternative
1709 2777 1768 2796 ex-

204 2811 346 2849 Aclaqia
358 2810 466 2840 offers
478 2810 822 2849 twoexplanations
835 2811 872 2841 of
889 2812 952 2842 the
1021 2812 1211 2852 planation
1241 2812 1367 2851 (4082).
1424 2811 1498 2841 But
1528 2811 1572 2841 he
1600 2821 1673 2841 was
1706 2815 1772 2841 not

203 2854 415 2893 expression
429 2854 573 2884 Alcinoi
586 2854 768 2892 apoquus,
787 2864 867 2893 1332
879 2856 952 2885 and
1021 2865 1103 2886 sure
1124 2856 1207 2886 that
1230 2856 1275 2885 he
1300 2855 1371 2885 had
1393 2855 1529 2895 rightly
1546 2854 1772 2885 understood

203 2899 299 2936 4082.
348 2897 465 2927 XVhen
483 2897 528 2927 he
543 2897 775 2928 hadwritten
793 2899 856 2928 the
874 2899 953 2929 first
1022 2899 1086 2930 the
1126 2909 1278 2939 passage
1317 2899 1355 2929 of
1400 2898 1679 2929 Aristotle—his
1719 2898 1770 2928 in-

205 2941 332 2979 (1332).
351 2940 537 2975 Erasmus'
551 2941 738 2972 attention
749 2952 823 2971 was
839 2942 954 2972 called
1022 2943 1266 2982 terpretation
1288 2943 1326 2972 of
1351 2943 1380 2972 it
1401 2952 1487 2977 was,
1510 2952 1550 2972 00
1571 2942 1616 2972 110
1633 2951 1717 2981 says
1735 2942 1771 2971 in

205 2988 244 3015 to
277 2984 466 3021 Aristotle,
491 2984 588 3015 Rhet.
624 2994 653 3023 3.
689 2987 737 3015 10.
773 2995 802 3024 7,
836 2986 953 3016 which
1024 2986 1090 3026 Ep.
1130 2995 1212 3025 2754
1249 2986 1484 3021 ‘diuinatio',
1517 2995 1614 3016 mere
1648 2995 1770 3025 guese-
