1966 3379
148 107 270 157 2937]
603 105 761 144 FROM
790 104 943 143 JOHN
972 104 1202 143 cHOLER
1635 107 1709 144 391

149 210 234 247 Res
263 213 361 259 post
391 209 628 258 proximam
659 209 774 246 illam
803 209 1053 246 seditionem
1081 208 1303 258 paululum
1331 209 1558 257 quietiores
1585 209 1712 254 fuere,
1734 226 1775 256 40

148 277 243 302 cum
265 264 433 301 interim
455 264 506 301 de
527 263 815 313 disputatione
836 263 965 300 fuerit
981 266 1230 300 tractatum.
1283 263 1446 300 Peciere
1468 276 1566 300 sane
1587 276 1712 300 euan-

147 318 267 368 gelici
298 319 368 355 isti
397 319 552 355 nostris
582 317 949 355 contionatoribus
979 317 1196 354 silencium
1231 317 1559 366 imponendum3
1601 318 1714 366 quod

148 373 182 410 si
209 373 390 410 obtineri
418 385 502 410 non
530 373 675 422 possit,
698 376 746 409 vt
770 372 912 409 saltim
937 376 1186 421 cogerentur
1210 371 1384 408 reddere
1410 373 1615 409 rationem
1642 372 1713 409 do-

148 427 308 464 ctrinae
321 431 364 464 et
378 426 475 464 fidei
493 440 604 464 suae.
637 426 830 475 Denique
844 430 942 475 post
957 427 1095 463 varias
1109 425 1405 463 altercationes
1419 438 1468 463 eo
1482 425 1714 463 deuentum

147 485 224 526 est,
247 485 296 519 vt
317 481 452 519 iudice
473 482 669 531 episcopo
689 484 835 518 nostro
856 480 1162 530 disputaretur,
1184 484 1227 517 et
1248 493 1388 518 coram
1417 493 1466 518 eo
1491 481 1713 518 ambarum
1735 494 1774 525 45

148 536 335 585 partium
361 537 611 573 assertiones
639 535 964 573 discuterentur.
1016 534 1138 580 Quod
1166 534 1226 572 illi
1253 535 1422 584 quidem
1451 539 1713 584 receperunt,

148 594 381 628 asserentes
403 603 445 628 se
466 591 708 640 episcopum
733 593 925 627 nostrum
953 589 1075 626 facile
1102 590 1195 639 pati
1222 602 1344 639 posse
1372 589 1565 634 iudicem,
1588 590 1715 627 modo

147 657 198 682 ne
233 648 455 694 tamquam
487 645 725 682 ordinarius
759 643 1004 693 presideret,
1040 644 1113 681 sed
1149 648 1371 693 tamquam
1404 645 1468 680 vir
1502 644 1638 681 bonus
1672 649 1716 681 et

148 699 342 749 princeps
374 698 651 737 Christianus.
712 699 797 736 Res
827 698 966 736 adhuc
995 702 1148 748 coepta
1183 711 1266 736 non
1300 702 1377 736 est.
1437 698 1583 736 Nostri
1619 711 1713 736 con-

148 754 381 791 tionatores
421 754 640 804 pecierunt
678 752 880 790 articulos
915 765 1040 803 super
1074 753 1228 802 quibus
1263 753 1572 802 disputandum
1607 753 1716 790 foret
1737 766 1777 796 5ο

147 808 226 845 sibi
260 809 475 858 praeponi,
507 811 556 846 vt
586 808 741 845 scirent
771 820 855 856 qua
887 808 939 845 de
970 820 1013 845 re
1042 807 1102 844 illi
1131 807 1381 845 dubitarent
1410 812 1487 845 aut
1516 820 1716 856 quaerere

149 862 320 900 vellent.
371 862 452 901 Sed
487 862 625 900 adhuc
660 862 765 899 nihil
800 875 1047 911 responsum
1082 866 1158 899 est.
1213 863 1423 900 Existimo
1459 862 1535 900 hos
1570 866 1716 900 tantos

148 916 248 954 belli
268 921 410 955 motus
430 917 623 955 fortassis
643 917 726 954 alia
747 916 921 954 consilia
941 917 1167 966 parituros

203 971 301 1009 Dux
330 971 662 1021 Wirtembergae
693 984 788 1008 cum
816 983 892 1008 suo
923 971 1165 1020 lantgrauio
1192 970 1343 1009 Hassie
1370 971 1562 1008 fortassis
1590 971 1717 1009 faciet

149 1029 197 1063 vt
217 1025 300 1063 alia
321 1027 566 1076 cogitemus.
616 1025 814 1063 Omnium
836 1026 965 1063 animi
989 1026 1183 1075 suspensi
1210 1030 1322 1063 sunt.
1373 1025 1508 1063 Nemo
1535 1027 1639 1063 satis
1666 1038 1716 1063 ne
1737 1039 1777 1069 55

148 1081 332 1130 cogitare
359 1081 530 1130 quidem
557 1084 700 1130 potest
730 1080 833 1129 quid
861 1080 1034 1117 tandem
1062 1080 1258 1117 futurum
1290 1081 1345 1118 sit
1372 1084 1450 1118 aut
1471 1093 1556 1129 quo
1577 1080 1717 1129 h[e]ae

148 1135 375 1173 seditiones
391 1136 476 1172 sint
491 1147 772 1184 processurae.
819 1135 1103 1185 Lantgrauius
1119 1135 1252 1172 indies
1268 1135 1401 1184 magis
1417 1136 1559 1185 copias
1575 1140 1715 1184 auget,

148 1194 192 1227 et
212 1202 371 1227 nouum
393 1189 606 1229 delectum
632 1189 770 1227 facere
795 1189 963 1235 dicitur,
989 1189 1108 1227 diues
1136 1193 1180 1227 et
1207 1189 1394 1239 locuples
1415 1203 1520 1227 auro
1541 1189 1714 1227 Gallico.

149 1244 304 1281 Bauari
326 1244 505 1293 denique
527 1244 652 1282 huius
673 1243 844 1282 fabulae
865 1248 1030 1282 actores
1051 1257 1140 1281 esse
1165 1244 1377 1290 dicuntur,
1400 1245 1555 1294 quibus
1577 1245 1715 1294 proxi-

148 1300 226 1336 mis
248 1299 359 1336 hisce
376 1299 523 1336 diebus
541 1311 613 1336 rex
630 1298 848 1336 Gallorum
867 1302 1058 1336 trecenta
1075 1299 1191 1336 milia
1207 1299 1461 1336 ducatorum
1483 1299 1717 1336 destinasse
1737 1305 1779 1333 60

150 1357 348 1391 constans
364 1358 430 1391 est
445 1353 570 1391 fama.
604 1354 697 1391 Rex
714 1353 768 1390 ab
785 1353 981 1391 omnibus
995 1353 1201 1399 desertus,
1219 1354 1299 1390 nisi
1312 1353 1501 1391 Caesaris
1517 1353 1718 1391 foueatur

148 1408 321 1453 auxilio,
343 1408 609 1458 explodetur.
661 1408 855 1446 Indictus
876 1412 968 1445 erat
988 1421 1100 1445 nunc
1125 1408 1180 1446 ad
1206 1408 1317 1446 hunc
1343 1408 1453 1446 diem
1481 1407 1717 1446 Sueuorum

148 1467 396 1500 conuentus.
447 1461 527 1500 Sed
547 1462 687 1501 adhuc
708 1475 831 1500 nemo
849 1463 978 1508 venit,
996 1475 1072 1500 nec
1090 1475 1333 1512 quenquam
1352 1467 1579 1501 venturum
1598 1467 1715 1512 puto.

149 1517 240 1555 Hoc
262 1530 414 1555 aurum
437 1516 644 1555 Gallicum
666 1516 897 1555 Germanos
919 1517 1078 1567 perdet.
1121 1516 1274 1555 Omnia
1295 1518 1336 1554 in
1354 1518 1497 1555 odium
1515 1518 1717 1563 Caesaris,

148 1584 196 1609 ac
232 1572 417 1609 maxime
452 1573 559 1622 regis
587 1572 855 1618 Ferdinandi,
881 1576 1125 1610 commenta
1163 1585 1251 1610 esse
1287 1572 1501 1610 videntur.
1552 1572 1778 1614 Caeteriofi

148 1631 293 1664 autem
315 1627 478 1676 imperii
503 1639 694 1676 proceres
718 1627 899 1664 sinuatis
926 1627 1116 1664 assident
1140 1627 1360 1665 manibus:
1393 1631 1655 1676 spectatores
1676 1640 1718 1664 sc

148 1681 364 1719 exhibent.
417 1681 593 1719 Interim
616 1681 675 1718 illi
697 1681 781 1719 duo
803 1694 939 1727 suum,
962 1682 1046 1719 imo
1067 1681 1301 1727 Gallorum,
1327 1686 1462 1732 agunt
1482 1683 1716 1731 negocium.

149 1735 291 1773 Donec
331 1735 483 1774 Caesar
523 1736 646 1774 rebus
686 1736 886 1773 desolatis
927 1736 1173 1774 subuenerit
1214 1738 1263 1784 (si
1304 1741 1449 1774 tamen
1488 1736 1719 1785 aliquando

147 1790 373 1828 subuenire
406 1790 549 1838 volet),
585 1791 637 1828 de
672 1791 798 1828 rebus
832 1792 988 1828 nostris
1023 1795 1167 1828 actum
1202 1792 1295 1828 erit.
1347 1791 1477 1829 Video
1512 1792 1718 1828 orituram

149 1846 361 1894 ingentem
389 1849 701 1895 tempestatem,
728 1858 836 1894 quac
861 1849 1000 1883 totam
1025 1844 1296 1883 Germaniam
1322 1846 1655 1896 depopulabitur
1676 1850 1719 1883 et
1740 1860 1780 1889 70

148 1904 353 1937 conteret.

205 1954 568 2004 Paumgartnerus
599 1954 765 2004 aliquot
797 1955 947 1992 diebus
981 1955 1065 1992 fuit
1095 1955 1259 1993 absens.
1312 1955 1529 2005 Fuggerus
1560 1959 1717 2000 autem,

149 2021 349 2058 praesens
370 2009 588 2059 Augustae
610 2009 803 2059 pluribus
826 2010 1054 2055 mensibus,
1078 2023 1190 2047 nunc
1213 2010 1383 2048 demum
1406 2010 1541 2060 pridie
1563 2010 1717 2047 Ascen-

149 2064 277 2101 sionis
308 2076 403 2101 cum
434 2064 595 2101 familia
624 2064 720 2101 hinc
748 2065 974 2114 emigrauit
1002 2065 1055 2102 ad
1085 2065 1287 2114 oppidum
1320 2078 1443 2102 suum
1472 2069 1515 2102 et
1543 2065 1720 2102 castella

148 2118 498 2156 ‘vVeissenhorem.
540 2118 675 2156 Credo
697 2119 830 2165 illum,
853 2132 1082 2157 memorem
1100 2120 1277 2157 vetteris
1299 2120 1490 2165 iniuriae,
1514 2119 1718 2169 pensilem
1741 2132 1780 2162 75

148 2172 364 2210 Christum
386 2172 464 2210 hoc
485 2186 598 2211 anno
619 2178 867 2223 exspectare
889 2174 1087 2212 noluisse.

204 2227 265 2264 De
287 2227 449 2265 famulo
471 2231 558 2273 tuo,
582 2240 706 2277 quem
729 2228 810 2266 huc
828 2230 992 2266 venisse
1009 2229 1063 2266 ad
1082 2241 1158 2266 nos
1175 2229 1406 2275 existimas,
1425 2229 1533 2266 scias
1555 2228 1718 2266 nullum

151 2282 326 2327 venisse,
344 2294 420 2319 nec
438 2283 539 2320 mihi
556 2287 729 2320 constat
746 2296 871 2332 quem
889 2283 1147 2321 famulorum
1166 2284 1391 2333 intelligas.
1442 2282 1558 2321 Scias
1576 2288 1719 2321 autem

151 2340 323 2374 tuorum
342 2337 552 2374 neminem
572 2340 685 2387 (post
700 2337 818 2375 illum
838 2341 1033 2388 puerum)
1052 2338 1133 2376 huc
1152 2339 1328 2377 venisse.
1370 2337 1412 2376 Si
1430 2339 1524 2388 quis
1542 2339 1717 2381 venerit,

148 2391 280 2428 latere
302 2404 369 2428 me
393 2404 476 2429 non
499 2393 690 2441 potterit.
1740 2397 1781 2426 80

206 2446 414 2483 Proximis
451 2447 536 2484 tuis
575 2446 730 2485 litteris
766 2448 880 2485 visus
915 2461 958 2485 es
994 2449 1208 2497 conqueri,
1246 2452 1287 2485 te
1324 2448 1449 2485 nimis
1485 2447 1720 2485 liberaliter

150 2501 355 2538 muscatis
379 2501 557 2538 nucibus
579 2515 701 2539 vsum
723 2515 823 2548 esse,
846 2503 1001 2552 quibus
1020 2504 1101 2540 iam
1119 2516 1261 2540 carere
1283 2507 1325 2540 te
1347 2507 1557 2552 oporteat.
1593 2502 1720 2538 Mitto

150 2555 279 2604 igitur
301 2555 378 2593 hoc
399 2556 547 2594 eodem
570 2556 624 2594 ad
647 2562 688 2594 te
712 2558 863 2595 nuntio
885 2557 1015 2595 libras
1040 2557 1205 2607 aliquot
1231 2570 1387 2595 nucum
1414 2562 1718 2594 museatarum.

195 2658 248 2688 43.
275 2650 433 2690 optineri
452 2649 533 2680 MS.
626 2659 677 2688 51.
706 2661 761 2681 res
779 2650 860 2681 MS.
953 2660 1004 2690 55.
1031 2652 1227 2692 spuspensi
1244 2651 1325 2681 MS.
1417 2656 1471 2681 bo.
1498 2651 1719 2689 ‹lugntorinn

151 2692 232 2723 MS.
324 2696 377 2733 67.
405 2694 539 2724 interin
556 2693 638 2724 MS.

196 2836 249 2865 40.
275 2825 508 2863 seditionem]
527 2825 591 2855 See
609 2825 704 2866 Epp.
725 2825 822 2866 2814.
837 2835 899 2867 34—
968 2827 1038 2867 Ep.
1057 2835 1154 2866 2934.

154 2879 206 2909 49,
226 2870 322 2900 2818.
344 2879 461 2909 20-44,
481 2871 576 2908 2845.
598 2871 716 2909 38-47.
1012 2879 1065 2909 70.
1092 2870 1264 2911 puerum]
1291 2870 1363 2900 Not
1384 2869 1517 2899 known
1538 2873 1575 2899 to
1595 2878 1647 2898 us.

198 2922 250 2953 54.
277 2913 377 2950 Dux]
396 2914 460 2943 Sec
480 2913 548 2952 Ep.
570 2916 664 2951 2936.
684 2915 762 2952 7811.
1012 2916 1065 2952 83.
1092 2914 1248 2953 aliquot]
1290 2914 1331 2943 ln
1373 2914 1436 2943 tho
1476 2913 1616 2951 margin
1658 2912 1720 2942 the

197 2966 248 2996 77.
277 2957 428 2995 famulo]
448 2957 610 2996 Perhaps
628 2957 690 2987 tho
707 2958 851 2988 {zenonis
863 2958 901 2987 of
969 2962 1076 2989 exuet
1094 2969 1175 2988 suin
1195 2958 1222 2988 is
1239 2958 1402 2997 given—⁸
1418 2968 1434 2996 4
1455 2956 1564 2986 librns
1578 2958 1597 2985 ’.
