<?xml version="1.0" encoding="UTF-8"?>
<!DOCTYPE html PUBLIC "-//W3C//DTD XHTML 1.0 Transitional//EN"
    "http://www.w3.org/TR/xhtml1/DTD/xhtml1-transitional.dtd">
<html xmlns="http://www.w3.org/1999/xhtml" xml:lang="en" lang="en">
 <head>
  <title>
</title>
<meta http-equiv="Content-Type" content="text/html;charset=utf-8" />
  <meta name='ocr-system' content='tesseract 3.04.00' />
  <meta name='ocr-capabilities' content='ocr_page ocr_carea ocr_par ocr_line ocrx_word'/>
</head>
<body>
  <div class='ocr_page' id='page_1' title='image "./opusepistolarum10eras_0295.png"; bbox 0 0 1966 3379; ppageno 0'>
   <div class='ocr_carea' id='block_1_1' title="bbox 58 116 1626 171">
    <p class='ocr_par' dir='ltr' id='par_1_1' title="bbox 58 116 1626 171">
     <span class='ocr_line' id='line_1_1' title="bbox 58 116 1626 171; baseline -0.005 -10"><span class='ocrx_word' id='word_1_1' title='bbox 58 122 178 171; x_wconf 83' lang='lat'>2831]</span> <span class='ocrx_word' id='word_1_2' title='bbox 530 119 689 157; x_wconf 86' lang='lat' dir='ltr'>FROM</span> <span class='ocrx_word' id='word_1_3' title='bbox 720 117 953 157; x_wconf 85' lang='lat' dir='ltr'>THOMAS</span> <span class='ocrx_word' id='word_1_4' title='bbox 984 116 1145 156; x_wconf 81' lang='lat' dir='ltr'>MORE</span> <span class='ocrx_word' id='word_1_5' title='bbox 1548 117 1626 154; x_wconf 82' lang='lat'>259</span> 
     </span>
    </p>
   </div>
   <div class='ocr_carea' id='block_1_2' title="bbox 55 220 1700 2680">
    <p class='ocr_par' dir='ltr' id='par_1_2' title="bbox 55 220 1690 710">
     <span class='ocr_line' id='line_1_2' title="bbox 55 220 1625 274; baseline -0.004 -10"><span class='ocrx_word' id='word_1_6' title='bbox 55 226 217 271; x_wconf 99' lang='lat' dir='ltr'>debuit,</span> <span class='ocrx_word' id='word_1_7' title='bbox 251 224 324 263; x_wconf 89' lang='lat' dir='ltr'>sed</span> <span class='ocrx_word' id='word_1_8' title='bbox 364 227 462 274; x_wconf 89' lang='lat' dir='ltr'>post</span> <span class='ocrx_word' id='word_1_9' title='bbox 494 225 687 274; x_wconf 88' lang='lat' dir='ltr'>impensa</span> <span class='ocrx_word' id='word_1_10' title='bbox 719 224 832 260; x_wconf 89' lang='lat' dir='ltr'>iusta</span> <span class='ocrx_word' id='word_1_11' title='bbox 872 222 1021 267; x_wconf 77' lang='lat' dir='ltr'>funeri,</span> <span class='ocrx_word' id='word_1_12' title='bbox 1054 234 1140 259; x_wconf 92' lang='lat' dir='ltr'>non</span> <span class='ocrx_word' id='word_1_13' title='bbox 1172 220 1405 259; x_wconf 84' lang='lat' dir='ltr'>admodum</span> <span class='ocrx_word' id='word_1_14' title='bbox 1440 220 1625 258; x_wconf 89' lang='lat' dir='ltr'>multum</span> 
     </span>
     <span class='ocr_line' id='line_1_3' title="bbox 56 275 1625 331; baseline -0.004 -13"><span class='ocrx_word' id='word_1_15' title='bbox 56 280 280 331; x_wconf 71' lang='lat' dir='ltr'><strong>superfuit.</strong></span> <span class='ocrx_word' id='word_1_16' title='bbox 339 279 671 316; x_wconf 90' lang='lat' dir='ltr'>Dunelmensem</span> <span class='ocrx_word' id='word_1_17' title='bbox 708 277 821 315; x_wconf 86' lang='lat' dir='ltr'>haud</span> <span class='ocrx_word' id='word_1_18' title='bbox 854 277 980 314; x_wconf 90' lang='lat' dir='ltr'>dubie</span> <span class='ocrx_word' id='word_1_19' title='bbox 1012 276 1288 313; x_wconf 78' lang='lat' dir='ltr'>vehementer</span> <span class='ocrx_word' id='word_1_20' title='bbox 1317 275 1516 313; x_wconf 76' lang='lat' dir='ltr'>exhaurit</span> <span class='ocrx_word' id='word_1_21' title='bbox 1547 275 1625 313; x_wconf 95' lang='grc'>1100</span> 
     </span>
     <span class='ocr_line' id='line_1_4' title="bbox 57 329 1686 383; baseline -0.004 -11"><span class='ocrx_word' id='word_1_22' title='bbox 57 335 228 380; x_wconf 83' lang='grc'>1101111111,</span> <span class='ocrx_word' id='word_1_23' title='bbox 247 338 323 372; x_wconf 88' lang='lat' dir='ltr'>aut</span> <span class='ocrx_word' id='word_1_24' title='bbox 340 334 601 371; x_wconf 74' lang='lat' dir='ltr'>incursiones</span> <span class='ocrx_word' id='word_1_25' title='bbox 618 333 760 383; x_wconf 91' lang='lat' dir='ltr'>potius</span> <span class='ocrx_word' id='word_1_26' title='bbox 778 345 886 381; x_wconf 89' lang='lat' dir='ltr'>quae</span> <span class='ocrx_word' id='word_1_27' title='bbox 903 335 1005 369; x_wconf 88' lang='lat' dir='ltr'>sunt</span> <span class='ocrx_word' id='word_1_28' title='bbox 1022 331 1196 368; x_wconf 89' lang='lat' dir='ltr'>habitae</span> <span class='ocrx_word' id='word_1_29' title='bbox 1213 330 1335 367; x_wconf 89' lang='lat' dir='ltr'>nobis</span> <span class='ocrx_word' id='word_1_30' title='bbox 1352 343 1447 366; x_wconf 88' lang='lat' dir='ltr'>cum</span> <span class='ocrx_word' id='word_1_31' title='bbox 1467 329 1623 367; x_wconf 78' lang='lat' dir='ltr'>Scotis:</span> <span class='ocrx_word' id='word_1_32' title='bbox 1649 342 1686 371; x_wconf 84' lang='lat'>15</span> 
     </span>
     <span class='ocr_line' id='line_1_5' title="bbox 56 384 1626 435; baseline -0.003 -8"><span class='ocrx_word' id='word_1_33' title='bbox 56 402 154 428; x_wconf 89' lang='lat' dir='ltr'>nam</span> <span class='ocrx_word' id='word_1_34' title='bbox 182 390 271 426; x_wconf 88' lang='lat' dir='ltr'>eius</span> <span class='ocrx_word' id='word_1_35' title='bbox 300 388 406 425; x_wconf 88' lang='lat' dir='ltr'>ditio</span> <span class='ocrx_word' id='word_1_36' title='bbox 431 387 568 425; x_wconf 84' lang='lat' dir='ltr'>Scotis</span> <span class='ocrx_word' id='word_1_37' title='bbox 592 392 657 425; x_wconf 91' lang='lat' dir='ltr'>est</span> <span class='ocrx_word' id='word_1_38' title='bbox 682 387 958 431; x_wconf 84' lang='lat' dir='ltr'>contermina,</span> <span class='ocrx_word' id='word_1_39' title='bbox 982 390 1072 423; x_wconf 90' lang='lat' dir='ltr'>tam</span> <span class='ocrx_word' id='word_1_40' title='bbox 1102 385 1247 435; x_wconf 88' lang='lat' dir='ltr'>procul</span> <span class='ocrx_word' id='word_1_41' title='bbox 1273 397 1297 421; x_wconf 87' lang='lat' dir='ltr'>a</span> <span class='ocrx_word' id='word_1_42' title='bbox 1325 384 1446 421; x_wconf 87' lang='lat' dir='ltr'>nobis</span> <span class='ocrx_word' id='word_1_43' title='bbox 1475 389 1520 421; x_wconf 84' lang='lat' dir='ltr'>vt</span> <span class='ocrx_word' id='word_1_44' title='bbox 1550 397 1626 434; x_wconf 90' lang='lat' dir='ltr'>ego</span> 
     </span>
     <span class='ocr_line' id='line_1_6' title="bbox 57 439 1627 490; baseline -0.003 -9"><span class='ocrx_word' id='word_1_45' title='bbox 57 449 146 482; x_wconf 89' lang='lat' dir='ltr'>tam</span> <span class='ocrx_word' id='word_1_46' title='bbox 169 456 264 481; x_wconf 89' lang='lat' dir='ltr'>raro</span> <span class='ocrx_word' id='word_1_47' title='bbox 285 443 371 480; x_wconf 87' lang='lat' dir='ltr'>fere</span> <span class='ocrx_word' id='word_1_48' title='bbox 393 442 447 479; x_wconf 89' lang='lat' dir='ltr'>ab</span> <span class='ocrx_word' id='word_1_49' title='bbox 470 442 542 480; x_wconf 93' lang='lat' dir='ltr'>illo</span> <span class='ocrx_word' id='word_1_50' title='bbox 573 443 655 480; x_wconf 87' lang='lat' dir='ltr'>iam</span> <span class='ocrx_word' id='word_1_51' title='bbox 681 442 852 479; x_wconf 80' lang='lat' dir='ltr'>audiam</span> <span class='ocrx_word' id='word_1_52' title='bbox 874 453 1003 490; x_wconf 85' lang='lat' dir='ltr'>quam</span> <span class='ocrx_word' id='word_1_53' title='bbox 1029 440 1106 477; x_wconf 91' lang='lat' dir='ltr'>abs</span> <span class='ocrx_word' id='word_1_54' title='bbox 1134 444 1188 477; x_wconf 84' lang='lat' dir='ltr'>te.</span> <span class='ocrx_word' id='word_1_55' title='bbox 1250 439 1414 476; x_wconf 86' lang='lat' dir='ltr'>Rumor</span> <span class='ocrx_word' id='word_1_56' title='bbox 1443 439 1507 475; x_wconf 89' lang='grc'>1110</span> <span class='ocrx_word' id='word_1_57' title='bbox 1534 443 1627 477; x_wconf 91' lang='lat' dir='ltr'>erat</span> 
     </span>
     <span class='ocr_line' id='line_1_7' title="bbox 57 494 1626 543; baseline -0.003 -8"><span class='ocrx_word' id='word_1_58' title='bbox 57 499 108 536; x_wconf 92' lang='lat' dir='ltr'>N.</span> <span class='ocrx_word' id='word_1_59' title='bbox 140 499 205 535; x_wconf 88' lang='lat' dir='ltr'>hic</span> <span class='ocrx_word' id='word_1_60' title='bbox 236 497 365 534; x_wconf 84' lang='lat' dir='ltr'>fuisse</span> <span class='ocrx_word' id='word_1_61' title='bbox 396 509 492 534; x_wconf 90' lang='lat' dir='ltr'>cum</span> <span class='ocrx_word' id='word_1_62' title='bbox 518 496 846 534; x_wconf 85' lang='lat' dir='ltr'>Melanchthone</span> <span class='ocrx_word' id='word_1_63' title='bbox 876 508 961 532; x_wconf 88' lang='lat' dir='ltr'>vna</span> <span class='ocrx_word' id='word_1_64' title='bbox 989 498 1210 532; x_wconf 87' lang='lat' dir='ltr'>seruatum</span> <span class='ocrx_word' id='word_1_65' title='bbox 1242 506 1316 543; x_wconf 88' lang='lat' dir='ltr'>per</span> <span class='ocrx_word' id='word_1_66' title='bbox 1346 494 1488 530; x_wconf 87' lang='lat' dir='ltr'>nescio</span> <span class='ocrx_word' id='word_1_67' title='bbox 1520 506 1626 543; x_wconf 90' lang='lat' dir='ltr'>quos</span> 
     </span>
     <span class='ocr_line' id='line_1_8' title="bbox 57 548 1627 601; baseline -0.004 -11"><span class='ocrx_word' id='word_1_68' title='bbox 57 553 129 590; x_wconf 93' lang='lat' dir='ltr'>diu</span> <span class='ocrx_word' id='word_1_69' title='bbox 161 552 416 596; x_wconf 89' lang='lat' dir='ltr'>clanculum,</span> <span class='ocrx_word' id='word_1_70' title='bbox 448 556 547 601; x_wconf 87' lang='lat' dir='ltr'>post</span> <span class='ocrx_word' id='word_1_71' title='bbox 581 551 730 588; x_wconf 84' lang='lat' dir='ltr'>furtim</span> <span class='ocrx_word' id='word_1_72' title='bbox 761 551 1024 587; x_wconf 75' lang='lat' dir='ltr'>discessisse:</span> <span class='ocrx_word' id='word_1_73' title='bbox 1063 549 1137 586; x_wconf 89' lang='lat' dir='ltr'>sed</span> <span class='ocrx_word' id='word_1_74' title='bbox 1172 550 1205 586; x_wconf 88' lang='lat' dir='ltr'>is</span> <span class='ocrx_word' id='word_1_75' title='bbox 1238 561 1383 585; x_wconf 89' lang='lat' dir='ltr'>rumor</span> <span class='ocrx_word' id='word_1_76' title='bbox 1418 548 1627 597; x_wconf 87' lang='lat' dir='ltr'>paulatim</span> 
     </span>
     <span class='ocr_line' id='line_1_9' title="bbox 56 602 1690 656; baseline -0.004 -11"><span class='ocrx_word' id='word_1_77' title='bbox 56 607 246 652; x_wconf 90' lang='lat' dir='ltr'>euanuit,</span> <span class='ocrx_word' id='word_1_78' title='bbox 279 611 323 644; x_wconf 90' lang='lat' dir='ltr'>et</span> <span class='ocrx_word' id='word_1_79' title='bbox 357 619 422 643; x_wconf 88' lang='lat' dir='ltr'>res</span> <span class='ocrx_word' id='word_1_80' title='bbox 462 610 631 656; x_wconf 86' lang='lat' dir='ltr'>reperta</span> <span class='ocrx_word' id='word_1_81' title='bbox 669 609 734 642; x_wconf 91' lang='lat' dir='ltr'>est</span> <span class='ocrx_word' id='word_1_82' title='bbox 774 605 1014 642; x_wconf 88' lang='lat' dir='ltr'>falsissima.</span> <span class='ocrx_word' id='word_1_83' title='bbox 1077 603 1171 641; x_wconf 86' lang='lat' dir='ltr'>Rex</span> <span class='ocrx_word' id='word_1_84' title='bbox 1213 602 1384 640; x_wconf 81' lang='lat' dir='ltr'>videtur</span> <span class='ocrx_word' id='word_1_85' title='bbox 1424 602 1629 640; x_wconf 85' lang='lat' dir='ltr'>aduersus</span> <span class='ocrx_word' id='word_1_86' title='bbox 1650 616 1690 637; x_wconf 85' lang='lat'>20</span> 
     </span>
     <span class='ocr_line' id='line_1_10' title="bbox 57 660 931 710; baseline -0.003 -11"><span class='ocrx_word' id='word_1_87' title='bbox 57 662 291 699; x_wconf 83' lang='lat' dir='ltr'>haereticos</span> <span class='ocrx_word' id='word_1_88' title='bbox 312 661 448 698; x_wconf 88' lang='lat' dir='ltr'>acrior</span> <span class='ocrx_word' id='word_1_89' title='bbox 469 673 597 709; x_wconf 90' lang='lat' dir='ltr'>quam</span> <span class='ocrx_word' id='word_1_90' title='bbox 620 660 817 710; x_wconf 83' lang='lat' dir='ltr'>Episcopi</span> <span class='ocrx_word' id='word_1_91' title='bbox 839 660 931 709; x_wconf 88' lang='lat' dir='ltr'>ipsi.</span> 
     </span>
    </p>

    <p class='ocr_par' dir='ltr' id='par_1_3' title="bbox 57 712 1700 2680">
     <span class='ocr_line' id='line_1_11' title="bbox 112 712 1628 766; baseline -0.003 -13"><span class='ocrx_word' id='word_1_92' title='bbox 112 715 334 766; x_wconf 87' lang='lat' dir='ltr'>Tyndalus</span> <span class='ocrx_word' id='word_1_93' title='bbox 355 715 592 753; x_wconf 89' lang='lat' dir='ltr'>haereticus</span> <span class='ocrx_word' id='word_1_94' title='bbox 614 719 796 759; x_wconf 79' lang='lat' dir='ltr'>nostras,</span> <span class='ocrx_word' id='word_1_95' title='bbox 818 715 891 764; x_wconf 91' lang='lat' dir='ltr'>qui</span> <span class='ocrx_word' id='word_1_96' title='bbox 912 718 957 751; x_wconf 92' lang='lat' dir='ltr'>et</span> <span class='ocrx_word' id='word_1_97' title='bbox 978 725 1189 763; x_wconf 87' lang='lat' dir='ltr'>nusquam</span> <span class='ocrx_word' id='word_1_98' title='bbox 1216 717 1260 749; x_wconf 89' lang='lat' dir='ltr'>et</span> <span class='ocrx_word' id='word_1_99' title='bbox 1281 712 1438 761; x_wconf 87' lang='lat' dir='ltr'>vbique</span> <span class='ocrx_word' id='word_1_100' title='bbox 1466 712 1628 757; x_wconf 80' lang='lat' dir='ltr'>exulat,</span> 
     </span>
     <span class='ocr_line' id='line_1_12' title="bbox 57 766 1627 821; baseline -0.003 -13"><span class='ocrx_word' id='word_1_101' title='bbox 57 772 226 821; x_wconf 88' lang='lat' dir='ltr'>scripsit</span> <span class='ocrx_word' id='word_1_102' title='bbox 258 770 340 808; x_wconf 90' lang='lat' dir='ltr'>huc</span> <span class='ocrx_word' id='word_1_103' title='bbox 380 782 516 819; x_wconf 87' lang='lat' dir='ltr'>nuper</span> <span class='ocrx_word' id='word_1_104' title='bbox 548 769 923 807; x_wconf 89' lang='lat' dir='ltr'>Melanchthonem</span> <span class='ocrx_word' id='word_1_105' title='bbox 957 781 1047 805; x_wconf 87' lang='lat' dir='ltr'>esse</span> <span class='ocrx_word' id='word_1_106' title='bbox 1087 767 1203 818; x_wconf 87' lang='lat' dir='ltr'>apud</span> <span class='ocrx_word' id='word_1_107' title='bbox 1245 767 1405 816; x_wconf 80' lang='lat' dir='ltr'>Regem</span> <span class='ocrx_word' id='word_1_108' title='bbox 1442 766 1627 804; x_wconf 86' lang='lat' dir='ltr'>Galliae:</span> 
     </span>
     <span class='ocr_line' id='line_1_13' title="bbox 57 821 1630 872; baseline -0.003 -9"><span class='ocrx_word' id='word_1_109' title='bbox 57 830 191 863; x_wconf 91' lang='lat' dir='ltr'>semet</span> <span class='ocrx_word' id='word_1_110' title='bbox 231 825 491 862; x_wconf 90' lang='lat' dir='ltr'>collocutum</span> <span class='ocrx_word' id='word_1_111' title='bbox 527 837 622 862; x_wconf 88' lang='lat' dir='ltr'>cum</span> <span class='ocrx_word' id='word_1_112' title='bbox 654 837 703 862; x_wconf 90' lang='lat' dir='ltr'>eo</span> <span class='ocrx_word' id='word_1_113' title='bbox 733 824 805 872; x_wconf 90' lang='lat' dir='ltr'>qui</span> <span class='ocrx_word' id='word_1_114' title='bbox 837 823 957 860; x_wconf 88' lang='lat' dir='ltr'>illum</span> <span class='ocrx_word' id='word_1_115' title='bbox 989 822 1167 860; x_wconf 86' lang='lat' dir='ltr'>vidisset</span> <span class='ocrx_word' id='word_1_116' title='bbox 1197 826 1424 872; x_wconf 88' lang='lat' dir='ltr'>exceptum</span> <span class='ocrx_word' id='word_1_117' title='bbox 1458 821 1630 859; x_wconf 88' lang='lat' dir='ltr'>Parisiis</span> 
     </span>
     <span class='ocr_line' id='line_1_14' title="bbox 57 875 1691 928; baseline -0.004 -10"><span class='ocrx_word' id='word_1_118' title='bbox 57 881 265 918; x_wconf 85' lang='lat' dir='ltr'>comitatu</span> <span class='ocrx_word' id='word_1_119' title='bbox 288 890 350 917; x_wconf 82' lang='lat' dir='ltr'>CL.</span> <span class='ocrx_word' id='word_1_120' title='bbox 374 892 604 928; x_wconf 88' lang='lat' dir='ltr'>equorum:</span> <span class='ocrx_word' id='word_1_121' title='bbox 649 878 839 916; x_wconf 88' lang='lat' dir='ltr'>addebat</span> <span class='ocrx_word' id='word_1_122' title='bbox 860 891 902 915; x_wconf 93' lang='lat' dir='ltr'>se</span> <span class='ocrx_word' id='word_1_123' title='bbox 924 878 1075 915; x_wconf 90' lang='lat' dir='ltr'>timere</span> <span class='ocrx_word' id='word_1_124' title='bbox 1101 876 1324 926; x_wconf 89' lang='lat' dir='ltr'>Tyndalus</span> <span class='ocrx_word' id='word_1_125' title='bbox 1345 889 1410 921; x_wconf 88' lang='lat' dir='ltr'>ne,</span> <span class='ocrx_word' id='word_1_126' title='bbox 1434 877 1466 913; x_wconf 89' lang='lat' dir='ltr'>si</span> <span class='ocrx_word' id='word_1_127' title='bbox 1492 875 1631 913; x_wconf 84' lang='lat' dir='ltr'>Gallia</span> <span class='ocrx_word' id='word_1_128' title='bbox 1651 889 1691 919; x_wconf 85' lang='lat'>25</span> 
     </span>
     <span class='ocr_line' id='line_1_15' title="bbox 57 931 1631 985; baseline -0.003 -13"><span class='ocrx_word' id='word_1_129' title='bbox 57 948 131 985; x_wconf 89' lang='lat' dir='ltr'>per</span> <span class='ocrx_word' id='word_1_130' title='bbox 151 934 271 972; x_wconf 89' lang='lat' dir='ltr'>illum</span> <span class='ocrx_word' id='word_1_131' title='bbox 294 935 500 984; x_wconf 91' lang='lat' dir='ltr'>reciperet</span> <span class='ocrx_word' id='word_1_132' title='bbox 516 934 694 971; x_wconf 89' lang='lat' dir='ltr'>verbum</span> <span class='ocrx_word' id='word_1_133' title='bbox 713 933 802 978; x_wconf 84' lang='lat' dir='ltr'>Dei,</span> <span class='ocrx_word' id='word_1_134' title='bbox 820 932 1147 970; x_wconf 86' lang='lat' dir='ltr'>confirmaretur</span> <span class='ocrx_word' id='word_1_135' title='bbox 1168 933 1209 968; x_wconf 91' lang='lat' dir='ltr'>in</span> <span class='ocrx_word' id='word_1_136' title='bbox 1231 931 1313 968; x_wconf 89' lang='lat' dir='ltr'>fide</span> <span class='ocrx_word' id='word_1_137' title='bbox 1335 931 1631 968; x_wconf 82' lang='lat' dir='ltr'>Eucharistiae</span> 
     </span>
     <span class='ocr_line' id='line_1_16' title="bbox 57 986 1630 1035; baseline -0.003 -8"><span class='ocrx_word' id='word_1_138' title='bbox 57 993 207 1027; x_wconf 88' lang='lat' dir='ltr'>contra</span> <span class='ocrx_word' id='word_1_139' title='bbox 228 988 468 1027; x_wconf 89' lang='lat' dir='ltr'>Vicleficam</span> <span class='ocrx_word' id='word_1_140' title='bbox 492 993 663 1026; x_wconf 83' lang='lat' dir='ltr'>sectam.</span> <span class='ocrx_word' id='word_1_141' title='bbox 725 987 861 1033; x_wconf 85' lang='lat' dir='ltr'>Quam</span> <span class='ocrx_word' id='word_1_142' title='bbox 889 987 1070 1025; x_wconf 87' lang='lat' dir='ltr'>sollicite</span> <span class='ocrx_word' id='word_1_143' title='bbox 1098 987 1168 1024; x_wconf 88' lang='lat' dir='ltr'>isti</span> <span class='ocrx_word' id='word_1_144' title='bbox 1189 990 1382 1023; x_wconf 83' lang='lat' dir='ltr'>tractant</span> <span class='ocrx_word' id='word_1_145' title='bbox 1404 986 1482 1023; x_wconf 87' lang='lat' dir='ltr'>hoc</span> <span class='ocrx_word' id='word_1_146' title='bbox 1508 998 1630 1035; x_wconf 89' lang='lat' dir='ltr'>nego-</span> 
     </span>
     <span class='ocr_line' id='line_1_17' title="bbox 58 1041 1631 1093; baseline -0.003 -12"><span class='ocrx_word' id='word_1_147' title='bbox 58 1045 179 1089; x_wconf 90' lang='lat' dir='ltr'>tium,</span> <span class='ocrx_word' id='word_1_148' title='bbox 210 1047 419 1092; x_wconf 87' lang='lat' dir='ltr'>tanquam</span> <span class='ocrx_word' id='word_1_149' title='bbox 447 1043 529 1080; x_wconf 89' lang='lat' dir='ltr'>illis</span> <span class='ocrx_word' id='word_1_150' title='bbox 558 1043 794 1093; x_wconf 83' lang='lat' dir='ltr'>delegasset</span> <span class='ocrx_word' id='word_1_151' title='bbox 822 1042 937 1080; x_wconf 90' lang='lat' dir='ltr'>Deus</span> <span class='ocrx_word' id='word_1_152' title='bbox 964 1041 1278 1079; x_wconf 88' lang='lat' dir='ltr'>instituendum</span> <span class='ocrx_word' id='word_1_153' title='bbox 1305 1045 1349 1078; x_wconf 92' lang='lat' dir='ltr'>et</span> <span class='ocrx_word' id='word_1_154' title='bbox 1378 1041 1631 1078; x_wconf 80' lang='lat' dir='ltr'>rudimentis</span> 
     </span>
     <span class='ocr_line' id='line_1_18' title="bbox 57 1095 1632 1147; baseline -0.003 -11"><span class='ocrx_word' id='word_1_155' title='bbox 57 1099 153 1136; x_wconf 92' lang='lat' dir='ltr'>fidei</span> <span class='ocrx_word' id='word_1_156' title='bbox 171 1098 450 1135; x_wconf 88' lang='lat' dir='ltr'>imbuendum</span> <span class='ocrx_word' id='word_1_157' title='bbox 468 1098 612 1135; x_wconf 89' lang='lat' dir='ltr'>orbem</span> <span class='ocrx_word' id='word_1_158' title='bbox 628 1098 634 1135; x_wconf 83' lang='lat'>!</span> <span class='ocrx_word' id='word_1_159' title='bbox 678 1097 800 1143; x_wconf 85' lang='lat' dir='ltr'>Quod</span> <span class='ocrx_word' id='word_1_160' title='bbox 824 1098 865 1134; x_wconf 90' lang='lat' dir='ltr'>in</span> <span class='ocrx_word' id='word_1_161' title='bbox 883 1096 1064 1147; x_wconf 86' lang='lat' dir='ltr'>epistola</span> <span class='ocrx_word' id='word_1_162' title='bbox 1081 1097 1218 1146; x_wconf 90' lang='lat' dir='ltr'>priore</span> <span class='ocrx_word' id='word_1_163' title='bbox 1235 1095 1394 1141; x_wconf 81' lang='lat' dir='ltr'>scribis,</span> <span class='ocrx_word' id='word_1_164' title='bbox 1413 1095 1632 1133; x_wconf 83' lang='lat' dir='ltr'>dubitasse</span> 
     </span>
     <span class='ocr_line' id='line_1_19' title="bbox 58 1150 1694 1203; baseline -0.002 -12"><span class='ocrx_word' id='word_1_165' title='bbox 58 1157 101 1191; x_wconf 89' lang='lat' dir='ltr'>te</span> <span class='ocrx_word' id='word_1_166' title='bbox 118 1153 343 1203; x_wconf 87' lang='lat' dir='ltr'>epistolam</span> <span class='ocrx_word' id='word_1_167' title='bbox 358 1165 495 1190; x_wconf 88' lang='lat' dir='ltr'>meam</span> <span class='ocrx_word' id='word_1_168' title='bbox 513 1152 673 1197; x_wconf 87' lang='lat' dir='ltr'>aedere,</span> <span class='ocrx_word' id='word_1_169' title='bbox 689 1164 821 1202; x_wconf 89' lang='lat' dir='ltr'>quum</span> <span class='ocrx_word' id='word_1_170' title='bbox 837 1156 982 1189; x_wconf 86' lang='lat' dir='ltr'>tamen</span> <span class='ocrx_word' id='word_1_171' title='bbox 995 1155 1137 1189; x_wconf 84' lang='lat' dir='ltr'>essent</span> <span class='ocrx_word' id='word_1_172' title='bbox 1151 1163 1304 1188; x_wconf 88' lang='lat' dir='ltr'>causae</span> <span class='ocrx_word' id='word_1_173' title='bbox 1319 1163 1430 1200; x_wconf 87' lang='lat' dir='ltr'>quur</span> <span class='ocrx_word' id='word_1_174' title='bbox 1444 1150 1632 1188; x_wconf 90' lang='lat' dir='ltr'>aeditam</span> <span class='ocrx_word' id='word_1_175' title='bbox 1653 1161 1694 1191; x_wconf 88' lang='lat'>30</span> 
     </span>
     <span class='ocr_line' id='line_1_20' title="bbox 58 1205 1633 1257; baseline -0.002 -12"><span class='ocrx_word' id='word_1_176' title='bbox 58 1220 244 1257; x_wconf 80' lang='lat' dir='ltr'>cupereS,</span> <span class='ocrx_word' id='word_1_177' title='bbox 277 1220 363 1244; x_wconf 93' lang='lat' dir='ltr'>non</span> <span class='ocrx_word' id='word_1_178' title='bbox 394 1211 470 1253; x_wconf 86' lang='lat' dir='ltr'>est,</span> <span class='ocrx_word' id='word_1_179' title='bbox 503 1207 560 1244; x_wconf 92' lang='lat' dir='ltr'>mi</span> <span class='ocrx_word' id='word_1_180' title='bbox 591 1207 779 1252; x_wconf 87' lang='lat' dir='ltr'>Erasme,</span> <span class='ocrx_word' id='word_1_181' title='bbox 811 1206 926 1256; x_wconf 87' lang='lat' dir='ltr'>quod</span> <span class='ocrx_word' id='word_1_182' title='bbox 957 1206 1141 1244; x_wconf 84' lang='lat' dir='ltr'>dubites.</span> <span class='ocrx_word' id='word_1_183' title='bbox 1202 1205 1426 1243; x_wconf 87' lang='lat' dir='ltr'>Locutulei</span> <span class='ocrx_word' id='word_1_184' title='bbox 1457 1205 1633 1254; x_wconf 85' lang='lat' dir='ltr'>quidam</span> 
     </span>
     <span class='ocr_line' id='line_1_21' title="bbox 58 1260 1632 1312; baseline -0.002 -13"><span class='ocrx_word' id='word_1_185' title='bbox 58 1263 173 1312; x_wconf 90' lang='lat' dir='ltr'>apud</span> <span class='ocrx_word' id='word_1_186' title='bbox 187 1275 262 1299; x_wconf 90' lang='lat' dir='ltr'>nos</span> <span class='ocrx_word' id='word_1_187' title='bbox 279 1275 473 1312; x_wconf 87' lang='lat' dir='ltr'>spargere</span> <span class='ocrx_word' id='word_1_188' title='bbox 488 1266 727 1312; x_wconf 84' lang='lat' dir='ltr'>coeperant,</span> <span class='ocrx_word' id='word_1_189' title='bbox 744 1274 821 1306; x_wconf 86' lang='lat' dir='ltr'>me,</span> <span class='ocrx_word' id='word_1_190' title='bbox 838 1273 1087 1311; x_wconf 83' lang='lat' dir='ltr'>quanquam</span> <span class='ocrx_word' id='word_1_191' title='bbox 1105 1260 1432 1305; x_wconf 83' lang='lat' dir='ltr'>dissimularem,</span> <span class='ocrx_word' id='word_1_192' title='bbox 1448 1260 1632 1297; x_wconf 90' lang='lat' dir='ltr'>inuitum</span> 
     </span>
     <span class='ocr_line' id='line_1_22' title="bbox 58 1314 1633 1366; baseline -0.002 -12"><span class='ocrx_word' id='word_1_193' title='bbox 58 1321 203 1355; x_wconf 87' lang='lat' dir='ltr'>tamen</span> <span class='ocrx_word' id='word_1_194' title='bbox 225 1330 313 1354; x_wconf 87' lang='lat' dir='ltr'>esse</span> <span class='ocrx_word' id='word_1_195' title='bbox 335 1317 591 1366; x_wconf 88' lang='lat' dir='ltr'>magistratu</span> <span class='ocrx_word' id='word_1_196' title='bbox 613 1316 874 1354; x_wconf 86' lang='lat' dir='ltr'>abdicatum.</span> <span class='ocrx_word' id='word_1_197' title='bbox 916 1316 974 1353; x_wconf 91' lang='lat' dir='ltr'>At</span> <span class='ocrx_word' id='word_1_198' title='bbox 995 1328 1071 1366; x_wconf 89' lang='lat' dir='ltr'>ego</span> <span class='ocrx_word' id='word_1_199' title='bbox 1089 1328 1221 1365; x_wconf 87' lang='lat' dir='ltr'>quum</span> <span class='ocrx_word' id='word_1_200' title='bbox 1239 1314 1511 1365; x_wconf 84' lang='lat' dir='ltr'>sepulchrum</span> <span class='ocrx_word' id='word_1_201' title='bbox 1531 1315 1633 1352; x_wconf 88' lang='lat' dir='ltr'>mihi</span> 
     </span>
     <span class='ocr_line' id='line_1_23' title="bbox 58 1369 1633 1420; baseline -0.002 -11"><span class='ocrx_word' id='word_1_202' title='bbox 58 1371 301 1410; x_wconf 87' lang='lat' dir='ltr'>faciendum</span> <span class='ocrx_word' id='word_1_203' title='bbox 323 1384 548 1416; x_wconf 84' lang='lat' dir='ltr'>curassem,</span> <span class='ocrx_word' id='word_1_204' title='bbox 568 1384 652 1408; x_wconf 91' lang='lat' dir='ltr'>non</span> <span class='ocrx_word' id='word_1_205' title='bbox 674 1371 872 1408; x_wconf 87' lang='lat' dir='ltr'>dubitaui</span> <span class='ocrx_word' id='word_1_206' title='bbox 895 1384 995 1415; x_wconf 90' lang='lat' dir='ltr'>rem,</span> <span class='ocrx_word' id='word_1_207' title='bbox 1014 1375 1063 1408; x_wconf 92' lang='lat' dir='ltr'>vt</span> <span class='ocrx_word' id='word_1_208' title='bbox 1084 1374 1188 1415; x_wconf 87' lang='lat' dir='ltr'>erat,</span> <span class='ocrx_word' id='word_1_209' title='bbox 1214 1369 1447 1420; x_wconf 90' lang='lat' dir='ltr'>Epitaphio</span> <span class='ocrx_word' id='word_1_210' title='bbox 1470 1371 1633 1415; x_wconf 84' lang='lat' dir='ltr'>testari,</span> 
     </span>
     <span class='ocr_line' id='line_1_24' title="bbox 59 1424 1694 1476; baseline -0.002 -12"><span class='ocrx_word' id='word_1_211' title='bbox 59 1431 108 1464; x_wconf 87' lang='lat' dir='ltr'>vt</span> <span class='ocrx_word' id='word_1_212' title='bbox 129 1431 280 1465; x_wconf 89' lang='lat' dir='ltr'>contra</span> <span class='ocrx_word' id='word_1_213' title='bbox 302 1427 336 1463; x_wconf 91' lang='lat' dir='ltr'>si</span> <span class='ocrx_word' id='word_1_214' title='bbox 357 1426 451 1475; x_wconf 91' lang='lat' dir='ltr'>quis</span> <span class='ocrx_word' id='word_1_215' title='bbox 472 1430 614 1476; x_wconf 90' lang='lat' dir='ltr'>posset</span> <span class='ocrx_word' id='word_1_216' title='bbox 636 1426 922 1476; x_wconf 83' lang='lat' dir='ltr'>redargueret.</span> <span class='ocrx_word' id='word_1_217' title='bbox 984 1425 1077 1464; x_wconf 92' lang='lat' dir='ltr'>Hoc</span> <span class='ocrx_word' id='word_1_218' title='bbox 1098 1425 1158 1462; x_wconf 90' lang='lat' dir='ltr'>illi</span> <span class='ocrx_word' id='word_1_219' title='bbox 1180 1424 1305 1462; x_wconf 90' lang='lat' dir='ltr'>simul</span> <span class='ocrx_word' id='word_1_220' title='bbox 1328 1429 1377 1462; x_wconf 87' lang='lat' dir='ltr'>vt</span> <span class='ocrx_word' id='word_1_221' title='bbox 1403 1425 1632 1474; x_wconf 88' lang='lat' dir='ltr'>descripse-</span> <span class='ocrx_word' id='word_1_222' title='bbox 1654 1437 1694 1467; x_wconf 83' lang='lat'>35</span> 
     </span>
     <span class='ocr_line' id='line_1_25' title="bbox 60 1479 1632 1531; baseline -0.002 -12"><span class='ocrx_word' id='word_1_223' title='bbox 60 1485 170 1527; x_wconf 87' lang='lat' dir='ltr'>rant,</span> <span class='ocrx_word' id='word_1_224' title='bbox 193 1493 325 1531; x_wconf 91' lang='lat' dir='ltr'>quum</span> <span class='ocrx_word' id='word_1_225' title='bbox 348 1480 468 1518; x_wconf 81' lang='lat' dir='ltr'>velut</span> <span class='ocrx_word' id='word_1_226' title='bbox 490 1493 648 1518; x_wconf 84' lang='lat' dir='ltr'>vanum</span> <span class='ocrx_word' id='word_1_227' title='bbox 670 1493 754 1518; x_wconf 92' lang='lat' dir='ltr'>non</span> <span class='ocrx_word' id='word_1_228' title='bbox 776 1484 962 1530; x_wconf 87' lang='lat' dir='ltr'>possent,</span> <span class='ocrx_word' id='word_1_229' title='bbox 981 1485 1030 1518; x_wconf 86' lang='lat' dir='ltr'>vt</span> <span class='ocrx_word' id='word_1_230' title='bbox 1051 1479 1328 1530; x_wconf 89' lang='lat' dir='ltr'>gloriosulum</span> <span class='ocrx_word' id='word_1_231' title='bbox 1351 1479 1632 1517; x_wconf 84' lang='lat' dir='ltr'>incessebant.</span> 
     </span>
     <span class='ocr_line' id='line_1_26' title="bbox 59 1534 1632 1586; baseline -0.002 -12"><span class='ocrx_word' id='word_1_232' title='bbox 59 1536 140 1574; x_wconf 88' lang='lat' dir='ltr'>Sed</span> <span class='ocrx_word' id='word_1_233' title='bbox 161 1549 238 1586; x_wconf 90' lang='lat' dir='ltr'>ego</span> <span class='ocrx_word' id='word_1_234' title='bbox 260 1535 338 1573; x_wconf 88' lang='lat' dir='ltr'>hoc</span> <span class='ocrx_word' id='word_1_235' title='bbox 361 1535 573 1573; x_wconf 85' lang='lat' dir='ltr'>malebam</span> <span class='ocrx_word' id='word_1_236' title='bbox 596 1548 725 1585; x_wconf 89' lang='lat' dir='ltr'>quam</span> <span class='ocrx_word' id='word_1_237' title='bbox 748 1540 796 1573; x_wconf 90' lang='lat' dir='ltr'>vt</span> <span class='ocrx_word' id='word_1_238' title='bbox 817 1535 1002 1573; x_wconf 84' lang='lat' dir='ltr'>alterum</span> <span class='ocrx_word' id='word_1_239' title='bbox 1024 1535 1131 1573; x_wconf 89' lang='lat' dir='ltr'>illud</span> <span class='ocrx_word' id='word_1_240' title='bbox 1156 1534 1400 1584; x_wconf 86' lang='lat' dir='ltr'>persuaderi</span> <span class='ocrx_word' id='word_1_241' title='bbox 1429 1535 1632 1572; x_wconf 86' lang='lat' dir='ltr'>sinerem:</span> 
     </span>
     <span class='ocr_line' id='line_1_27' title="bbox 58 1589 1634 1640; baseline -0.001 -12"><span class='ocrx_word' id='word_1_242' title='bbox 58 1604 143 1629; x_wconf 90' lang='lat' dir='ltr'>non</span> <span class='ocrx_word' id='word_1_243' title='bbox 163 1603 258 1628; x_wconf 88' lang='lat' dir='ltr'>mea</span> <span class='ocrx_word' id='word_1_244' title='bbox 279 1594 392 1628; x_wconf 88' lang='lat' dir='ltr'>certe</span> <span class='ocrx_word' id='word_1_245' title='bbox 414 1603 553 1635; x_wconf 89' lang='lat' dir='ltr'>causa,</span> <span class='ocrx_word' id='word_1_246' title='bbox 576 1591 642 1628; x_wconf 90' lang='lat' dir='ltr'>cui</span> <span class='ocrx_word' id='word_1_247' title='bbox 664 1590 767 1640; x_wconf 91' lang='lat' dir='ltr'>quid</span> <span class='ocrx_word' id='word_1_248' title='bbox 788 1590 936 1628; x_wconf 86' lang='lat' dir='ltr'>dicant</span> <span class='ocrx_word' id='word_1_249' title='bbox 957 1589 1160 1635; x_wconf 84' lang='lat' dir='ltr'>homines,</span> <span class='ocrx_word' id='word_1_250' title='bbox 1183 1589 1311 1627; x_wconf 90' lang='lat' dir='ltr'>modo</span> <span class='ocrx_word' id='word_1_251' title='bbox 1332 1589 1485 1639; x_wconf 89' lang='lat' dir='ltr'>probet</span> <span class='ocrx_word' id='word_1_252' title='bbox 1508 1589 1634 1634; x_wconf 91' lang='lat' dir='ltr'>Deus,</span> 
     </span>
     <span class='ocr_line' id='line_1_28' title="bbox 60 1643 1636 1695; baseline -0.001 -12"><span class='ocrx_word' id='word_1_253' title='bbox 60 1658 144 1683; x_wconf 92' lang='lat' dir='ltr'>non</span> <span class='ocrx_word' id='word_1_254' title='bbox 177 1645 364 1683; x_wconf 91' lang='lat' dir='ltr'>multum</span> <span class='ocrx_word' id='word_1_255' title='bbox 396 1646 515 1695; x_wconf 88' lang='lat' dir='ltr'>pensi</span> <span class='ocrx_word' id='word_1_256' title='bbox 547 1645 706 1683; x_wconf 90' lang='lat' dir='ltr'>habeo:</span> <span class='ocrx_word' id='word_1_257' title='bbox 751 1645 824 1682; x_wconf 87' lang='lat' dir='ltr'>sed</span> <span class='ocrx_word' id='word_1_258' title='bbox 860 1646 1063 1695; x_wconf 87' lang='lat' dir='ltr'>quoniam</span> <span class='ocrx_word' id='word_1_259' title='bbox 1096 1645 1138 1682; x_wconf 89' lang='lat' dir='ltr'>in</span> <span class='ocrx_word' id='word_1_260' title='bbox 1174 1644 1271 1682; x_wconf 89' lang='lat' dir='ltr'>fidei</span> <span class='ocrx_word' id='word_1_261' title='bbox 1308 1657 1435 1682; x_wconf 86' lang='lat' dir='ltr'>causa</span> <span class='ocrx_word' id='word_1_262' title='bbox 1471 1643 1636 1682; x_wconf 87' lang='lat' dir='ltr'>libellos</span> 
     </span>
     <span class='ocr_line' id='line_1_29' title="bbox 60 1699 1698 1749; baseline -0.001 -11"><span class='ocrx_word' id='word_1_263' title='bbox 60 1700 226 1749; x_wconf 87' lang='lat' dir='ltr'>aliquot</span> <span class='ocrx_word' id='word_1_264' title='bbox 246 1700 450 1738; x_wconf 89' lang='lat' dir='ltr'>aduersus</span> <span class='ocrx_word' id='word_1_265' title='bbox 467 1700 673 1749; x_wconf 90' lang='lat' dir='ltr'>quosdam</span> <span class='ocrx_word' id='word_1_266' title='bbox 695 1703 864 1738; x_wconf 91' lang='lat' dir='ltr'>nostros</span> <span class='ocrx_word' id='word_1_267' title='bbox 885 1701 1252 1738; x_wconf 88' lang='lat' dir='ltr'>contentiosorum</span> <span class='ocrx_word' id='word_1_268' title='bbox 1270 1699 1523 1749; x_wconf 87' lang='lat' dir='ltr'>dogmatum</span> <span class='ocrx_word' id='word_1_269' title='bbox 1540 1712 1634 1749; x_wconf 88' lang='lat' dir='ltr'>pro·</span> <span class='ocrx_word' id='word_1_270' title='bbox 1656 1711 1698 1741; x_wconf 89' lang='lat'>40</span> 
     </span>
     <span class='ocr_line' id='line_1_30' title="bbox 60 1754 1636 1805; baseline -0.001 -13"><span class='ocrx_word' id='word_1_271' title='bbox 60 1758 319 1805; x_wconf 82' lang='lat' dir='ltr'>pugnatores</span> <span class='ocrx_word' id='word_1_272' title='bbox 352 1754 496 1804; x_wconf 88' lang='lat' dir='ltr'>lingua</span> <span class='ocrx_word' id='word_1_273' title='bbox 531 1759 724 1792; x_wconf 81' lang='lat' dir='ltr'>nostrate</span> <span class='ocrx_word' id='word_1_274' title='bbox 757 1755 1020 1805; x_wconf 84' lang='lat' dir='ltr'>scripseram,</span> <span class='ocrx_word' id='word_1_275' title='bbox 1053 1754 1297 1792; x_wconf 86' lang='lat' dir='ltr'>arbitrabar</span> <span class='ocrx_word' id='word_1_276' title='bbox 1331 1758 1529 1804; x_wconf 83' lang='lat' dir='ltr'>oportere</span> <span class='ocrx_word' id='word_1_277' title='bbox 1569 1767 1636 1791; x_wconf 90' lang='lat' dir='ltr'>me</span> 
     </span>
     <span class='ocr_line' id='line_1_31' title="bbox 60 1808 1636 1859; baseline 0 -13"><span class='ocrx_word' id='word_1_278' title='bbox 60 1810 352 1859; x_wconf 82' lang='lat' dir='ltr'>integritatem</span> <span class='ocrx_word' id='word_1_279' title='bbox 374 1810 557 1846; x_wconf 89' lang='lat' dir='ltr'>nominis</span> <span class='ocrx_word' id='word_1_280' title='bbox 580 1810 662 1847; x_wconf 92' lang='lat' dir='ltr'>mei</span> <span class='ocrx_word' id='word_1_281' title='bbox 684 1809 932 1847; x_wconf 89' lang='lat' dir='ltr'>defendere:</span> <span class='ocrx_word' id='word_1_282' title='bbox 966 1814 1022 1855; x_wconf 88' lang='lat' dir='ltr'>et,</span> <span class='ocrx_word' id='word_1_283' title='bbox 1046 1822 1098 1847; x_wconf 94' lang='lat' dir='ltr'>ne</span> <span class='ocrx_word' id='word_1_284' title='bbox 1119 1810 1283 1847; x_wconf 90' lang='lat' dir='ltr'>nescias</span> <span class='ocrx_word' id='word_1_285' title='bbox 1304 1821 1433 1858; x_wconf 92' lang='lat' dir='ltr'>quam</span> <span class='ocrx_word' id='word_1_286' title='bbox 1455 1808 1636 1859; x_wconf 89' lang='lat' dir='ltr'>gloriose</span> 
     </span>
     <span class='ocr_line' id='line_1_32' title="bbox 61 1863 1635 1915; baseline 0 -14"><span class='ocrx_word' id='word_1_287' title='bbox 61 1865 309 1914; x_wconf 83' lang='lat' dir='ltr'>scripserim,</span> <span class='ocrx_word' id='word_1_288' title='bbox 340 1864 618 1914; x_wconf 81' lang='lat' dir='ltr'>Epitaphium</span> <span class='ocrx_word' id='word_1_289' title='bbox 647 1877 787 1902; x_wconf 90' lang='lat' dir='ltr'>meum</span> <span class='ocrx_word' id='word_1_290' title='bbox 816 1865 1018 1915; x_wconf 85' lang='lat' dir='ltr'>accipies:</span> <span class='ocrx_word' id='word_1_291' title='bbox 1052 1866 1094 1902; x_wconf 84' lang='lat' dir='ltr'>in</span> <span class='ocrx_word' id='word_1_292' title='bbox 1122 1877 1206 1914; x_wconf 91' lang='lat' dir='ltr'>quo</span> <span class='ocrx_word' id='word_1_293' title='bbox 1234 1863 1398 1901; x_wconf 82' lang='lat' dir='ltr'>videbis</span> <span class='ocrx_word' id='word_1_294' title='bbox 1426 1877 1511 1913; x_wconf 90' lang='lat' dir='ltr'>qua</span> <span class='ocrx_word' id='word_1_295' title='bbox 1539 1876 1635 1901; x_wconf 90' lang='lat' dir='ltr'>con-</span> 
     </span>
     <span class='ocr_line' id='line_1_33' title="bbox 60 1918 1637 1969; baseline 0 -13"><span class='ocrx_word' id='word_1_296' title='bbox 60 1920 261 1957; x_wconf 78' lang='lat' dir='ltr'>scientiae</span> <span class='ocrx_word' id='word_1_297' title='bbox 288 1918 443 1956; x_wconf 89' lang='lat' dir='ltr'>fiducia</span> <span class='ocrx_word' id='word_1_298' title='bbox 464 1918 565 1956; x_wconf 92' lang='lat' dir='ltr'>nihil</span> <span class='ocrx_word' id='word_1_299' title='bbox 595 1919 677 1956; x_wconf 86' lang='lat' dir='ltr'>illis</span> <span class='ocrx_word' id='word_1_300' title='bbox 703 1919 910 1965; x_wconf 88' lang='lat' dir='ltr'>blandior,</span> <span class='ocrx_word' id='word_1_301' title='bbox 934 1932 1019 1969; x_wconf 92' lang='lat' dir='ltr'>quo</span> <span class='ocrx_word' id='word_1_302' title='bbox 1046 1920 1187 1957; x_wconf 89' lang='lat' dir='ltr'>minus</span> <span class='ocrx_word' id='word_1_303' title='bbox 1215 1919 1268 1956; x_wconf 93' lang='lat' dir='ltr'>de</span> <span class='ocrx_word' id='word_1_304' title='bbox 1295 1932 1362 1956; x_wconf 90' lang='lat' dir='ltr'>me</span> <span class='ocrx_word' id='word_1_305' title='bbox 1390 1918 1637 1968; x_wconf 87' lang='lat' dir='ltr'>praedicent</span> 
     </span>
     <span class='ocr_line' id='line_1_34' title="bbox 61 1973 1698 2024; baseline 0.001 -14"><span class='ocrx_word' id='word_1_306' title='bbox 61 1973 175 2023; x_wconf 91' lang='lat' dir='ltr'>quod</span> <span class='ocrx_word' id='word_1_307' title='bbox 207 1973 324 2011; x_wconf 92' lang='lat' dir='ltr'>libet.</span> <span class='ocrx_word' id='word_1_308' title='bbox 386 1973 624 2023; x_wconf 85' lang='lat' dir='ltr'>Expectaui</span> <span class='ocrx_word' id='word_1_309' title='bbox 653 1974 736 2011; x_wconf 89' lang='lat' dir='ltr'>iam</span> <span class='ocrx_word' id='word_1_310' title='bbox 765 1974 929 2023; x_wconf 71' lang='lat' dir='ltr'>syndici</span> <span class='ocrx_word' id='word_1_311' title='bbox 958 1979 1128 2024; x_wconf 91' lang='lat' dir='ltr'>tempus</span> <span class='ocrx_word' id='word_1_312' title='bbox 1159 1987 1183 2012; x_wconf 88' lang='lat' dir='ltr'>a</span> <span class='ocrx_word' id='word_1_313' title='bbox 1213 1977 1332 2023; x_wconf 89' lang='lat' dir='ltr'>gesto</span> <span class='ocrx_word' id='word_1_314' title='bbox 1362 1987 1411 2011; x_wconf 90' lang='lat' dir='ltr'>ac</span> <span class='ocrx_word' id='word_1_315' title='bbox 1442 1973 1637 2023; x_wconf 88' lang='lat' dir='ltr'>deposito</span> <span class='ocrx_word' id='word_1_316' title='bbox 1657 1985 1698 2015; x_wconf 86' lang='lat'>45</span> 
     </span>
     <span class='ocr_line' id='line_1_35' title="bbox 61 2028 1637 2079; baseline 0 -13"><span class='ocrx_word' id='word_1_317' title='bbox 61 2029 329 2077; x_wconf 83' lang='lat' dir='ltr'>magistratu,</span> <span class='ocrx_word' id='word_1_318' title='bbox 359 2041 433 2065; x_wconf 93' lang='lat' dir='ltr'>nec</span> <span class='ocrx_word' id='word_1_319' title='bbox 464 2028 604 2065; x_wconf 84' lang='lat' dir='ltr'>adhuc</span> <span class='ocrx_word' id='word_1_320' title='bbox 635 2029 860 2078; x_wconf 84' lang='lat' dir='ltr'>quisquam</span> <span class='ocrx_word' id='word_1_321' title='bbox 892 2029 1052 2079; x_wconf 87' lang='lat' dir='ltr'>prodiit</span> <span class='ocrx_word' id='word_1_322' title='bbox 1079 2029 1152 2078; x_wconf 91' lang='lat' dir='ltr'>qui</span> <span class='ocrx_word' id='word_1_323' title='bbox 1182 2029 1234 2066; x_wconf 89' lang='lat' dir='ltr'>de</span> <span class='ocrx_word' id='word_1_324' title='bbox 1266 2041 1359 2066; x_wconf 90' lang='lat' dir='ltr'>mea</span> <span class='ocrx_word' id='word_1_325' title='bbox 1390 2029 1637 2078; x_wconf 85' lang='lat' dir='ltr'>integritate</span> 
     </span>
     <span class='ocr_line' id='line_1_36' title="bbox 61 2082 1638 2132; baseline 0.001 -13"><span class='ocrx_word' id='word_1_326' title='bbox 61 2087 322 2132; x_wconf 88' lang='lat' dir='ltr'>quereretur.</span> <span class='ocrx_word' id='word_1_327' title='bbox 382 2082 471 2120; x_wconf 90' lang='lat' dir='ltr'>Aut</span> <span class='ocrx_word' id='word_1_328' title='bbox 501 2087 591 2120; x_wconf 88' lang='lat' dir='ltr'>tam</span> <span class='ocrx_word' id='word_1_329' title='bbox 627 2084 825 2121; x_wconf 89' lang='lat' dir='ltr'>innocens</span> <span class='ocrx_word' id='word_1_330' title='bbox 858 2083 933 2130; x_wconf 83' lang='lat' dir='ltr'>fui,</span> <span class='ocrx_word' id='word_1_331' title='bbox 965 2088 1043 2121; x_wconf 90' lang='lat' dir='ltr'>aut</span> <span class='ocrx_word' id='word_1_332' title='bbox 1075 2088 1165 2122; x_wconf 88' lang='lat' dir='ltr'>tam</span> <span class='ocrx_word' id='word_1_333' title='bbox 1202 2088 1354 2121; x_wconf 89' lang='lat' dir='ltr'>cautus</span> <span class='ocrx_word' id='word_1_334' title='bbox 1390 2083 1556 2128; x_wconf 80' lang='lat' dir='ltr'>saltem,</span> <span class='ocrx_word' id='word_1_335' title='bbox 1589 2087 1638 2120; x_wconf 87' lang='lat' dir='ltr'>vt</span> 
     </span>
     <span class='ocr_line' id='line_1_37' title="bbox 61 2137 1638 2184; baseline 0.001 -10"><span class='ocrx_word' id='word_1_336' title='bbox 61 2137 238 2175; x_wconf 89' lang='lat' dir='ltr'>aemulis</span> <span class='ocrx_word' id='word_1_337' title='bbox 260 2138 363 2175; x_wconf 88' lang='lat' dir='ltr'>meis</span> <span class='ocrx_word' id='word_1_338' title='bbox 384 2150 552 2175; x_wconf 88' lang='lat' dir='ltr'>necesse</span> <span class='ocrx_word' id='word_1_339' title='bbox 574 2139 641 2183; x_wconf 92' lang='lat' dir='ltr'>sit,</span> <span class='ocrx_word' id='word_1_340' title='bbox 665 2139 697 2175; x_wconf 93' lang='lat' dir='ltr'>si</span> <span class='ocrx_word' id='word_1_341' title='bbox 723 2151 788 2175; x_wconf 91' lang='lat' dir='ltr'>me</span> <span class='ocrx_word' id='word_1_342' title='bbox 817 2138 952 2176; x_wconf 89' lang='lat' dir='ltr'>altero</span> <span class='ocrx_word' id='word_1_343' title='bbox 974 2138 1127 2184; x_wconf 87' lang='lat' dir='ltr'>nolint,</span> <span class='ocrx_word' id='word_1_344' title='bbox 1150 2138 1287 2176; x_wconf 87' lang='lat' dir='ltr'>altero</span> <span class='ocrx_word' id='word_1_345' title='bbox 1316 2137 1466 2175; x_wconf 86' lang='lat' dir='ltr'>saltem</span> <span class='ocrx_word' id='word_1_346' title='bbox 1496 2139 1638 2175; x_wconf 90' lang='lat' dir='ltr'>sinant</span> 
     </span>
     <span class='ocr_line' id='line_1_38' title="bbox 62 2190 1637 2243; baseline 0.001 -14"><span class='ocrx_word' id='word_1_347' title='bbox 62 2192 244 2241; x_wconf 90' lang='lat' dir='ltr'>gloriari.</span> <span class='ocrx_word' id='word_1_348' title='bbox 304 2190 387 2229; x_wconf 81' lang='lat' dir='ltr'>Sed</span> <span class='ocrx_word' id='word_1_349' title='bbox 409 2192 459 2229; x_wconf 90' lang='grc'>(10</span> <span class='ocrx_word' id='word_1_350' title='bbox 482 2192 559 2229; x_wconf 83' lang='grc'>1100</span> <span class='ocrx_word' id='word_1_351' title='bbox 582 2193 752 2242; x_wconf 91' lang='lat' dir='ltr'>negotio</span> <span class='ocrx_word' id='word_1_352' title='bbox 776 2193 869 2230; x_wconf 83' lang='lat' dir='ltr'>Rex</span> <span class='ocrx_word' id='word_1_353' title='bbox 898 2194 986 2243; x_wconf 91' lang='lat' dir='ltr'>ipse</span> <span class='ocrx_word' id='word_1_354' title='bbox 1008 2206 1141 2243; x_wconf 91' lang='lat' dir='ltr'>quum</span> <span class='ocrx_word' id='word_1_355' title='bbox 1170 2193 1287 2238; x_wconf 90' lang='lat' dir='ltr'>alias,</span> <span class='ocrx_word' id='word_1_356' title='bbox 1311 2197 1404 2230; x_wconf 87' lang='lat' dir='ltr'>tum</span> <span class='ocrx_word' id='word_1_357' title='bbox 1434 2193 1637 2243; x_wconf 85' lang='lat' dir='ltr'>priuatim</span> 
     </span>
     <span class='ocr_line' id='line_1_39' title="bbox 61 2246 1700 2298; baseline 0.002 -14"><span class='ocrx_word' id='word_1_358' title='bbox 61 2259 197 2296; x_wconf 85' lang='lat' dir='ltr'>saepe,</span> <span class='ocrx_word' id='word_1_359' title='bbox 232 2251 326 2284; x_wconf 89' lang='lat' dir='ltr'>tum</span> <span class='ocrx_word' id='word_1_360' title='bbox 359 2246 423 2284; x_wconf 88' lang='lat' dir='ltr'>bis</span> <span class='ocrx_word' id='word_1_361' title='bbox 459 2246 626 2296; x_wconf 88' lang='lat' dir='ltr'>publice</span> <span class='ocrx_word' id='word_1_362' title='bbox 661 2249 974 2297; x_wconf 88' lang='lat' dir='ltr'>pronunciauit.</span> <span class='ocrx_word' id='word_1_363' title='bbox 1035 2248 1147 2285; x_wconf 89' lang='lat' dir='ltr'>Nam</span> <span class='ocrx_word' id='word_1_364' title='bbox 1188 2260 1317 2298; x_wconf 89' lang='lat' dir='ltr'>supra</span> <span class='ocrx_word' id='word_1_365' title='bbox 1349 2260 1478 2297; x_wconf 89' lang='lat' dir='ltr'>quam</span> <span class='ocrx_word' id='word_1_366' title='bbox 1520 2260 1639 2285; x_wconf 86' lang='lat' dir='ltr'>meus</span> <span class='ocrx_word' id='word_1_367' title='bbox 1658 2259 1700 2288; x_wconf 83' lang='lat'>50</span> 
     </span>
     <span class='ocr_line' id='line_1_40' title="bbox 63 2301 1637 2352; baseline 0.001 -14"><span class='ocrx_word' id='word_1_368' title='bbox 63 2301 199 2351; x_wconf 89' lang='lat' dir='ltr'>pudor</span> <span class='ocrx_word' id='word_1_369' title='bbox 221 2301 311 2350; x_wconf 84' lang='lat' dir='ltr'>pati</span> <span class='ocrx_word' id='word_1_370' title='bbox 339 2305 483 2350; x_wconf 88' lang='lat' dir='ltr'>potest</span> <span class='ocrx_word' id='word_1_371' title='bbox 506 2306 553 2339; x_wconf 90' lang='lat' dir='ltr'>vt</span> <span class='ocrx_word' id='word_1_372' title='bbox 579 2314 828 2347; x_wconf 86' lang='lat' dir='ltr'>recenseam,</span> <span class='ocrx_word' id='word_1_373' title='bbox 852 2316 925 2352; x_wconf 90' lang='lat' dir='ltr'>per</span> <span class='ocrx_word' id='word_1_374' title='bbox 953 2316 998 2340; x_wconf 92' lang='lat' dir='ltr'>os</span> <span class='ocrx_word' id='word_1_375' title='bbox 1026 2303 1157 2340; x_wconf 90' lang='lat' dir='ltr'>Ducis</span> <span class='ocrx_word' id='word_1_376' title='bbox 1185 2302 1471 2347; x_wconf 82' lang='lat' dir='ltr'>illustrissimi,</span> <span class='ocrx_word' id='word_1_377' title='bbox 1496 2302 1637 2347; x_wconf 90' lang='lat' dir='ltr'>Ducis,</span> 
     </span>
     <span class='ocr_line' id='line_1_41' title="bbox 63 2355 1640 2407; baseline 0.001 -15"><span class='ocrx_word' id='word_1_378' title='bbox 63 2356 248 2405; x_wconf 89' lang='lat' dir='ltr'>inquam,</span> <span class='ocrx_word' id='word_1_379' title='bbox 278 2355 562 2401; x_wconf 87' lang='lat' dir='ltr'>Norfolchiae,</span> <span class='ocrx_word' id='word_1_380' title='bbox 591 2357 731 2406; x_wconf 86' lang='lat' dir='ltr'>magni</span> <span class='ocrx_word' id='word_1_381' title='bbox 762 2357 1015 2395; x_wconf 84' lang='lat' dir='ltr'>thesaurarii</span> <span class='ocrx_word' id='word_1_382' title='bbox 1043 2357 1231 2407; x_wconf 89' lang='lat' dir='ltr'>Angliae,</span> <span class='ocrx_word' id='word_1_383' title='bbox 1261 2370 1392 2406; x_wconf 88' lang='lat' dir='ltr'>quum</span> <span class='ocrx_word' id='word_1_384' title='bbox 1425 2370 1640 2394; x_wconf 91' lang='lat' dir='ltr'>successor</span> 
     </span>
     <span class='ocr_line' id='line_1_42' title="bbox 64 2410 1639 2460; baseline 0.001 -13"><span class='ocrx_word' id='word_1_385' title='bbox 64 2423 180 2448; x_wconf 86' lang='lat' dir='ltr'>meus</span> <span class='ocrx_word' id='word_1_386' title='bbox 202 2410 328 2448; x_wconf 90' lang='lat' dir='ltr'>homo</span> <span class='ocrx_word' id='word_1_387' title='bbox 350 2411 541 2460; x_wconf 87' lang='lat' dir='ltr'>inprimis</span> <span class='ocrx_word' id='word_1_388' title='bbox 563 2412 751 2460; x_wconf 88' lang='lat' dir='ltr'>egregius</span> <span class='ocrx_word' id='word_1_389' title='bbox 772 2412 1052 2450; x_wconf 87' lang='lat' dir='ltr'>collocaretur</span> <span class='ocrx_word' id='word_1_390' title='bbox 1073 2413 1115 2449; x_wconf 90' lang='lat' dir='ltr'>in</span> <span class='ocrx_word' id='word_1_391' title='bbox 1138 2412 1241 2457; x_wconf 91' lang='lat' dir='ltr'>loco,</span> <span class='ocrx_word' id='word_1_392' title='bbox 1265 2412 1491 2449; x_wconf 83' lang='lat' dir='ltr'>honorifice</span> <span class='ocrx_word' id='word_1_393' title='bbox 1517 2412 1639 2449; x_wconf 86' lang='lat' dir='ltr'>iussit</span> 
     </span>
     <span class='ocr_line' id='line_1_43' title="bbox 63 2465 1637 2517; baseline 0.001 -15"><span class='ocrx_word' id='word_1_394' title='bbox 63 2465 113 2502; x_wconf 90' lang='grc'>(10</span> <span class='ocrx_word' id='word_1_395' title='bbox 135 2478 201 2502; x_wconf 86' lang='grc'>1110</span> <span class='ocrx_word' id='word_1_396' title='bbox 223 2469 431 2502; x_wconf 85' lang='lat' dir='ltr'>testatum</span> <span class='ocrx_word' id='word_1_397' title='bbox 455 2465 641 2511; x_wconf 87' lang='lat' dir='ltr'>reddere,</span> <span class='ocrx_word' id='word_1_398' title='bbox 665 2466 778 2515; x_wconf 83' lang='lat' dir='ltr'>quod</span> <span class='ocrx_word' id='word_1_399' title='bbox 800 2479 922 2517; x_wconf 87' lang='lat' dir='ltr'>aegre</span> <span class='ocrx_word' id='word_1_400' title='bbox 944 2467 998 2505; x_wconf 88' lang='lat' dir='ltr'>ad</span> <span class='ocrx_word' id='word_1_401' title='bbox 1022 2480 1163 2517; x_wconf 85' lang='lat' dir='ltr'>preces</span> <span class='ocrx_word' id='word_1_402' title='bbox 1185 2480 1300 2504; x_wconf 85' lang='lat' dir='ltr'>meas</span> <span class='ocrx_word' id='word_1_403' title='bbox 1321 2480 1386 2504; x_wconf 89' lang='lat' dir='ltr'>me</span> <span class='ocrx_word' id='word_1_404' title='bbox 1409 2467 1637 2504; x_wconf 87' lang='lat' dir='ltr'>dimiserit:</span> 
     </span>
     <span class='ocr_line' id='line_1_44' title="bbox 64 2519 1699 2571; baseline 0.001 -15"><span class='ocrx_word' id='word_1_405' title='bbox 64 2532 138 2556; x_wconf 90' lang='lat' dir='ltr'>nec</span> <span class='ocrx_word' id='word_1_406' title='bbox 165 2532 214 2557; x_wconf 94' lang='lat' dir='ltr'>eo</span> <span class='ocrx_word' id='word_1_407' title='bbox 242 2519 464 2568; x_wconf 87' lang='lat' dir='ltr'>singularis</span> <span class='ocrx_word' id='word_1_408' title='bbox 491 2532 589 2569; x_wconf 82' lang='lat' dir='ltr'>erga</span> <span class='ocrx_word' id='word_1_409' title='bbox 620 2533 685 2557; x_wconf 89' lang='lat' dir='ltr'>me</span> <span class='ocrx_word' id='word_1_410' title='bbox 717 2521 886 2559; x_wconf 87' lang='lat' dir='ltr'>bonitas</span> <span class='ocrx_word' id='word_1_411' title='bbox 919 2522 1045 2571; x_wconf 85' lang='lat' dir='ltr'>Regis</span> <span class='ocrx_word' id='word_1_412' title='bbox 1073 2526 1289 2565; x_wconf 82' lang='lat' dir='ltr'>contenta,</span> <span class='ocrx_word' id='word_1_413' title='bbox 1318 2522 1507 2559; x_wconf 84' lang='lat' dir='ltr'>reuocari</span> <span class='ocrx_word' id='word_1_414' title='bbox 1539 2521 1639 2558; x_wconf 84' lang='lat' dir='ltr'>fecit</span> <span class='ocrx_word' id='word_1_415' title='bbox 1659 2532 1699 2562; x_wconf 85' lang='lat'>55</span> 
     </span>
     <span class='ocr_line' id='line_1_45' title="bbox 64 2574 1638 2626; baseline 0.001 -15"><span class='ocrx_word' id='word_1_416' title='bbox 64 2574 173 2611; x_wconf 82' lang='lat' dir='ltr'>idem</span> <span class='ocrx_word' id='word_1_417' title='bbox 206 2574 346 2611; x_wconf 89' lang='lat' dir='ltr'>denuo</span> <span class='ocrx_word' id='word_1_418' title='bbox 381 2574 519 2611; x_wconf 85' lang='lat' dir='ltr'>multo</span> <span class='ocrx_word' id='word_1_419' title='bbox 552 2579 648 2624; x_wconf 89' lang='lat' dir='ltr'>post</span> <span class='ocrx_word' id='word_1_420' title='bbox 684 2576 725 2612; x_wconf 90' lang='lat' dir='ltr'>in</span> <span class='ocrx_word' id='word_1_421' title='bbox 767 2589 842 2613; x_wconf 88' lang='lat' dir='ltr'>sua</span> <span class='ocrx_word' id='word_1_422' title='bbox 878 2578 1116 2626; x_wconf 86' lang='lat' dir='ltr'>praesentia</span> <span class='ocrx_word' id='word_1_423' title='bbox 1150 2577 1191 2614; x_wconf 92' lang='lat' dir='ltr'>in</span> <span class='ocrx_word' id='word_1_424' title='bbox 1226 2576 1387 2613; x_wconf 84' lang='lat' dir='ltr'>solenni</span> <span class='ocrx_word' id='word_1_425' title='bbox 1425 2580 1638 2613; x_wconf 85' lang='lat' dir='ltr'>conuentu</span> 
     </span>
     <span class='ocr_line' id='line_1_46' title="bbox 66 2629 1637 2680; baseline 0.001 -15"><span class='ocrx_word' id='word_1_426' title='bbox 66 2633 314 2677; x_wconf 82' lang='lat' dir='ltr'>magnatum</span> <span class='ocrx_word' id='word_1_427' title='bbox 330 2642 378 2665; x_wconf 82' lang='lat' dir='ltr'>ac</span> <span class='ocrx_word' id='word_1_428' title='bbox 394 2629 552 2679; x_wconf 87' lang='lat' dir='ltr'>populi,</span> <span class='ocrx_word' id='word_1_429' title='bbox 568 2642 643 2679; x_wconf 90' lang='lat' dir='ltr'>per</span> <span class='ocrx_word' id='word_1_430' title='bbox 657 2643 702 2667; x_wconf 90' lang='lat' dir='ltr'>os</span> <span class='ocrx_word' id='word_1_431' title='bbox 717 2632 967 2669; x_wconf 86' lang='lat' dir='ltr'>successoris</span> <span class='ocrx_word' id='word_1_432' title='bbox 984 2632 1078 2677; x_wconf 86' lang='lat' dir='ltr'>mei,</span> <span class='ocrx_word' id='word_1_433' title='bbox 1097 2632 1138 2669; x_wconf 90' lang='lat' dir='ltr'>in</span> <span class='ocrx_word' id='word_1_434' title='bbox 1154 2645 1203 2669; x_wconf 85' lang='lat' dir='ltr'>ea</span> <span class='ocrx_word' id='word_1_435' title='bbox 1220 2632 1425 2675; x_wconf 84' lang='lat' dir='ltr'>oratione,</span> <span class='ocrx_word' id='word_1_436' title='bbox 1441 2644 1568 2680; x_wconf 82' lang='lat' dir='ltr'>quam</span> <span class='ocrx_word' id='word_1_437' title='bbox 1587 2643 1637 2667; x_wconf 84' lang='lat' dir='ltr'>ex</span> 
     </span>
    </p>
   </div>
   <div class='ocr_carea' id='block_1_3' title="bbox 108 2700 371 2739">
    <p class='ocr_par' dir='ltr' id='par_1_4' title="bbox 108 2700 371 2739">
     <span class='ocr_line' id='line_1_47' title="bbox 108 2700 371 2739; baseline 0 -9"><span class='ocrx_word' id='word_1_438' title='bbox 108 2708 160 2739; x_wconf 84' lang='lat'>57.</span> <span class='ocrx_word' id='word_1_439' title='bbox 186 2710 229 2730; x_wconf 82' lang='lat' dir='ltr'>ca</span> <span class='ocrx_word' id='word_1_440' title='bbox 244 2711 307 2730; x_wconf 88' lang='lat' dir='ltr'>om.</span> <span class='ocrx_word' id='word_1_441' title='bbox 328 2700 371 2730; x_wconf 78' lang='lat' dir='ltr'>N.</span> 
     </span>
    </p>
   </div>
   <div class='ocr_carea' id='block_1_4' title="bbox 65 2804 1640 2975">
    <p class='ocr_par' dir='ltr' id='par_1_5' title="bbox 112 2804 1623 2846">
     <span class='ocr_line' id='line_1_48' title="bbox 112 2804 1623 2846; baseline 0.001 -12"><span class='ocrx_word' id='word_1_442' title='bbox 112 2813 161 2843; x_wconf 79' lang='lat'>14.</span> <span class='ocrx_word' id='word_1_443' title='bbox 188 2804 488 2842; x_wconf 79' lang='lat' dir='ltr'>Dunelmenscm]</span> <span class='ocrx_word' id='word_1_444' title='bbox 505 2804 688 2835; x_wconf 76' lang='lat' dir='ltr'>Tunstnll.</span> <span class='ocrx_word' id='word_1_445' title='bbox 931 2815 983 2845; x_wconf 75' lang='lat'>39.</span> <span class='ocrx_word' id='word_1_446' title='bbox 1010 2806 1166 2844; x_wconf 78' lang='lat' dir='ltr'>libellos]</span> <span class='ocrx_word' id='word_1_447' title='bbox 1185 2806 1250 2837; x_wconf 77' lang='lat' dir='ltr'>Sec</span> <span class='ocrx_word' id='word_1_448' title='bbox 1268 2807 1337 2846; x_wconf 77' lang='lat' dir='ltr'>Ep.</span> <span class='ocrx_word' id='word_1_449' title='bbox 1359 2808 1453 2844; x_wconf 63' lang='lat'>2650.</span> <span class='ocrx_word' id='word_1_450' title='bbox 1478 2807 1623 2839; x_wconf 79' lang='lat' dir='ltr'>loS-on.</span> 
     </span>
    </p>

    <p class='ocr_par' dir='ltr' id='par_1_6' title="bbox 65 2847 1640 2975">
     <span class='ocr_line' id='line_1_49' title="bbox 112 2847 1640 2888; baseline 0.001 -11"><span class='ocrx_word' id='word_1_451' title='bbox 112 2849 162 2877; x_wconf 78' lang='lat'>18.</span> <span class='ocrx_word' id='word_1_452' title='bbox 188 2847 249 2885; x_wconf 76' lang='lat' dir='ltr'>N.}</span> <span class='ocrx_word' id='word_1_453' title='bbox 282 2848 447 2888; x_wconf 80' lang='lat' dir='ltr'>Perhaps</span> <span class='ocrx_word' id='word_1_454' title='bbox 483 2849 695 2888; x_wconf 72' lang='lat' dir='ltr'>Grynncus;</span> <span class='ocrx_word' id='word_1_455' title='bbox 737 2849 817 2879; x_wconf 82' lang='lat' dir='ltr'>who</span> <span class='ocrx_word' id='word_1_456' title='bbox 930 2859 982 2888; x_wconf 84' lang='lat'>51.</span> <span class='ocrx_word' id='word_1_457' title='bbox 1010 2851 1135 2888; x_wconf 70' lang='lat' dir='ltr'>Ducis}</span> <span class='ocrx_word' id='word_1_458' title='bbox 1153 2850 1314 2880; x_wconf 77' lang='lat' dir='ltr'>Thonms</span> <span class='ocrx_word' id='word_1_459' title='bbox 1330 2850 1640 2882; x_wconf 63' lang='lat' dir='ltr'>How111&#39;‹l,‹¹arlof</span> 
     </span>
     <span class='ocr_line' id='line_1_50' title="bbox 65 2891 1639 2934; baseline 0.001 -13"><span class='ocrx_word' id='word_1_460' title='bbox 65 2901 182 2921; x_wconf 80' lang='lat' dir='ltr'>seems</span> <span class='ocrx_word' id='word_1_461' title='bbox 200 2895 238 2922; x_wconf 81' lang='lat' dir='ltr'>to</span> <span class='ocrx_word' id='word_1_462' title='bbox 254 2891 296 2921; x_wconf 83' lang='lat' dir='ltr'>be</span> <span class='ocrx_word' id='word_1_463' title='bbox 309 2892 449 2931; x_wconf 83' lang='lat' dir='ltr'>spoken</span> <span class='ocrx_word' id='word_1_464' title='bbox 467 2892 504 2922; x_wconf 74' lang='lat' dir='ltr'>of</span> <span class='ocrx_word' id='word_1_465' title='bbox 522 2892 628 2929; x_wconf 71' lang='lat' dir='ltr'>again</span> <span class='ocrx_word' id='word_1_466' title='bbox 650 2893 684 2922; x_wconf 89' lang='grc'>111</span> <span class='ocrx_word' id='word_1_467' title='bbox 705 2892 738 2922; x_wconf 88' lang='lat' dir='ltr'>ll.</span> <span class='ocrx_word' id='word_1_468' title='bbox 752 2896 817 2933; x_wconf 73' lang='lat'>64—</span> <span class='ocrx_word' id='word_1_469' title='bbox 886 2893 1019 2934; x_wconf 75' lang='lat' dir='ltr'>Surrey</span> <span class='ocrx_word' id='word_1_470' title='bbox 1047 2894 1120 2924; x_wconf 76' lang='lat' dir='ltr'>and</span> <span class='ocrx_word' id='word_1_471' title='bbox 1150 2894 1250 2924; x_wconf 79' lang='lat' dir='ltr'>third</span> <span class='ocrx_word' id='word_1_472' title='bbox 1279 2894 1377 2924; x_wconf 71' lang='lat' dir='ltr'>duko</span> <span class='ocrx_word' id='word_1_473' title='bbox 1406 2894 1442 2923; x_wconf 82' lang='lat' dir='ltr'>of</span> <span class='ocrx_word' id='word_1_474' title='bbox 1472 2893 1639 2927; x_wconf 78' lang='lat' dir='ltr'>Norfolk.</span> 
     </span>
     <span class='ocr_line' id='line_1_51' title="bbox 67 2935 1176 2975; baseline 0.005 -12"><span class='ocrx_word' id='word_1_475' title='bbox 67 2944 122 2974; x_wconf 76' lang='lat'>70:</span> <span class='ocrx_word' id='word_1_476' title='bbox 149 2935 194 2965; x_wconf 78' lang='lat' dir='ltr'>cf.</span> <span class='ocrx_word' id='word_1_477' title='bbox 214 2935 310 2975; x_wconf 71' lang='lat' dir='ltr'>Epp,</span> <span class='ocrx_word' id='word_1_478' title='bbox 333 2938 427 2973; x_wconf 72' lang='lat'><strong>2650.</strong></span> <span class='ocrx_word' id='word_1_479' title='bbox 446 2945 499 2974; x_wconf 76' lang='lat'>07,</span> <span class='ocrx_word' id='word_1_480' title='bbox 522 2937 616 2974; x_wconf 62' lang='lat'>2878.</span> <span class='ocrx_word' id='word_1_481' title='bbox 639 2938 754 2974; x_wconf 74' lang='grc'>15-16.</span> <span class='ocrx_word' id='word_1_482' title='bbox 885 2937 963 2967; x_wconf 85' lang='lat' dir='ltr'>lord</span> <span class='ocrx_word' id='word_1_483' title='bbox 981 2942 1176 2968; x_wconf 72' lang='lat' dir='ltr'>treasurcr.</span> 
     </span>
    </p>
   </div>
   <div class='ocr_carea' id='block_1_5' title="bbox 110 2979 1640 3021">
    <p class='ocr_par' dir='ltr' id='par_1_7' title="bbox 110 2979 1640 3021">
     <span class='ocr_line' id='line_1_52' title="bbox 110 2979 1640 3021; baseline 0.001 -12"><span class='ocrx_word' id='word_1_484' title='bbox 110 2987 163 3017; x_wconf 85' lang='lat'>30.</span> <span class='ocrx_word' id='word_1_485' title='bbox 189 2979 399 3019; x_wconf 80' lang='lat' dir='ltr'>epistolam]</span> <span class='ocrx_word' id='word_1_486' title='bbox 420 2980 489 3020; x_wconf 83' lang='lat' dir='ltr'>Ep.</span> <span class='ocrx_word' id='word_1_487' title='bbox 510 2982 605 3018; x_wconf 53' lang='lat'>2655).</span> <span class='ocrx_word' id='word_1_488' title='bbox 930 2990 983 3019; x_wconf 77' lang='lat'>52.</span> <span class='ocrx_word' id='word_1_489' title='bbox 1010 2982 1209 3020; x_wconf 71' lang='lat' dir='ltr'>successor]</span> <span class='ocrx_word' id='word_1_490' title='bbox 1231 2982 1285 3012; x_wconf 77' lang='lat' dir='ltr'>Sir</span> <span class='ocrx_word' id='word_1_491' title='bbox 1305 2982 1465 3012; x_wconf 76' lang='lat' dir='ltr'>Thomas</span> <span class='ocrx_word' id='word_1_492' title='bbox 1485 2981 1640 3021; x_wconf 71' lang='lat' dir='ltr'>Andlcy.</span> 
     </span>
    </p>
   </div>
  </div>
 </body>
</html>
