1966 3379
262 107 336 144 120
686 105 943 145 LETTERS
974 105 1044 145 OF
1074 105 1340 144 ERASMUS
1703 108 1823 155 [1532

574 216 703 253 2732.
770 213 907 254 FROM
931 213 1099 253 Pmmp
1123 212 1506 253 MELANCHTHON.

304 303 630 338 Melanchthonis
649 303 868 348 Epistolae,
894 306 998 345 1565,
1020 315 1057 348 p.
1080 312 1139 346 37.
1439 302 1747 346 <W⁷ittenberg>

304 354 431 387 Lond.
452 353 542 387 Mel.
563 353 587 386 i.
613 362 701 394 115:
732 353 814 386 LB.
840 363 944 395 1235.
1405 362 1450 393 25
1471 351 1644 385 October
1668 363 1771 395 1532.

298 420 389 457 [The
407 420 493 451 date
513 421 540 450 is
557 420 755 450 confirmed
775 420 822 459 by
840 420 903 449 the
918 420 1081 449 mention
1094 419 1131 448 of
1146 419 1439 449 Melanchthon's
1452 419 1611 458 rcccntly
1627 419 1820 459 published

253 469 505 504 commentary
534 474 580 494 on
610 464 780 494 Romans.
829 464 922 493 That
956 465 1018 493 the
1048 463 1157 493 letter
1187 464 1214 492 is
1243 464 1390 492 written
1418 463 1511 493 froin
1537 463 1768 501 Wittonberg
1794 464 1821 493 is

253 508 441 547 probablc,
459 519 499 539 as
517 508 777 538 Melmmhthon
796 507 905 537 dined
924 507 1012 537 with
1032 507 1170 537 Luther
1189 507 1291 537 there
1308 511 1395 537 ante
1413 512 1433 536 ί)
1452 507 1544 537 Nox'.
1564 515 1657 545 1532,
1674 517 1731 537 sce
1746 507 1819 538 LE.

251 552 363 591 ²04¹·]

634 621 807 648 ERASMO
829 621 1129 648 ROTERODAMO
1153 620 1311 646 P111L1P.
1336 620 1436 646 MEL.

305 675 401 714 CVM
434 681 586 714 nactus
621 689 753 713 essem
790 681 954 714 certum
992 688 1038 712 ac
1076 675 1207 712 fidum
1242 675 1527 714 tabellarium.
1562 675 1697 712 facere
1734 688 1817 713 non

249 732 382 781 potui,
413 732 515 780 quin
544 732 597 769 ad
629 735 671 768 tc
699 731 845 768 literas
874 731 1031 775 darem,
1061 731 1310 780 praesertim
1341 731 1383 766 in
1412 730 1489 767 hoc
1518 731 1639 767 officii
1668 743 1817 777 genere

248 791 444 823 amanter
475 786 550 823 abs
582 791 624 823 te
655 791 913 835 prouocatus
945 790 1045 822 antc
1076 785 1241 834 aliquot
1278 797 1453 822 menses.
1506 784 1616 822 Toto
1650 784 1817 823 biennio

247 840 349 878 dum
372 854 516 878 versor
538 842 579 878 in
601 841 780 890 negotiis
802 853 849 877 ac
873 841 985 884 rixis,
1010 853 1032 877 a
1055 840 1208 888 quibus
1236 852 1408 888 prorsus
1433 839 1633 877 abhorret
1661 845 1817 878 natura

207 914 226 944 5
248 908 354 939 mea,
376 895 480 933 nihil
502 895 605 933 mihi
627 896 818 944 contigit,
841 896 883 932 in
905 907 988 943 quo
1011 894 1183 944 perinde
1205 899 1252 931 vt
1276 895 1318 930 in
1341 894 1423 931 illis
1446 895 1529 931 tuis
1551 895 1813 932 suauissimis

247 949 379 987 literis
401 951 606 1000 acquieui.
667 949 805 995 Quare
827 950 954 986 velim
978 949 1056 986 tibi
1079 949 1333 998 persuadeas
1356 949 1535 986 officium
1564 948 1668 986 illud
1691 954 1814 987 tuum

246 1017 330 1042 non
351 1005 487 1042 solum
509 1005 811 1054 gratissimum,
838 1004 911 1041 sed
938 1005 1068 1041 etiam
1097 1003 1448 1041 iucundissimum
1476 1003 1618 1047 fuisse,
1648 1002 1814 1044 εἰκότως

244 1059 321 1108 γὰρ
349 1059 441 1108 περὶ
471 1059 662 1097 πλείστου
693 1062 883 1107 ποιοῦμαι
913 1058 985 1108 τὴν
1015 1057 1157 1107 ἀνδρὸς
1187 1057 1363 1107 γνησίως
1393 1058 1615 1106 φιλοσόφου
1646 1058 1810 1095 εὔνοιαν·

244 1114 345 1151 διότι
373 1114 412 1151 ἐν
433 1119 520 1155 ταῖς
546 1113 759 1163 βαναύσοις
787 1117 866 1150 τῶν
888 1112 1139 1150 ἀπαιδεύτων
1159 1113 1308 1161 φιλίαις
1329 1112 1442 1150 οὐδὲν
1463 1112 1554 1150 οὕτε
1579 1113 1694 1161 φίλον
1722 1113 1813 1151 οὔτε

186 1188 224 1210 10
243 1168 384 1206 πιστὸν
406 1169 585 1218 ὑπάρχει.
646 1168 880 1205 Scriberem
902 1168 957 1205 ad
978 1173 1020 1205 te
1042 1168 1093 1205 de
1117 1167 1241 1205 rebus
1264 1167 1368 1212 aliis,
1392 1180 1500 1216 quae
1523 1169 1677 1217 partim
1700 1181 1812 1206 nunc

243 1228 442 1273 aguntur,
477 1225 633 1274 partim
671 1223 931 1273 impendent,
961 1223 995 1260 si
1023 1235 1151 1272 quam
1184 1222 1305 1272 Reip.
1339 1222 1574 1260 vtilitatem
1605 1222 1809 1260 delibera-

243 1280 380 1316 tiones
412 1284 584 1316 nostrae
615 1278 781 1316 adferre
809 1282 993 1327 possent.
1055 1276 1136 1315 Sed
1164 1278 1263 1326 quia
1293 1277 1397 1314 nihil
1429 1277 1637 1315 moderati
1668 1277 1809 1327 placet

242 1335 412 1383 Vtrique
445 1334 571 1383 parti,
606 1337 751 1371 nostra
783 1332 956 1369 consilia
988 1331 1279 1381 repudiantur.
1342 1332 1456 1369 Illud
1487 1336 1632 1369 tamen
1664 1345 1737 1370 oro
1768 1338 1810 1371 te

241 1393 451 1437 quantum
474 1401 660 1438 possum,
684 1392 732 1425 vt
753 1388 883 1425 etiam
906 1391 1028 1424 tuam
1050 1388 1342 1431 autoritatem,
1366 1388 1399 1423 si
1421 1399 1506 1436 qua
1527 1388 1605 1424 erit
1633 1388 1808 1433 occasio,

183 1461 220 1491 15
241 1443 294 1480 ad
316 1456 463 1492 pacem
486 1443 725 1480 faciendam
748 1441 951 1486 conferas,
973 1447 1017 1479 et
1039 1441 1220 1479 horteris
1242 1454 1312 1478 eos
1330 1442 1402 1491 qui
1420 1454 1558 1479 rerum
1582 1443 1808 1491 potiuntur

241 1510 292 1534 ne
314 1497 425 1535 bello
451 1497 565 1535 ciuili
594 1498 726 1547 magis
755 1497 961 1546 dissipent
991 1496 1212 1534 Ecclesias.
1274 1496 1375 1542 Quis
1403 1497 1515 1534 enim
1545 1496 1644 1534 belli
1672 1497 1808 1534 ciuilis

238 1553 379 1589 exitus
409 1565 496 1590 esse
527 1556 670 1602 potest
697 1565 827 1601 quam
856 1552 1044 1588 omnium
1073 1564 1213 1588 rerum
1241 1552 1454 1588 vastitas?
1513 1551 1570 1588 Et
1597 1564 1674 1601 ego
1701 1551 1805 1589 nihil

239 1607 391 1644 dubito
418 1607 510 1644 falli
539 1607 759 1656 quosdam,
789 1607 861 1656 qui
890 1618 983 1655 spes
1012 1605 1171 1643 habent
1201 1606 1516 1651 immoderatas,
1546 1618 1724 1655 eamque
1753 1607 1806 1644 ob

238 1674 409 1699 causam
442 1662 629 1711 vndique
666 1661 778 1699 faces
808 1661 1041 1698 admouent
1073 1661 1298 1697 mitissimo
1329 1661 1495 1710 ingenio
1525 1660 1728 1705 Caesaris,
1758 1666 1806 1698 vt

176 1735 218 1756 20
236 1729 333 1754 eum
351 1717 405 1754 ad
423 1717 581 1754 bellum
599 1716 856 1754 mouendum
873 1715 1122 1753 accendant.
1175 1715 1268 1752 Mea
1286 1716 1472 1759 consilia,
1491 1716 1605 1764 quod
1622 1716 1675 1753 ad
1693 1717 1805 1765 ipsas

236 1771 549 1821 disputationes
571 1772 742 1816 attinet,
772 1783 894 1820 spero
914 1783 938 1808 a
960 1769 1244 1820 prudentibus
1271 1774 1314 1807 et
1342 1770 1521 1820 intelligi
1549 1774 1592 1807 et
1620 1770 1803 1820 probari.

236 1826 556 1864 Controuersias
579 1825 737 1863 multas
759 1825 956 1875 praecidi,
974 1825 1124 1862 deinde
1142 1824 1350 1873 quasdam
1369 1825 1422 1862 ad
1440 1825 1644 1874 pietatem
1663 1838 1800 1863 neces-

236 1882 367 1918 sarias
408 1881 519 1918 bona*
559 1881 640 1918 fide
681 1880 893 1917 illustrare
933 1879 1096 1918 studeo,
1169 1878 1309 1917 Conor
1347 1880 1478 1917 etiam
1519 1880 1560 1916 in
1602 1879 1803 1918 honorem

235 1936 444 1973 adducere
484 1935 530 1972 τὸ
570 1934 728 1983 ἀξίωμα
768 1939 839 1983 τῆς
878 1933 1083 1974 πολιτείας
1123 1933 1468 1984 ἐκκλησιαστικῆς.
1543 1934 1682 1971 Huius
1722 1936 1803 1973 mei

176 2008 215 2037 25
236 1990 377 2027 iudicii
405 2003 453 2027 ac
482 1990 732 2034 voluntatis,
761 1989 962 2038 quicquid
990 1988 1168 2034 accidat,
1202 1993 1332 2026 testes
1360 1993 1485 2026 erunt
1507 1991 1800 2027 commentarii

234 2045 276 2081 in
301 2045 518 2082 Romanos
546 2057 655 2082 nunc
677 2044 793 2081 editi.
856 2043 920 2081 Tu
948 2044 982 2080 si
1010 2043 1112 2092 quid
1140 2044 1298 2093 poteris
1326 2043 1492 2081 adferre
1521 2044 1611 2093 opis
1639 2044 1800 2082 labenti

234 2099 371 2149 Reip„
406 2100 520 2137 effice
550 2104 600 2136 vt
635 2099 749 2148 quod
780 2098 848 2136 ille
879 2098 967 2136 fieri
998 2098 1137 2147 inquit
1167 2099 1209 2135 in
1240 2098 1360 2135 bonis
1391 2099 1613 2148 poematis,
1646 2100 1689 2136 in
1719 2099 1797 2137 hoc

233 2155 355 2202 quasi
391 2154 543 2191 vltimo
578 2159 679 2192 actu
714 2154 829 2191 vitae
860 2158 972 2198 tuae,
1004 2157 1122 2190 totus
1153 2153 1266 2190 orbis
1298 2158 1508 2191 terrarum
1544 2154 1797 2203 sapientiam

233 2213 352 2246 tuam
374 2209 598 2259 praecipue
618 2209 857 2259 perspiciat.

287 2262 479 2301 Contulit
501 2276 543 2301 se
565 2263 818 2312 Friburgum
839 2262 1014 2312 quidam
1040 2261 1284 2299 adolescens
1305 2262 1591 2300 Theodoricus
1614 2263 1796 2300 Reiffen·

232 2319 355 2363 stein,
383 2323 510 2355 natus
539 2319 581 2355 in
608 2318 769 2355 familia
798 2317 1108 2355 studiosissima
1133 2317 1197 2354 tui
1224 2317 1417 2354 nominis.
1469 2317 1637 2355 Habuit
1662 2330 1794 2355 auun-

232 2372 374 2410 culum
410 2373 605 2410 iuuenem
646 2373 869 2423 optimum,
909 2373 982 2420 qui
1021 2371 1207 2409 multum
1247 2371 1361 2421 apud
1402 2376 1445 2409 te
1485 2372 1661 2410 Louanii
1700 2372 1794 2410 fuit.

232 2425 370 2472 Quare
398 2431 440 2464 te
471 2440 556 2473 oro,
586 2431 635 2464 vt
663 2427 774 2464 hunc
803 2426 1115 2464 adolescentem
1143 2430 1187 2463 et-
1214 2431 1388 2476 propter
1417 2427 1559 2464 studia
1586 2427 1795 2464 maiorum

231 2493 403 2519 suorum
433 2495 530 2531 erga
561 2486 616 2527 te,
647 2486 692 2519 et
721 2486 896 2531 propter
930 2494 1068 2518 meam
1108 2481 1533 2526 commendationem,
1569 2481 1793 2531 complecti

169 2553 210 2583 35
231 2536 347 2574 velis.
407 2536 533 2586 Apud
555 2549 630 2574 nos
652 2537 755 2574 satis
777 2536 1009 2573 commodis
1031 2536 1217 2573 moribus
1241 2535 1336 2581 fuit,
1357 2549 1405 2573 ac
1427 2548 1549 2585 spero
1576 2548 1672 2573 eum
1698 2549 1792 2574 con-

229 2590 447 2628 firmatum
470 2592 554 2628 tuis
577 2591 814 2640 praeceptis
835 2603 919 2628 non
940 2590 1160 2640 indignum
1183 2595 1259 2627 tua
1281 2590 1587 2628 consuetudine
1608 2590 1709 2628 fore.

284 2645 399 2683 Vale.
460 2646 495 2683 8.
519 2646 689 2683 Calcnd.
750 2645 959 2683 Nouemb.
982 2645 1106 2682 Anno
1130 2655 1246 2693 1532.

272 2742 302 2772 3.
329 2734 567 2772 prouocatus]
592 2733 648 2764 No
673 2733 783 2764 letter
806 2734 844 2764 of
868 2733 974 2763 Eras-
1042 2733 1141 2763 John
1154 2733 1396 2764 Reiffenstein
1408 2743 1466 2763 see
1478 2733 1548 2773 Ep.
1565 2733 1791 2770 1982introd.

227 2786 308 2806 mus
333 2782 372 2807 to
397 2777 657 2808 Melanchthon
682 2777 718 2808 of
744 2779 868 2808 recent
888 2777 974 2807 date
1043 2776 1243 2807 Theodoric
1269 2787 1354 2816 may
1379 2777 1472 2807 have
1498 2777 1590 2807 been
1614 2787 1635 2807 a
1660 2787 1725 2807 son
1754 2777 1792 2807 of

172 2281 214 2310 30

226 2820 256 2850 is
273 2824 416 2851 extant.
1042 2820 1201 2850 william
1219 2820 1525 2858 Reiffenstein—5
1543 2830 1648 2860 years
1665 2820 1793 2850 earlier

270 2873 323 2902 25.
349 2865 615 2902 commentarii]
635 2865 698 2895 See
715 2864 797 2894 ME.
819 2866 912 2904 1076.
1041 2864 1302 2894 Melanchthon
1325 2864 1398 2894 had
1423 2864 1623 2894 interested
1644 2864 1790 2894 himself

268 2916 320 2946 27.
348 2907 420 2945 ille]
439 2908 526 2938 Hor.
547 2909 637 2938 AF.
659 2910 774 2947 126-7.
1041 2908 1076 2937 in
1094 2907 1235 2947 finding
1251 2918 1272 2938 a
1290 2912 1393 2938 tutor
1410 2908 1466 2938 for
1483 2907 1673 2938 william’s
1690 2917 1787 2943 sons,

268 2960 321 2990 30.
347 2951 607 2990 Theodoricus]
654 2952 724 2983 For
765 2952 828 2982 the
867 2951 972 2982 uncle
1040 2951 1308 2991 ME.445,449.
