1966 3379
117 161 238 209 2643]
607 156 678 195 To
708 156 859 195 JOHN
890 155 1207 194 DANTISCUS
1633 157 1681 193 15

115 262 373 301 intolerabili
389 261 606 311 sacrilegio
622 261 784 299 factum
800 273 889 298 esse
906 260 1059 298 clarius
1076 264 1140 297 est
1161 272 1289 309 quam
1307 264 1355 296 vt
1373 259 1517 309 negari
1533 260 1678 309 possit.

115 318 330 355 Aduersus
345 320 513 354 tantam
529 315 726 353 ecclesiae
740 315 1042 353 contumeliam
1059 319 1307 364 promptum
1324 318 1416 351 erat
1432 314 1679 359 remedium,

116 373 149 409 si
177 373 391 421 Principes
417 375 461 408 et
490 371 687 420 Episcopi
713 370 932 414 librorum,
955 382 1059 418 quos
1087 369 1199 406 lectu
1229 369 1377 418 dignos
1405 369 1680 414 censuissent,

115 427 349 475 archetypa
369 426 412 462 in
433 426 558 462 certis
581 424 850 462 bibliothecis
871 423 1113 474 reponenda
1135 427 1367 461 curassent.

169 481 219 518 In
251 480 314 518 his
346 481 489 529 itaque
522 479 738 517 vertendis
771 479 908 516 fateor
939 479 1041 516 mihi
1072 477 1265 515 nonnihil
1296 478 1533 527 obrepsisse
1563 477 1680 521 tedii,
1700 491 1742 519 90

113 535 220 573 adeo
242 539 289 572 vt
310 534 543 572 identidem
564 533 669 571 illud
692 534 877 571 Maronis
897 546 1062 570 mecum
1084 533 1489 577 submurmurarem,

364 610 459 648 Non
482 610 586 647 alias
608 610 730 655 vires,
753 622 1039 659 conuersaque
1061 610 1237 646 numina
1259 609 1420 646 sentis?

113 701 243 737 quum
266 688 307 724 in
329 687 504 725 caeteris
526 686 631 723 nihil
653 690 763 724 esset
784 686 897 735 quod
925 686 1157 724 offenderet
1185 689 1357 734 gustum
1386 698 1541 723 meum.
1601 684 1681 722 Sed

114 743 220 780 hanc
243 754 378 779 meam
401 741 680 791 suspicionem
703 741 805 778 nihil
827 740 943 778 aliud
966 741 1112 778 haberi
1135 740 1232 777 volo
1254 753 1382 789 quam
1405 740 1628 784 somnium,
1648 740 1681 777 si

113 802 160 835 tu
181 797 415 834 dissenties.
465 795 552 833 Sub
573 796 710 845 operis
739 795 895 833 calcem
924 795 1058 833 veluti
1086 795 1276 832 celeuma
1303 807 1471 839 canens,
1493 795 1682 832 excurrit
1701 816 1742 845 95

112 852 154 889 in
177 851 341 889 naualis
363 863 527 901 pugnae
548 850 889 900 descriptionem,
913 851 1053 888 verbis
1069 850 1193 900 plane
1211 850 1381 899 tragicis
1398 849 1681 899 phaleratam,

111 907 154 944 in
175 919 259 956 qua
281 907 384 943 mire
406 906 527 955 ponit
549 905 602 942 ob
624 904 768 942 oculos
788 905 986 942 ecclesiae
1007 909 1099 942 tum
1118 904 1416 942 miserabiliter
1432 904 1683 942 fluctuantis

112 962 350 1010 imaginem,
374 959 446 997 sed
467 972 550 997 non
572 960 633 997 ita
654 959 839 997 multum
862 960 1163 1001 abhorrentem
1185 959 1239 997 ab
1262 959 1414 996 horum
1440 963 1682 1009 temporum

111 1019 242 1061 statu,
265 1016 306 1052 in
328 1014 482 1064 quibus
504 1019 591 1052 tam
615 1027 738 1052 caeca
758 1019 822 1051 est
843 1015 1090 1064 opinionum
1112 1014 1375 1064 digladiatio,
1398 1018 1446 1051 vt
1468 1014 1683 1052 interdum

111 1071 268 1108 amicos
289 1082 367 1120 pro
389 1069 582 1106 hostibus
604 1069 817 1115 feriamus,
839 1082 914 1107 nec
936 1069 1024 1107 vlla
1046 1070 1101 1106 sit
1126 1069 1313 1106 charitas
1338 1073 1416 1106 aut
1443 1068 1681 1113 concordia,
1705 1089 1766 1110 100

112 1126 145 1162 si
167 1138 252 1174 qua
279 1129 343 1162 est
365 1124 464 1167 vlla,
493 1124 571 1161 nisi
599 1136 727 1173 quam
755 1123 1001 1162 conciliauit
1027 1124 1179 1161 erroris
1208 1124 1479 1173 conspiratio,
1503 1123 1580 1161 hoc
1605 1128 1681 1169 est,

112 1180 287 1217 morbus
322 1179 582 1216 communis:
626 1183 669 1216 et
702 1179 743 1216 in
775 1183 902 1217 tanta
933 1179 1183 1229 dogmatum
1220 1179 1442 1223 varietate,
1479 1179 1521 1215 in
1558 1182 1683 1216 tanta

113 1247 277 1272 morum
300 1234 571 1283 corruptione
592 1234 635 1270 in
658 1237 748 1270 tam
771 1233 947 1272 confuso
964 1233 1292 1271 vociferantium
1310 1233 1514 1279 tumultu,
1533 1246 1681 1283 prope-

112 1289 287 1326 modum
319 1288 491 1326 sublato
522 1301 662 1326 rerum
698 1288 1005 1338 hominumque
1044 1288 1299 1333 discrimine,
1332 1288 1484 1326 merito
1512 1288 1683 1325 dubitet

112 1342 276 1393 aliquis,
299 1344 366 1380 cui
390 1356 477 1380 sese
504 1343 630 1393 globo
651 1343 869 1393 adiungat.
928 1343 1058 1381 Nulla
1078 1344 1325 1393 synceritas,
1348 1343 1420 1380 sed
1442 1342 1683 1393 prodigiosa
1706 1363 1765 1392 105

112 1398 323 1448 quaedam
355 1397 641 1435 calumniandi
673 1398 846 1444 scabies,
868 1411 919 1436 ne
949 1398 1087 1436 dicam
1119 1398 1269 1443 rabies,
1299 1398 1430 1435 habet
1461 1398 1683 1447 plerosque

114 1453 179 1491 vel
219 1453 452 1490 alienorum
492 1452 689 1502 lapsuum
730 1466 879 1490 saeuos
913 1466 1180 1503 expensores,
1215 1452 1281 1490 vel
1323 1458 1435 1490 recte
1471 1452 1682 1490 dictorum

112 1507 318 1557 malignos
339 1509 604 1557 interpretes.
647 1507 733 1545 Sub
756 1509 870 1545 omni
888 1508 1026 1558 lapide
1049 1509 1238 1558 scorpius
1260 1507 1430 1545 dormit.
1476 1508 1541 1544 Ex
1559 1508 1684 1544 vnica

113 1563 279 1612 syllaba
318 1567 507 1612 quantus
548 1562 761 1599 tumultus
803 1563 1127 1613 incomparabili
1173 1563 1266 1601 viro
1313 1563 1545 1600 suscitatus
1587 1566 1652 1600 est
1668 1566 1682 1599 ⁴?

113 1617 321 1664 Quoniam
357 1618 399 1654 in
434 1617 595 1655 solenni
631 1617 822 1655 clausula
857 1619 1114 1667 precationis
1149 1622 1225 1655 aut
1262 1618 1486 1663 concionis,
1518 1630 1608 1667 pro,
1640 1618 1683 1654 in
1706 1639 1766 1659 110

114 1673 280 1722 spiritu,
322 1671 449 1710 semel
488 1676 618 1721 atque
654 1673 809 1709 iterum
845 1672 1024 1718 dixerat,
1061 1686 1156 1710 cum
1191 1674 1355 1723 spiritu,
1392 1672 1575 1710 Basilius
1610 1685 1685 1722 per

114 1740 257 1764 omnes
289 1727 425 1771 vrbes,
448 1740 521 1776 per
551 1739 696 1764 omnes
727 1740 868 1777 pagos,
899 1741 973 1777 per
1003 1728 1146 1765 omnia
1176 1727 1280 1773 fora,
1310 1741 1383 1777 per
1415 1728 1556 1765 omnia
1587 1740 1682 1765 con-

114 1781 330 1819 uentieula
370 1781 726 1819 calumniantium
767 1782 942 1820 vocibus
984 1782 1282 1832 lapidabatur:
1334 1795 1408 1820 nec
1456 1782 1575 1819 illum
1617 1782 1683 1819 vel

114 1836 332 1886 inculpata
353 1849 518 1874 morum
541 1837 776 1886 integritas,
801 1837 868 1874 vel
897 1837 1081 1875 eruditio
1109 1850 1216 1883 rara,
1239 1850 1334 1875 cuin
1364 1837 1455 1887 pari
1484 1837 1684 1874 facundia

113 1892 351 1934 coniuncta,
385 1891 452 1928 vel
481 1892 573 1941 ipsa
600 1891 831 1929 functionis
859 1892 1056 1941 dignitas,
1086 1892 1151 1929 vel
1182 1892 1444 1930 admirabilis
1473 1892 1684 1941 quaedam
1708 1912 1766 1941 115

112 1959 210 1995 erga
240 1959 384 1983 omnes
415 1950 508 1983 tum
542 1947 732 1992 comitas,
762 1951 855 1984 tum
887 1947 1128 1997 benignitas
1161 1961 1184 1985 a
1218 1948 1439 1985 venenatis
1472 1947 1683 1984 obtrecta-

113 2005 254 2038 torum
295 2000 428 2038 sibilis
469 2001 684 2039 vindicare
724 2006 981 2051 potuerunt:
1028 2007 1077 2039 vt
1116 2015 1191 2051 ego
1232 2003 1396 2052 optimo
1436 2002 1525 2040 iure
1560 2003 1684 2039 nimis

113 2055 318 2093 delicatus
339 2056 472 2093 videri
500 2057 670 2105 possim,
694 2057 727 2093 si
755 2056 873 2094 nullo
901 2061 1029 2106 pacto
1056 2070 1152 2094 cum
1182 2057 1258 2094 tali
1287 2058 1378 2094 viro
1407 2057 1685 2094 conferendus

114 2110 353 2155 homuncio,
394 2111 652 2160 linguacium
693 2111 961 2160 quorundam
1009 2111 1343 2149 obtrectationes
1389 2113 1552 2162 perpeti
1600 2125 1684 2149 non

113 2178 278 2214 queam.
1708 2185 1768 2207 120

168 2220 301 2258 Simul
343 2219 447 2257 illud
486 2233 537 2257 ex
579 2220 656 2258 hoc
697 2224 949 2270 argumento
989 2221 1135 2271 liquet,
1170 2221 1284 2271 quod
1324 2222 1491 2271 scripsit
1531 2221 1684 2259 beatus

114 2274 422 2323 Hieronymus:
474 2274 741 2320 Arianorum,
785 2276 1162 2321 Eunomianorum,
1204 2276 1539 2326 Origenistarum
1580 2276 1682 2313 alio-

114 2342 292 2378 rumque
327 2330 436 2367 circa
470 2330 636 2367 diuinas
672 2343 872 2379 personas
905 2344 1077 2375 errores,
1111 2345 1161 2369 ex
1199 2331 1386 2368 humana
1419 2331 1683 2381 philosophia

115 2383 285 2421 duxisse
307 2385 603 2422 seminarium:
636 2398 721 2423 non
742 2385 856 2434 quod
887 2386 1161 2436 Philosophia
1190 2399 1263 2436 per
1291 2399 1333 2423 se
1363 2387 1415 2423 sit
1448 2387 1589 2436 impia,
1613 2386 1683 2423 sed

115 2438 228 2487 quod
250 2438 303 2476 ad
326 2438 449 2476 huius
471 2439 658 2488 regulam
681 2440 874 2477 coelestis
897 2441 969 2478 illa
990 2441 1257 2491 philosophia
1279 2454 1387 2490 quae
1410 2442 1527 2478 venit
1550 2454 1570 2478 0
1593 2442 1684 2478 sinu
1710 2459 1767 2488 125

116 2493 255 2530 Patris
282 2506 355 2543 per
383 2494 550 2538 Filium,
577 2507 651 2532 nec
680 2494 784 2532 velit
813 2508 887 2533 nec
916 2496 1071 2533 debeat
1099 2497 1220 2546 exigi.
1282 2496 1359 2541 Qui
1391 2509 1575 2544 namque
1603 2496 1684 2536 isti,

115 2548 187 2597 qui
208 2548 310 2585 nihil
333 2548 448 2586 aliud
473 2553 596 2586 erant
621 2562 750 2598 quam
778 2549 979 2593 homines,
1003 2551 1147 2588 diuina
1177 2551 1381 2600 mysteria
1411 2552 1573 2601 possint
1595 2563 1683 2600 per-

116 2603 285 2652 spicere,
301 2604 372 2652 qui
388 2604 444 2640 sic
461 2605 500 2640 in
516 2604 725 2653 plerisque
744 2609 921 2642 naturae
940 2606 1064 2643 rebus
1081 2606 1370 2643 caeeutierunt
1386 2612 1400 2643 ’ί
1431 2606 1684 2654 Quanquam

117 2657 175 2694 illi
216 2658 288 2706 qui
324 2662 415 2695 tum
452 2659 551 2695 diuo
587 2659 745 2696 Basilio
781 2659 1049 2698 facessebant
1084 2661 1316 2709 negocium,
1352 2660 1684 2710 philosophastri

116 2712 254 2749 verius
292 2717 416 2750 erant
454 2726 581 2762 quam
615 2713 868 2763 philosophi.
928 2715 1053 2764 Apud
1087 2716 1327 2765 imperitam
1365 2715 1684 2752 multitudinem
1709 2733 1769 2761 130

116 2779 203 2803 sese
222 2779 297 2815 pro
313 2769 620 2805 consummatis
638 2768 900 2818 philosophis
918 2770 1215 2811 venditabant,
1234 2770 1346 2818 quod
1369 2783 1418 2806 ex
1444 2769 1684 2809 Aristotele,

118 2821 436 2871 Porphyrioquc
458 2823 739 2869 degustarant
762 2825 900 2861 verius
921 2837 1049 2873 quani
1072 2825 1322 2863 didicerant.
1342 2824 1441 2873 quid
1466 2825 1517 2860 sit
1547 2824 1683 2860 Euun-

117 2876 252 2920 natio,
275 2877 375 2924 quid
405 2876 558 2921 Genus,
581 2878 683 2927 quid
712 2878 890 2927 Species„
920 2879 1021 2927 quid
1051 2878 1314 2920 Substantia,
1337 2879 1437 2927 quid
1468 2878 1683 2916 Accidens.

645 3019 698 3045 01.
726 3010 899 3048 Maronis]
921 3011 1009 3041 Aen.
1030 3021 1059 3050 5.
1080 3014 1154 3050 μή).
