1966 3379
256 117 335 153 374
716 117 976 155 LETTERS
1008 117 1079 155 or
1111 117 1378 157 ERAsMUs
1712 122 1836 170 [1534

195 236 235 268 45
255 221 310 258 ad
333 234 398 258 me
422 222 536 258 misit
563 220 745 259 Ioannes
771 221 955 259 Cocleas.
1018 222 1182 260 Literas
1203 224 1358 273 accepi,
1382 224 1549 261 sarcina
1571 236 1662 261 cras
1683 225 1833 263 aderit.

256 276 395 313 Lucae
417 276 702 325 Schippichon
724 281 768 313 et
790 276 1066 314 Bartolomeo
1086 277 1229 315 Bacho
1246 291 1297 315 ex
1316 291 1381 315 nie
1400 278 1582 315 salutem
1606 279 1832 328 plurimam

256 330 383 367 dicas.
446 331 550 367 Vide
577 344 628 368 ne
655 331 756 368 haec
782 331 964 381 epistola
988 332 1117 369 latius
1139 332 1379 381 diuagetur.
1440 333 1547 380 Egre
1579 334 1726 382 scripsi
1757 347 1832 371 nec

256 385 393 433 relegi.
455 384 496 421 Si
525 387 619 434 quis
648 387 803 435 ingenii
833 386 975 423 foetus
1005 388 1229 432 maturuit,
1253 387 1320 424 fac
1350 389 1592 425 memineris
1622 388 1831 434 Frobenii,

256 440 398 477 nullus
422 440 586 477 recudit
608 441 963 487 magnificentius.
1028 441 1141 486 Vale,
1165 443 1230 478 vir
1251 442 1549 480 eruditissime.

193 510 236 540 50
311 494 448 532 Datac
475 495 665 545 Friburgi
690 495 873 545 Brisgae.
930 506 1046 545 1534.

678 664 806 702 2919.
873 662 940 701 To
975 662 1175 702 DAMIAN
1210 674 1237 702 A
1273 661 1414 702 Goas.

304 751 401 785 Vita
421 752 581 785 Erasmi
601 763 639 796 p.
664 762 744 785 122.
1529 753 1734 797 Freiburg.

303 800 366 834 0².
388 812 426 845 p.
450 804 541 844 203:
573 801 698 834 Lond.
721 813 814 834 xxx.
837 805 904 842 65:
937 802 1018 834 Lss.
1046 802 1149 834 1268.
1477 813 1515 835 11
1540 803 1652 847 April
1679 813 1783 847 1534.

314 889 515 916 ERASMVS
538 890 865 916 ROTERODAMVS
887 890 1149 916 CLARISSIMO
1171 890 1327 916 IVVENI
1352 891 1557 918 DAMIANO
1580 892 1605 917 A
1628 892 1772 918 GHOES

879 945 1095 971 LVSITANO
1118 944 1150 971 S.
1171 945 1207 971 Ρ.

309 1005 575 1042 PRANDENTI
604 1005 776 1042 oblatae
805 1008 908 1042 sunt
937 1009 1037 1042 tuae
1065 1005 1249 1050 litterae,
1273 1006 1338 1042 vir
1360 1006 1626 1045 amicissime.
1686 1007 1786 1044 Mox
1808 1021 1833 1044 a

253 1060 434 1110 prandio
465 1061 612 1109 scripsi
643 1064 814 1110 praeter
845 1061 1034 1103 solitum,
1067 1064 1325 1110 properante
1356 1062 1523 1098 nuncio.
1585 1061 1707 1107 Quod
1740 1066 1830 1099 tam

253 1115 479 1164 magnifica
508 1114 736 1164 reliqueris,
764 1127 913 1164 precor
936 1119 983 1152 vt
1006 1116 1061 1152 sit
1084 1114 1212 1152 foelix
1242 1115 1533 1165 faustumque.
1594 1117 1684 1164 Ego
1712 1120 1833 1154 totus

253 1183 347 1207 sum
369 1174 482 1207 tuus.
545 1169 757 1207 Valetudo
779 1173 845 1206 est
865 1170 1037 1215 afflicta,
1059 1171 1127 1207 cui
1153 1171 1309 1207 seruire
1338 1183 1475 1220 cogor.
1536 1171 1722 1209 Tradam
1751 1172 1832 1209 tibi

214 1228 419 1274 5partem
460 1224 613 1261 domus
649 1225 754 1261 satis
790 1224 1028 1273 elegantem
1071 1237 1118 1262 ac
1160 1230 1381 1269 semotam,
1420 1225 1492 1262 vbi
1532 1227 1654 1263 viuas
1694 1228 1830 1264 vitam

252 1279 602 1317 anachoriticam.
664 1279 786 1324 Quod
808 1280 842 1316 si
864 1292 958 1316 mea
986 1292 1070 1317 non
1099 1279 1298 1329 placebit,
1321 1279 1506 1317 Comites
1529 1293 1553 1318 a
1576 1280 1832 1331 chneborg

251 1334 446 1372 fecerunt
471 1338 636 1384 partem
660 1333 812 1371 domus
835 1346 1030 1379 vacuam,
1054 1335 1097 1371 in
1119 1347 1204 1383 qua
1225 1335 1343 1384 prius
1370 1334 1577 1372 habitaui.
1640 1336 1831 1373 Habebis

252 1389 480 1426 Erasmum
517 1393 719 1438 paratum
753 1388 1000 1426 adomnia.
1062 1389 1123 1426 De
1160 1389 1354 1426 vestibus
1390 1402 1474 1427 non
1510 1391 1651 1440 magni
1685 1390 1828 1432 refert.

252 1444 378 1481 isthic
399 1456 531 1481 noues
553 1457 607 1481 an
630 1444 708 1481 hic.
769 1443 947 1481 Caetera
969 1456 1125 1482 coram.
1187 1444 1290 1482 Vale
1313 1445 1377 1481 vir
1398 1445 1664 1482 amicissime.

194 1514 233 1536 10
308 1498 517 1548 Friburgi,
553 1510 598 1535 11
636 1498 703 1535 die
736 1498 869 1548 April.
906 1508 1023 1549 1534.
1085 1499 1289 1536 Bibemus
1323 1499 1374 1536 de
1406 1499 1559 1549 poculo
1592 1505 1681 1545 tuo,
1715 1500 1830 1550 quod

252 1553 451 1603 perendie
473 1553 725 1591 aduehetur.

307 1607 672 1657 Quandocumque
708 1608 863 1653 venies,
898 1609 1088 1646 inuenies
1124 1612 1327 1658 paratum
1363 1609 1516 1647 locum.
1577 1609 1750 1660 Opinor,
1787 1614 1829 1647 te

251 1663 364 1700 nolle
395 1663 505 1700 alere
536 1675 679 1712 equos.
740 1662 971 1701 Stabulum
1003 1663 1211 1702 habemus
1238 1663 1422 1713 elegans,
1452 1664 1525 1702 sed
1557 1669 1828 1715 occupatum.

251 1718 395 1756 Etiam
418 1722 549 1768 atque
570 1719 702 1755 etiam
725 1718 832 1755 vale.

609 1882 740 1919 2920.
804 1878 871 1919 To
906 1879 1151 1919 BONIFACE
1185 1879 1471 1920 AMERBAGH.

300 1970 418 2003 Basle
437 1969 520 2003 MS.
542 1969 630 2002 AN.
653 1969 731 2003 III.
757 1979 812 2011 15.
834 1978 893 2011 57.
1500 1971 1750 2014 <Freib11rg.>

299 2019 344 2059 Q.
366 2020 425 2062 87.
1473 2030 1510 2053 11
1535 2020 1650 2064 April
1674 2030 1778 2064 1534.

276 2096 664 2179 1[Α11081·ἰ]ἓ111311611-91·,
678 2096 889 2137 autograph
902 2097 1148 2137 tl1roughout;
1174 2097 1199 2128 it
1216 2097 1282 2128 has
1295 2097 1386 2127 been
1400 2097 1628 2137 reproduced
1641 2098 1689 2138 by
1701 2098 1830 2138 Major,

249 2151 272 2181 p
289 2145 350 2172 ate
366 2150 383 2171 2
412 2165 418 2170 .

304 2209 342 2248 S.
410 2211 473 2248 De.
514 2208 761 2248 valetudine
801 2211 958 2248 viderit
1001 2211 1222 2249 Dominus.
1292 2211 1353 2248 De
1394 2211 1638 2257 offensione,
1676 2213 1829 2250 omitte

249 2278 380 2318 queso
415 2265 629 2315 ἀνεμώλια.
695 2265 831 2303 Citius
866 2267 955 2316 ipse
991 2265 1095 2303 mihi
1129 2266 1363 2304 diffiderem
1397 2279 1526 2315 quam
1562 2267 1653 2304 tibi.
1719 2266 1829 2305 Sunt

249 2334 358 2372 quae
389 2321 431 2358 in
462 2324 586 2358 tuum
620 2320 859 2358 aduentum
891 2320 1053 2358 differo.
1114 2320 1340 2358 Cruciatus
1372 2321 1544 2367 absunt,
1579 2322 1828 2360 stomachus

248 2378 435 2425 languet.
497 2375 590 2413 Hoc
612 2388 773 2413 nouum
796 2388 883 2413 non
904 2380 981 2413 est.
1044 2376 1281 2413 Damianus
1303 2375 1430 2413 isthic
1451 2376 1588 2414 adest.
1648 2376 1827 2414 Caetera

210 2443 229 2472 5
249 2443 406 2470 coram.

304 2484 420 2530 Vale,
444 2497 543 2522 mox
566 2497 591 2521 a
612 2485 806 2534 prandio.
830 2485 884 2522 xi.
910 2484 1042 2535 April.
1068 2486 1149 2522 An.
1177 2493 1293 2534 1534.

1311 2540 1515 2577 Erasmus
1537 2552 1634 2577 vere
1656 2544 1769 2578 tuus.

291 2621 388 2652 2919.
414 2630 488 2651 TIT.
536 2630 722 2652 LVSITANO
740 2622 822 2653 add.
841 2622 896 2653 O2.
1003 2632 1052 2652 11.
1080 2622 1144 2653 02:
1172 2622 1372 2663 perhendie
1390 2622 1444 2653 0¹.
1541 2632 1591 2662 13.
1616 2622 1826 2660 Stabulum,

246 2666 339 2705 quod
355 2666 436 2696 add.
455 2665 601 2696 coniecit
619 2665 661 2695 Ol
676 2678 682 2696 :
709 2666 831 2706 suppl.
850 2666 906 2696 02.

292 2753 389 2783 2918.
438 2755 492 2792 46.
542 2753 662 2783 Lucae
739 2753 1002 2794 Schippichon]
1074 2755 1113 2783 ‘a
1138 2763 1251 2784 coena
1275 2757 1423 2794 praeter
1446 2753 1630 2785 solitum'.
1678 2753 1732 2784 Cf.
1754 2754 1825 2794 Ep.

248 2796 456 2837 Schupgen,
474 2806 532 2826 see
550 2796 619 2836 Ep.
639 2799 735 2827 2216.
755 2806 834 2836 3511.
1072 2806 1169 2835 2920.
1188 2799 1219 2827 6.

335 2840 572 2871 Bartolomeo
586 2840 723 2878 Bacho]
739 2841 804 2871 See
818 2841 887 2881 Ep.
904 2850 1000 2879 2529.
1115 2843 1147 2871 6.
1173 2840 1348 2879 Comites]
1367 2841 1432 2871 See
1450 2841 1519 2881 Ep.
1539 2842 1635 2871 2810.
1658 2851 1755 2872 121n.
1774 2855 1782 2860 -

246 2894 326 2924 40n.
1117 2894 1166 2914 10.
1192 2885 1339 2924 poculo]
1358 2884 1422 2915 See
1440 2885 1510 2925 Ep.
1530 2886 1626 2915 2826.
1645 2887 1725 2922 oon.

291 2927 388 2958 2919.
416 2937 446 2958 2.
474 2931 622 2968 praeter
650 2927 815 2966 solitum]
849 2928 893 2958 In
926 2928 1000 2958 LB.
1112 2928 1210 2958 2920.
1236 2930 1267 2958 6.
1294 2938 1380 2959 mox
1408 2939 1430 2959 a
1458 2929 1629 2969 prandio]
1659 2929 1723 2960 See
1752 2928 1822 2969 Ep.

247 2972 345 3012 App.
376 2981 438 3011 515
470 2972 647 3002 Erasmus
679 2971 856 3012 similarly
887 2976 1002 3002 wrote
1071 2981 1168 3009 2919.
1187 2974 1246 3003 6n.
