1966 3379
273 120 351 156 206
703 118 960 156 LETTERs
991 118 1061 157 OF
1092 118 1357 158 ERASMUS
1718 124 1840 171 [1533

272 229 311 254 to
322 224 507 264 ChapuyS‚
520 224 601 254 who
616 225 644 254 is
657 224 720 254 the
734 225 816 254 best
830 224 866 255 of
881 224 1018 254 friends
1033 228 1071 254 to
1086 225 1171 254 him.
1208 225 1262 255 An
1278 225 1429 265 original
1445 226 1554 256 letter
1566 226 1602 256 of
1620 236 1631 256 1
1652 227 1737 257 Feb.
1756 230 1840 267 1536

272 269 365 298 from
382 268 555 307 Chapuys
573 268 803 298 toErasmus
821 269 928 305 (13122.
951 269 1026 307 145)
1046 269 1110 298 has
1133 269 1326 298 survived:
1354 269 1426 299 this
1451 270 1562 300 refers
1580 275 1619 300 to
1643 271 1705 300 the
1726 270 1838 301 death

271 312 308 341 of
333 311 455 347 Quecn
483 312 701 341 Katharine.
750 311 995 352 Copenhagen
1022 312 1094 342 MS.
1113 312 1154 342 G.
1176 312 1221 342 K.
1242 312 1275 342 S.
1300 321 1340 350 95
1362 313 1435 343 Fol.
1457 313 1480 343 f.
1505 315 1563 351 178
1582 314 1610 343 is
1628 314 1691 344 the
1708 315 1837 354 rough-

271 355 371 385 drast
389 355 425 385 of
443 366 463 385 a
484 355 593 385 letter
616 355 652 385 of
676 358 714 385 16
739 355 862 385 Mam-h
885 358 966 394 1536
989 359 1028 386 to
1050 366 1097 386 an
1122 356 1309 386 unknown
1332 357 1633 396 correspondent,
1657 358 1839 398 probably

270 399 463 438 Chapuys;
499 399 567 429 but
595 399 623 429 it!
651 403 787 429 cannot
815 409 956 429 answer
983 399 1168 439 Chapuys'
1199 399 1307 429 letter
1334 401 1371 429 of
1400 400 1599 440 February,
1625 401 1723 431 since
1748 402 1784 432 in
1810 403 1839 432 it

272 443 446 472 Erasmus
463 443 597 482 speaks
614 442 651 472 of
669 443 731 472 the
750 453 900 473 ruinour
917 442 953 473 of
972 443 1034 473 the
1052 443 1165 473 death
1188 443 1225 473 of
1252 443 1459 473 Katharine
1477 444 1594 474 which
1618 445 1662 475 he
1681 445 1838 476 believes

270 491 309 516 to
327 486 371 516 be
389 486 490 516 false.
539 486 582 516 In
601 486 704 516 Bodl.
723 486 796 516 MS.
816 487 896 516 Lat.
916 487 1015 516 Misc.
1034 497 1063 516 (·.
1084 496 1124 516 20
1142 487 1170 516 is
1187 497 1208 516 a
1226 487 1335 517 letter
1353 487 1445 517 from
1463 488 1637 528 Chapuys
1655 492 1693 519 to
1711 489 1839 520 Schets

269 530 307 559 of
333 539 372 569 23
396 530 496 569 Sept.
519 532 613 568 1536,
640 530 841 569 regretting
865 530 928 560 the
953 530 1065 560 death
1090 530 1127 560 of
1153 530 1348 561 Erasmus:
1377 531 1542 571 ‘Magno‚
1568 531 1657 562 dum
1682 533 1837 568 viucret,

268 573 459 613 desyderio
477 574 630 604 tenebar
648 574 804 604 hominis
821 584 942 604 coram
960 574 1102 604 visendi
1120 574 1156 612 ’.]

325 643 418 669 DES.
445 644 643 670 ERASMVS
665 644 759 670 ROT.
785 644 1026 671 EVSTATHIO
1048 644 1264 671 CHAPVSIO
1287 644 1477 672 ORATORI
1500 645 1708 672 CAESARIS
1730 646 1776 672 IN

943 699 1106 725 ANGLIA
1129 699 1161 725 S.

323 752 476 789 NVLLA
500 753 704 802 possessio
722 753 885 790 charior
903 757 979 790 aut
996 754 1223 802 preciosior
1239 766 1416 802 syncero
1433 754 1581 791 amico.
1629 754 1687 792 At
1703 768 1835 804 quum

266 806 425 856 alioqui
448 820 532 844 non
553 808 615 844 ita
636 807 818 845 multum
842 808 977 844 absim
999 808 1052 845 ab
1076 808 1157 853 Iro,
1181 812 1325 845 tamen
1354 809 1394 845 in
1422 808 1499 845 hoc
1527 821 1657 858 opum
1685 822 1835 859 genere

267 861 369 898 mihi
392 862 594 899 Lucullus
616 863 789 911 quidam
812 862 971 907 videor,
995 863 1065 911 qui
1088 863 1277 911 quotidie
1303 864 1517 912 comperio
1546 863 1666 913 longe
1695 864 1836 913 plures

266 928 355 953 esse
376 917 534 954 amicos
551 930 679 966 quam
696 918 1009 954 existimabam.
1052 917 1228 954 Falleris
1250 917 1353 954 mihi
1375 917 1509 962 crede,
1528 918 1561 955 si
1584 922 1710 967 putas
1733 919 1835 956 mihi

228 971 551 1010 §sacerdotium
584 973 773 1021 opimum
810 971 1001 1009 futurum
1038 971 1165 1009 fuisse
1197 973 1359 1020 gratius
1392 985 1521 1021 quam
1558 973 1833 1011 Eustathium

266 1027 473 1069 amicum;
511 1027 630 1063 cuius
661 1027 883 1076 imaginem
916 1027 957 1063 in
990 1026 1123 1063 literis
1153 1027 1239 1064 tuis
1269 1039 1509 1076 expressam
1541 1040 1708 1065 summa
1738 1041 1833 1066 cum

266 1080 491 1129 voluptate
522 1082 727 1130 perspexi.
787 1081 904 1118 Adeo
926 1081 1067 1118 fluunt
1095 1081 1342 1118 inaffectato
1364 1081 1550 1130 quodam
1576 1083 1758 1120 candore
1785 1096 1834 1120 ac

265 1135 455 1184 puritate
486 1140 535 1173 vt
564 1135 661 1172 hinc
694 1136 907 1185 ingenium
941 1136 995 1173 ab
1031 1137 1146 1173 omni
1182 1136 1279 1173 fuco
1314 1136 1498 1173 alienum
1535 1136 1657 1174 facile
1689 1137 1833 1187 depre-

265 1189 436 1228 hendas.

208 1255 246 1275 10
318 1244 512 1282 Accessio
539 1249 628 1290 aut,
657 1245 689 1281 si
718 1246 866 1289 mauis,
895 1245 1082 1294 cognitio
1110 1245 1342 1282 amicorum
1374 1245 1452 1282 hoc
1486 1249 1675 1295 tempore
1706 1246 1759 1283 ob
1791 1247 1833 1284 id

264 1299 367 1335 mihi
388 1299 611 1337 iucundior
631 1304 696 1337 est
717 1300 831 1348 quod
852 1312 988 1337 annus
1009 1300 1199 1349 superior
1220 1299 1427 1348 quosdam
1449 1301 1626 1338 eximios
1647 1300 1831 1347 ademi&

264 1354 307 1390 in
334 1353 486 1403 Anglia
514 1354 888 1404 Archiepiscopum
916 1353 1277 1399 Cantuariensem,
1304 1367 1435 1391 vnum
1462 1355 1622 1392 πολλῶν
1648 1354 1833 1401 ἀντάξιον

264 1406 407 1444 ἄλλων·
440 1409 482 1445 111
513 1409 723 1446 comitatu
753 1408 942 1446 Caesaris
972 1408 1239 1459 Alphonsum
1271 1408 1540 1446 Valdesium:
1578 1410 1619 1447 in
1657 1410 1832 1448 Polonia

263 1461 615 1512 Christophorum
637 1477 662 1501 a
679 1462 986 1509 Schidlouuicz,
1003 1465 1091 1501 eius
1113 1465 1228 1513 regni
1246 1476 1491 1513 supremum
1509 1463 1828 1503 Cancellarium.

206 1527 243 1556 15
263 1516 462 1554 Caeteros
489 1522 622 1563 taceo,
651 1518 826 1556 fortuna
853 1519 1027 1563 minore,
1050 1518 1123 1556 sed
1151 1519 1242 1568 pari
1270 1520 1553 1568 synceritate:
1586 1520 1697 1556 inter
1724 1532 1830 1569 quos

261 1576 327 1609 est
359 1572 585 1610 Zacharias
617 1573 846 1611 Deiotarus
877 1573 1081 1622 Phrysius
1112 1574 1184 1622 qui
1215 1573 1323 1610 solet
1352 1573 1536 1610 famulos
1566 1587 1692 1619 meos,
1725 1587 1830 1623 quos

262 1626 477 1664 interdum
498 1628 540 1664 in
561 1627 758 1677 Angliam
781 1627 975 1677 ablegare
997 1641 1133 1678 cogor,
1156 1628 1306 1665 lubens
1334 1632 1377 1665 et
1401 1628 1598 1665 alacriter
1625 1629 1827 1679 excipere.

263 1680 313 1718 Id
342 1682 524 1719 officium
553 1695 601 1719 eo
629 1683 712 1720 suit
739 1683 1027 1732 gratissimum
1055 1682 1170 1732 quod
1200 1682 1390 1732 vulgaria
1419 1682 1651 1720 diuersoria
1678 1696 1829 1733 parum

262 1739 359 1773 tuta
392 1741 493 1773 sunt
527 1750 552 1774 a
587 1738 784 1787 contagio
823 1737 1053 1775 sceleratae
1088 1738 1231 1787 pestis,
1265 1749 1373 1786 quae
1407 1750 1542 1786 nuper
1580 1737 1634 1774 ab
1670 1738 1828 1788 Anglis,

202 1800 243 1821 20
261 1790 415 1839 quibus
436 1791 519 1828 iam
541 1791 768 1841 plusquam
790 1792 1075 1841 quadraginta
1096 1793 1218 1829 annis
1239 1793 1417 1829 nimium
1445 1791 1665 1829 familiaris
1686 1797 1763 1838 est,
1786 1794 1828 1830 in

261 1849 428 1882 nostras
450 1847 637 1896 regiones
658 1846 923 1896 demigrauit.
968 1846 1146 1884 Proinde
1164 1846 1278 1895 quod
1296 1845 1518 1892 Quirinum
1540 1860 1681 1884 meum
1703 1847 1828 1885 isthic

260 1899 487 1949 collegeris,
517 1901 623 1938 scito
652 1904 694 1938 te
722 1914 921 1951 magnam
949 1901 1213 1950 solidamque
1242 1901 1356 1950 apud
1386 1914 1451 1938 me
1480 1901 1604 1938 inisse
1631 1903 1825 1951 gratiam.

259 1953 402 2003 Atque
424 1955 469 1999 is,
492 1956 693 2005 quoniam
715 1960 819 1993 tunc
842 1969 928 1993 rem
951 1969 1101 2005 parum
1123 1968 1174 1993 ex
1195 1956 1326 1992 animi
1347 1956 1428 1992 mei
1450 1956 1663 1993 sententia
1684 1958 1826 2006 gessit,

259 2009 527 2057 quorundam
558 2012 791 2048 amicorum
820 2011 884 2048 tui
911 2010 1177 2048 dissimilium
1206 2023 1345 2060 opera,
1374 2023 1517 2048 rursus
1547 2011 1655 2048 istuc
1686 2024 1826 2049 eman-

199 2072 239 2102 25
259 2062 387 2100 datus
408 2068 484 2109 est,
508 2065 541 2102 si
562 2064 742 2103 forsitan
765 2065 865 2102 haec
887 2065 979 2103 alea
1000 2065 1103 2102 mihi
1124 2065 1251 2102 cadat
1271 2064 1446 2102 felicius.

314 2117 450 2179 Quam
481 2120 707 2169 imaginem
737 2121 779 2157 in
810 2120 980 2181 scriptis
1010 2120 1113 2157 meis
1144 2119 1298 2156 videris
1327 2120 1480 2164 nescio,
1512 2119 1622 2157 vnde
1658 2124 1826 2158 tantam

258 2173 414 2210 amoris
435 2173 650 2211 flammam
673 2175 925 2224 conceperis,
943 2187 1075 2223 quum
1097 2175 1225 2211 sciam
1248 2173 1358 2211 infra
1374 2174 1714 2212 mediocritatem
1731 2188 1826 2213 mea

258 2239 347 2264 0330
379 2229 532 2265 omnia.
594 2229 749 2266 Verum
780 2229 858 2266 hoc
890 2229 1072 2278 amplius
1103 2228 1236 2266 debeo
1268 2232 1343 2266 tuo
1376 2229 1418 2266 in
1452 2241 1519 2266 me
1552 2229 1706 2274 studiO‚
1741 2243 1826 2279 quo

257 2282 397 2319 minus
417 2295 598 2332 agnosco
620 2284 662 2320 in
684 2296 750 2321 me
771 2284 1031 2321 meritorum.
1073 2282 1195 2320 Certe
1216 2283 1319 2320 nihil
1341 2287 1562 2332 praeterea
1578 2288 1643 2321 est
1659 2283 1825 2322 Erasmi

197 2345 239 2375 30
257 2336 372 2385 quod
394 2341 442 2374 tu
463 2342 658 2387 spectatu
682 2338 855 2388 dignum
877 2338 1105 2375 existimes.
1162 2337 1336 2375 Videres
1357 2338 1468 2374 enim
1490 2350 1574 2375 non
1595 2338 1822 2384 hominem,

257 2390 331 2427 sed
351 2390 492 2440 σῦφαρ,
514 2405 562 2429 ac
584 2393 831 2442 simpliciter
852 2393 1062 2438 miserum,
1085 2393 1164 2429 nisi
1185 2405 1432 2441 persuasum
1458 2392 1722 2438 haberemus,
1745 2393 1823 2431 hoc

257 2446 413 2482 exuuio
440 2446 646 2496 deposito,
675 2460 834 2485 nouum
862 2447 1131 2496 nitidumque
1159 2447 1335 2484 iuuenta
1362 2446 1520 2484 animal
1547 2459 1820 2485 emersurum.

257 2498 419 2544 Quibus
448 2500 648 2538 fluct-ibus
680 2502 822 2547 iacter,
854 2501 1009 2550 quibus
1041 2502 1176 2550 agitet
1209 2502 1348 2538 ventis
1384 2505 1431 2538 tu
1464 2513 1633 2550 quoque
1667 2501 1821 2539 videris

256 2566 493 2603 agnoscere.
537 2554 617 2593 Sed
639 2569 660 2593 e
682 2557 921 2606 propinquo
942 2560 1121 2605 apparet
1136 2560 1298 2605 portus,
1316 2555 1608 2593 molestiarum
1631 2557 1820 2593 omnium

195 2619 236 2649 35
257 2607 382 2646 finem
404 2609 627 2655 allaturus,
649 2610 824 2648 fauente
844 2610 1024 2648 Christo.
1086 2609 1196 2647 Male
1218 2610 1358 2655 audio,
1381 2610 1627 2659 proscindor
1655 2610 1819 2657 linguis,

255 2662 383 2712 idque
410 2665 679 2713 potissimum
705 2665 759 2702 ab
788 2665 851 2702 his
878 2665 929 2702 de
956 2665 1110 2714 quibus
1138 2665 1297 2714 optime
1325 2677 1417 2701 sum
1446 2665 1634 2701 meritus.
1695 2665 1820 2702 Dicas

255 2729 343 2754 esse
364 2717 443 2755 fati
464 2719 558 2756 mei.
617 2718 699 2756 Sed
721 2724 865 2756 tamen
887 2719 1144 2768 typographi
1165 2719 1287 2756 aiunt
1309 2720 1380 2755 vix
1408 2718 1524 2756 aliud
1549 2731 1702 2756 nomen
1730 2732 1819 2756 esse

255 2771 522 2811 vendibilius.
581 2772 802 2811 Crederem
824 2774 916 2811 illos
939 2773 1135 2818 blandiri,
1153 2774 1233 2810 nisi
1258 2774 1315 2810 310
1340 2785 1364 2810 a
1386 2786 1451 2810 me
1473 2785 1637 2822 semper
1657 2773 1819 2822 aliquid

254 2825 509 2875 flagitarent,
532 2827 566 2864 si
587 2828 691 2864 nihil
713 2828 842 2873 aliud,
865 2832 977 2865 certe
998 2827 1395 2877 praefatiunculam.

297 2893 327 2945 2.
354 2894 614 2953 Infibft—dffld
633 2914 693 2945 Tr.
712 2925 742 2955 3.
757 2924 787 2955 7.
802 2925 862 2956 42;
889 2915 998 2956 Prop.
1116 2916 1165 2945 16.
1192 2914 1399 2953 Zacharias]
1417 2914 1482 2946 See
1499 2915 1569 2956 Ep.
1591 2923 1685 2953 1205.
1706 2924 1761 2945 111.

254 2968 283 2998 3.
304 2968 333 2997 5.
355 2968 392 2998 17
408 2959 547 3001 [Mart.
568 2967 597 2997 5.
617 2968 668 2998 39.
686 2968 718 2996 9.
