1966 3379
167 1565 205 1586 10

187 2511 204 2540 5

228 106 306 142 264
660 104 916 143 LETTERS
947 105 1017 143 OF
1051 104 1314 143 ERASMUS
1675 107 1797 154 [1533

533 212 798 266 2’13828392840
860 211 926 251 ΤΟ
962 212 1190 251 AMBROSF.
1224 212 1492 252 PELARGUS.

279 302 479 345 Pelargus,
506 301 677 334 lssellaria
698 302 742 334 f0.
766 302 783 334 Ι
804 307 860 335 v0.
1413 301 1660 345 (Freiburg.)

1330 356 1382 383 fc.
1402 350 1595 384 ι1111101111.
1621 357 1747 393 1533>

717 428 915 454 ERASMVS
936 428 1031 454 ROT.
1056 427 1254 454 PELARGO
1277 428 1308 453 S.

283 488 471 534 QVANDO
507 489 679 525 omnino
714 487 791 524 tibi
828 488 1045 525 decretum
1080 493 1143 524 cst
1178 487 1306 531 abire,
1340 487 1395 524 da
1431 501 1602 537 operam
1637 489 1796 537 optime

230 543 415 592 Pelargc,
439 548 484 579 vt
508 555 636 591 quam
659 542 886 579 bellissime
910 542 1066 587 valcas,
1091 547 1221 590 vtquc
1250 555 1400 591 pergas
1428 543 1491 579 tui
1519 556 1608 582 csse
1637 542 1794 580 similis.

229 597 409 634 Valebis.
470 597 551 635 Sed
574 598 690 647 prius
713 597 949 634 salutatum
975 610 1050 634 nos
1073 598 1228 642 venito,
1252 609 1380 645 quam
1404 596 1499 634 hinc
1521 597 1739 646 deniigreS.

522 786 727 826 2⁸³⁰284O.
795 786 931 826 FROM
965 785 1197 825 Amnnosn
1235 785 1498 825 PELARGUS.

276 876 477 920 Pelargus,
499 876 674 909 Bellaria
694 877 738 909 f0.
761 876 778 909 I
800 881 856 909 v0.
1487 875 1734 919 (Freiburg)

1484 935 1496 957 1
1519 924 1617 968 July
1641 934 1745 967 1533.

599 1003 700 1029 ΑΜΒ.
726 1002 950 1029 PELARGVS
974 1002 1148 1028 ERASMO
1171 1002 1266 1028 ROT.
1291 1002 1369 1027 SVO
1393 1002 1423 1027 S.

282 1063 395 1109 QVID
428 1063 505 1100 tibi
540 1064 615 1107 vis,
650 1075 781 1111 quum
818 1062 921 1099 mihi
961 1062 1077 1106 dicis,
1121 1061 1248 1099 ‘Vale
1281 1062 1401 1099 bis'?
1444 1061 1484 1099 Si
1513 1063 1698 1111 precaris
1733 1062 1795 1099 bis

226 1118 404 1161 valeam,
436 1122 482 1155 tu
517 1123 665 1166 terque
696 1121 933 1166 quaterque
965 1116 1094 1160 salue,
1127 1116 1221 1154 vale
1253 1116 1413 1154 millies.
1474 1115 1515 1154 Si
1547 1129 1645 1153 vero
1676 1116 1795 1154 iubes

226 1173 404 1215 valeam,
431 1173 486 1209 da
514 1172 627 1221 quod
657 1172 787 1216 iubes,
811 1184 859 1209 ac
887 1176 979 1208 tum
1008 1171 1191 1220 denique
1220 1171 1383 1215 valebo,
1407 1171 1480 1208 sed
1508 1184 1591 1208 non
1621 1184 1794 1220 coquus.

226 1227 352 1264 Iubes
374 1227 610 1264 salutatum
634 1231 675 1264 te
697 1227 877 1264 veniam.
937 1226 1029 1263 Hoc
1046 1227 1183 1276 ipsum
1202 1225 1451 1263 iamdudum
1466 1227 1595 1264 etiam
1614 1227 1796 1263 iniussus

226 1281 361 1319 faeere
384 1294 585 1331 propono.
647 1281 836 1318 Tametsi
853 1293 1012 1325 vereor,
1032 1285 1080 1318 vt
1097 1284 1139 1318 te
1156 1281 1460 1318 contristatum
1479 1285 1686 1318 venturus
1703 1281 1794 1325 sim,

226 1337 358 1386 magis
380 1349 507 1385 quam
530 1336 767 1373 salutatum
785 1349 791 1373 z
825 1340 1107 1385 posteaquam
1128 1335 1323 1373 futurum
1346 1336 1568 1385 prospicio,
1587 1340 1635 1372 vt
1653 1348 1793 1385 supre-

225 1404 317 1428 mus
348 1392 427 1428 iste
457 1395 602 1428 noster
632 1403 880 1440 congressus
907 1403 990 1427 non
1019 1390 1180 1439 absque
1208 1390 1439 1438 lachrymis
1468 1390 1698 1427 soluendus
1726 1391 1792 1427 sit.

225 1446 327 1483 Vale
349 1446 449 1483 dum
473 1446 593 1482 vinis.
654 1445 759 1483 Viue
782 1445 1019 1494 vsquedum
1042 1446 1245 1482 moriaris.
1307 1445 1469 1482 Morere
1492 1450 1585 1482 tum
1614 1445 1795 1494 denique

224 1514 354 1550 quum
378 1500 494 1538 inula
517 1501 739 1550 pepererit,
763 1500 841 1537 hoc
863 1504 927 1537 est
948 1500 1003 1537 ad
1024 1499 1233 1537 Calendas
1255 1498 1448 1537 Graecas.

282 1565 396 1603 1533.
420 1554 591 1593 Calend.
616 1554 726 1592 Iulii.

545 1757 674 1794 2841.
738 1754 876 1794 FROM
909 1753 1041 1794 JOHN
1075 1765 1136 1793 DE
1170 1753 1475 1794 MOLENDINO.

275 1843 442 1876 Breslau
461 1843 543 1877 MS.
565 1843 695 1877 Rehd.
717 1854 800 1888 254.
826 1845 905 1877 108.
1490 1843 1731 1885 (0011111111.)Χ

273 1893 369 1926 EE2,
398 1902 478 1926 110.
519 1893 522 1896 ’
1477 1902 1496 1935 7
1516 1893 1614 1937 July
1638 1903 1742 1936 1533.

269 1959 341 1996 [An
359 1959 512 2000 original
530 1960 651 1993 letter,
670 1960 878 2000 autograph
897 1959 1139 2000 throughout.

269 2003 370 2033 With
396 2003 491 2043 Epp.
526 2004 653 2043 2842-4
684 2004 757 2033 and
792 2004 861 2044 Ep.
892 2004 987 2039 2826,
1018 2004 1047 2034 it
1075 2014 1149 2034 was
1179 2003 1415 2044 presumably
1441 2004 1601 2043 brought
1626 2004 1718 2034 back
1745 2004 1793 2044 by

225 2046 399 2083 Quirinus
422 2058 469 2077 on
499 2048 554 2077 liis
578 2052 704 2078 return
731 2048 887 2087 journey
919 2047 1014 2077 from
1040 2047 1222 2088 England.
1271 2048 1340 2087 Ep.
1360 2049 1455 2087 2763.
1475 2050 1539 2086 4-6
1563 2048 1682 2078 shows
1707 2048 1792 2078 that

225 2091 456 2121 Molendinus
474 2091 546 2121 had
563 2091 638 2121 also
657 2092 805 2121 written
823 2091 922 2131 early
940 2092 975 2121 in
1004 2100 1098 2130 1533.
1148 2091 1323 2121 Erasmus
1343 2102 1459 2121 seems
1476 2096 1515 2121 to
1533 2092 1626 2122 have
1644 2092 1792 2122 written

225 2139 264 2164 to
282 2135 372 2165 both
390 2134 621 2165 Molendinus
638 2135 710 2165 and
728 2135 918 2165 Barbirius
934 2138 975 2165 at
992 2135 1056 2165 the
1069 2134 1139 2165 end
1158 2135 1195 2165 of
1208 2135 1344 2170 Marc-h,
1364 2135 1518 2175 though,
1538 2136 1573 2165 in
1591 2136 1736 2175 writing
1754 2140 1793 2165 to

225 2178 352 2208 Selicts
369 2183 409 2208 at
427 2179 489 2208 the
507 2188 606 2208 same
627 2179 717 2208 time
740 2178 824 2218 (Ep.
843 2179 956 2218 2781),
977 2179 1022 2208 he
1039 2179 1223 2208 mentions
1237 2178 1323 2218 only
1337 2179 1393 2209 his
1411 2178 1520 2209 letter
1537 2183 1576 2209 to
1590 2179 1791 2213 Barbirius‚

225 2222 341 2251 which
356 2232 429 2252 was
446 2222 607 2252 directed
622 2226 661 2252 to
679 2222 818 2252 Schets’
833 2232 925 2252 eare.
959 2222 1087 2253 Schets
1101 2222 1305 2252 forwarded
1320 2223 1348 2252 it
1362 2226 1401 2252 to
1412 2222 1644 2253 Molendinus
1658 2222 1694 2259 (l.
1709 2224 1792 2261 36).]

279 2280 317 2318 S.
336 2281 379 2318 P.
428 2280 469 2318 Si
492 2281 620 2326 vales,
643 2281 749 2318 bene
771 2285 859 2326 est;
892 2286 1025 2331 vtque
1047 2282 1108 2318 ita
1130 2281 1209 2319 tibi
1237 2282 1292 2318 sit
1313 2281 1564 2328 diutissime,
1587 2282 1789 2319 disertiss.

225 2334 274 2372 D.
299 2335 486 2380 Erasme,
509 2348 683 2385 superos
710 2337 872 2373 omneis
899 2335 1078 2385 supplex
1107 2349 1265 2386 precor.
1325 2336 1409 2373 Cur
1435 2337 1545 2373 enim
1575 2336 1678 2373 mihi
1706 2349 1790 2373 non

225 2389 351 2427 liceat
378 2394 420 2426 te
448 2390 595 2427 eodem
625 2403 774 2428 ornare
802 2390 1006 2440 epitheto,
1029 2403 1114 2439 quo
1141 2395 1269 2440 poeta
1297 2390 1364 2428 ille
1391 2390 1635 2428 Ciceronem
1664 2403 1790 2440 quem

224 2443 549 2482 disertissimum
566 2445 771 2483 Rhomuli
785 2449 989 2495 nepotum
1007 2446 1189 2482 cecinit?
1221 2445 1278 2483 At
1292 2458 1367 2494 ego
1382 2449 1424 2482 te
1441 2458 1525 2483 non
1541 2445 1790 2483 Rhomanos

225 2499 362 2543 modo,
401 2499 472 2536 sed
507 2504 550 2537 et
584 2504 731 2549 gentes
771 2504 960 2537 caeteras
995 2499 1252 2548 eloquentia,
1293 2500 1407 2537 absit
1446 2500 1606 2537 inuidia
1647 2500 1790 2545 verbo,

223 2566 455 2602 exuperare
477 2567 562 2591 non
589 2554 795 2592 dubitem.
855 2554 965 2600 Quid
993 2555 1054 2591 ita
1069 2559 1083 2591 ’ἐ
1127 2554 1274 2592 Testes
1303 2558 1405 2592 sunt
1432 2555 1652 2592 innumere
1674 2554 1788 2592 lucu-

224 2607 441 2645 brationes
482 2613 554 2645 tue
598 2609 713 2659 pe<rs
726 2609 822 2646 inde
862 2609 1003 2658 pueris
1043 2609 1298 2657 senibusque
1339 2622 1467 2657 quam
1511 2610 1645 2646 cuiuis
1683 2610 1791 2646 etati

224 2662 533 2700 conducibiles:
566 2663 607 2700 id
639 2663 753 2712 quod
785 2663 899 2700 haud
930 2663 1136 2700 adulandi
1172 2663 1315 2701 studio
1346 2664 1536 2708 dixerim,
1571 2663 1644 2701 sed
1675 2663 1789 2712 quod

225 2716 350 2754 liceat
372 2717 486 2766 quod
509 2730 656 2754 verum
679 2722 755 2763 est,
780 2718 906 2755 modo
928 2718 1086 2755 nemini
1108 2717 1233 2762 obsit,
1256 2719 1434 2767 ingenue
1452 2718 1588 2755 fateri.
1650 2718 1789 2767 thue

168 2784 205 2804 10
224 2771 275 2808 de
304 2784 370 2808 me
397 2772 549 2817 dicam,
573 2772 843 2821 cupidissime
871 2785 1016 2809 versor
1044 2773 1086 2809 in
1116 2773 1201 2809 tuis
1230 2773 1398 2821 scriptis
1427 2772 1561 2810 veluti
1589 2773 1630 2809 in
1664 2772 1790 2810 horto

268 2871 365 2900 2840.
392 2880 422 2909 3.
448 2880 519 2900 non
546 2871 699 2910 coquus]
720 2871 797 2900 The
818 2871 923 2910 point
945 2871 973 2900 is
1040 2871 1209 2910 appetite
1225 2870 1299 2901 and
1316 2871 1400 2901 that
1417 2871 1473 2901 his
1489 2871 1581 2901 cook
1592 2871 1661 2901 will
1679 2871 1791 2901 suffer

222 2914 386 2949 obscure,
405 2915 468 2944 but
485 2913 658 2953 pelargus
671 2915 832 2954 perhaps
847 2924 974 2944 means
1040 2914 1283 2954 accordingly.

223 2958 307 2988 that
345 2958 439 2997 good
479 2957 605 2988 health
638 2958 709 2988 will
742 2967 846 2998 carry
879 2958 973 2998 good
1085 2958 1181 2988 2841.
1209 2967 1238 2997 3.
1265 2958 1389 2998 poeta]
1408 2957 1573 2988 Catullus
1589 2967 1641 2998 49.
1664 2968 1691 2988 1.
