1966 3379
253 133 332 171 390
712 131 974 171 LETTERS
1006 132 1077 171 or
1107 132 1376 172 ERASMUS
1711 137 1834 186 [1534

673 258 802 297 2937.
869 256 1006 296 Fizon
1039 256 1171 297 JonN
1206 256 1414 298 CHOLER.

302 313 463 357 Leipzig
482 313 564 347 MS.
1501 315 1771 359 (Augsburg.>

301 363 385 396 EE.
409 372 491 404 205.
1494 374 1536 405 25
1558 364 1652 408 May
1677 375 1782 409 1534.

318 440 392 477 [An
420 439 575 479 original
602 440 723 476 letter,
751 440 962 480 autograph
989 440 1240 479 throughout:
1277 441 1380 472 there
1408 442 1436 472 is
1463 452 1509 472 no
1537 442 1688 473 address
1716 443 1832 474 sheet.

251 483 328 514 The
355 483 431 514 fact
460 485 545 514 that
573 484 645 520 has,
674 484 733 514 hac
762 485 797 514 in
827 484 861 514 ll.
894 493 919 519 1,
950 495 982 523 4,
1016 494 1051 521 13
1074 486 1168 515 refer
1189 489 1227 515 to
1248 485 1315 525 Ep.
1339 488 1424 524 2936
1447 486 1626 517 indicates
1649 487 1734 518 that
1759 487 1834 518 this

251 527 362 558 letter
377 528 405 557 is
419 528 455 558 in
474 528 538 559 the
556 532 690 559 nature
706 527 744 558 of
761 538 782 558 a
800 528 1003 569 postscript
1019 533 1057 558 to
1071 529 1138 568 Ep.
1161 532 1257 568 2936.
1308 529 1373 560 We
1392 530 1485 561 have
1501 531 1685 561 therefore
1704 531 1832 571 placed

251 572 315 602 the
334 575 406 602 two
425 572 554 602 letters
572 572 772 612 together]

961 659 993 685 S.
1018 659 1053 686 P.
1077 659 1118 686 D.

306 719 468 756 PRIDIE
500 732 629 769 quam
666 720 742 757 has
778 719 832 756 ad
868 723 911 756 te
947 719 1105 765 darem,
1142 719 1479 759 denunciauerat
1514 721 1615 759 mihi
1651 721 1833 760 Ioannes

251 773 615 824 Paumgartnerus
637 774 792 812 habere
814 787 855 811 se
878 775 1094 819 nuncium,
1118 776 1189 824 qui
1213 776 1254 812 in
1277 776 1546 825 postriduum
1569 777 1623 814 ad
1650 781 1692 814 te
1717 782 1834 815 recta

250 828 610 878 proficisceretur3
644 831 677 867 si
699 829 800 878 quid
824 829 1004 866 scribere
1027 830 1105 867 tibi
1123 829 1288 875 vellem,
1311 830 1445 868 licere.
1489 831 1578 881 Ego
1599 832 1832 881 plurimum

249 885 422 932 gauisus
443 884 559 934 quod
585 884 760 922 tandem
786 884 840 921 ad
863 888 904 921 te
926 888 1078 921 nactus
1105 898 1237 922 essem
1263 886 1479 931 nuncium,
1504 886 1579 923 has
1606 886 1832 924 adiunctas

210 950 228 980 5
251 938 418 977 litteras
440 939 494 976 ad
516 943 559 977 te
580 940 768 977 exaraui.
802 939 958 976 Verum
980 943 1213 988 antequam
1236 945 1381 977 noster
1402 940 1499 978 hinc
1521 941 1670 987 abiret,
1689 954 1830 991 super-

250 994 371 1031 uenit
401 995 692 1044 praesencium
725 994 849 1038 lator,
881 995 954 1043 qui
987 994 1090 1031 mihi
1123 995 1199 1031 abs
1232 1000 1273 1032 te
1306 995 1555 1033 fasciculum
1588 996 1831 1034 litterarum

249 1048 414 1087 attulit.
468 1049 604 1086 Erant
627 1049 794 1086 litterae
816 1048 869 1085 ad
893 1048 944 1086 R.
968 1048 1237 1086 Cardinalem
1260 1049 1571 1095 Tridentinum,
1597 1050 1651 1088 ad
1679 1050 1830 1088 Paum-

248 1105 513 1153 gartinerum
535 1108 580 1141 et
601 1104 655 1141 ad
677 1102 903 1153 Georgium
934 1103 1136 1149 Herman,
1159 1117 1266 1153 quas
1294 1117 1441 1142 omnes
1469 1105 1707 1143 reddendas
1735 1118 1830 1143 con-

249 1159 370 1196 tinuo
419 1159 646 1204 destinaui,
693 1162 846 1196 nactus
895 1162 1107 1208 oportune
1151 1160 1350 1197 nuntium
1401 1160 1455 1197 ad
1505 1160 1830 1205 Tridentinum;

190 1224 229 1245 10
249 1213 587 1263 Paumgartnero
615 1226 712 1251 suas
740 1215 842 1251 item
872 1213 1050 1259 reddidi,
1079 1214 1153 1263 qui
1183 1218 1227 1251 et
1257 1215 1345 1251 sine
1376 1214 1507 1252 dubio
1538 1215 1617 1253 tibi
1645 1216 1832 1265 presenti

248 1269 401 1306 nuntio
422 1268 662 1318 respondet.

305 1323 607 1373 Purgationem
645 1328 767 1361 tuam
802 1323 881 1372 legi
917 1323 1112 1369 libenter,
1148 1328 1192 1361 et
1226 1337 1276 1361 ea
1310 1325 1482 1373 gauisus
1518 1337 1624 1362 sum.
1677 1325 1830 1363 Fecisti

249 1377 363 1415 vltro
385 1378 501 1427 quod
523 1391 599 1428 ego
622 1382 664 1416 te
685 1378 892 1416 adiuncta
915 1378 991 1415 hac
1012 1378 1193 1428 epistola
1217 1378 1408 1428 pluribus
1436 1392 1529 1417 sum
1558 1380 1828 1418 adhortatus.

249 1432 329 1470 Sed
352 1433 567 1471 hominem
593 1434 740 1471 mitius
762 1446 892 1482 quam
918 1433 1029 1471 illius
1057 1433 1304 1483 petulancia
1331 1434 1577 1472 merebatur
1604 1435 1828 1481 tractasti3

189 1498 227 1529 15
249 1487 399 1525 vellem
422 1488 569 1525 stilum
591 1489 725 1538 magis
746 1489 966 1525 accuisses.
1019 1488 1234 1538 Imprimis
1259 1488 1362 1526 mihi
1390 1490 1432 1526 in
1461 1489 1538 1526 hac
1567 1494 1644 1527 tua
1672 1490 1829 1539 Purgan

249 1543 364 1580 tione
387 1543 617 1593 displicuit,
636 1543 752 1592 quod
774 1543 921 1580 scribis
943 1548 985 1580 te
1007 1543 1245 1580 Lutherum
1264 1556 1484 1593 nunquam
1501 1544 1671 1582 desiisse
1688 1557 1831 1582 amore

248 1599 459 1647 prosequi.
511 1597 591 1644 Qui
612 1598 703 1635 fieri
724 1602 868 1648 potest
890 1602 939 1635 vt
962 1597 1198 1636 Lutherum
1221 1611 1349 1644 ames
1371 1611 1396 1636 a
1418 1611 1503 1648 quo
1525 1604 1593 1637 tot
1613 1599 1831 1637 atrocibus

247 1652 494 1690 criminibus
525 1666 568 1690 es
604 1657 831 1691 accusatus
866 1657 1020 1702 totque
1054 1653 1289 1703 insignibus
1324 1654 1594 1691 contumeliis
1623 1654 1830 1692 affectus?

248 1707 475 1745 Praeterea
497 1707 712 1745 hominem
734 1712 802 1746 tot
823 1708 1024 1753 censuris,
1041 1707 1294 1745 fulminibus
1315 1721 1340 1745 a
1362 1709 1569 1746 Pontifice
1590 1714 1634 1747 et
1654 1708 1831 1747 Caesare

186 1777 228 1798 20
248 1775 506 1812 percussum,
530 1763 727 1801 omnibus
752 1763 872 1800 furiis
900 1763 1119 1808 deuotum,
1142 1764 1215 1812 qui
1237 1765 1505 1812 <n>unquam
1531 1764 1766 1813 quidquam
1789 1765 1830 1801 in

249 1818 340 1854 vita
371 1818 540 1867 scripsit
570 1818 650 1855 nisi
679 1817 796 1867 quod
823 1817 1135 1868 impotentibus
1161 1822 1206 1855 et
1233 1818 1402 1855 furiosis
1430 1820 1631 1856 conuiciis
1659 1822 1828 1869 porten-

247 1873 436 1921 tosisque
458 1873 688 1910 mendaciis
709 1877 753 1911 et
774 1873 1102 1911 seditiosissimis
1124 1872 1501 1911 vociferationibus
1522 1874 1578 1911 sit
1598 1873 1803 1911 refertum
1821 1888 1829 1919 ;

247 1939 335 1976 age,
367 1928 425 1964 mi
460 1927 648 1973 Erasme,
681 1927 813 1966 talem
843 1928 1070 1973 hominem,
1102 1928 1187 1965 imo
1218 1932 1380 1977 pestem
1411 1929 1656 1973 maximam,
1687 1941 1831 1966 amare

248 1994 469 2031 nunquam
519 1982 710 2021 desiisti?
772 1982 895 2020 Dices
927 1981 1156 2020 Christiani
1201 1982 1383 2020 hominis
1427 1996 1528 2028 esse,
1574 1996 1717 2021 amare
1757 1984 1831 2033 qui

187 2050 227 2080 25
247 2036 431 2074 oderunt
465 2050 554 2075 nos.
615 2037 665 2075 Id
701 2041 815 2075 certe
850 2038 923 2074 vix
953 2037 1057 2075 mihi
1086 2050 1259 2087 possum
1290 2038 1558 2087 persuadere,
1590 2043 1639 2076 vt
1669 2039 1831 2087 cogaris

247 2104 390 2129 amare
411 2091 542 2130 talem
564 2092 703 2141 qualis
725 2097 790 2130 est
811 2092 1038 2130 Lutherus.
1090 2092 1170 2130 Sed
1191 2105 1275 2129 non
1298 2093 1435 2130 odisse
1456 2093 1650 2130 fortassis
1671 2105 1829 2142 equum

248 2146 372 2191 foret,
395 2159 536 2184 amare
558 2147 678 2185 illum
701 2160 787 2185 non
808 2147 928 2185 iubet
945 2151 986 2185 te
1003 2146 1209 2191 Christus,
1233 2160 1364 2196 quum
1381 2148 1587 2197 nequitia,
1610 2148 1830 2186 temeritas

247 2205 291 2238 et
314 2202 511 2250 pertinax
532 2203 575 2239 in
597 2202 710 2240 malo
726 2203 893 2240 animus
910 2202 1022 2239 illius
1038 2201 1204 2240 nullum
1222 2215 1394 2251 prorsus
1411 2215 1597 2240 amorem
1615 2206 1830 2240 mereatur

248 2261 325 2293 aut
347 2256 446 2293 boni
467 2256 646 2294 alicuius
663 2258 742 2294 viri
765 2257 1057 2294 beniuolencia
1079 2257 1231 2306 dignus
1253 2257 1320 2294 sit.
1372 2256 1474 2303 Quis
1492 2257 1603 2294 hunc
1621 2257 1828 2307 diligeret,

188 2324 229 2354 30
249 2312 322 2360 qui
353 2315 408 2356 te,
437 2311 554 2348 nullo
583 2325 773 2361 vnquam
801 2312 939 2350 laesus
966 2311 1031 2349 vel
1061 2312 1235 2348 minimo
1260 2312 1403 2357 verbo,
1433 2313 1567 2349 tantis
1595 2312 1829 2362 proscindit

249 2367 462 2411 conuiciis,
485 2370 553 2404 tot
574 2367 843 2404 contumeliis
864 2367 1007 2411 afficit,
1031 2370 1098 2404 tot
1119 2366 1227 2404 falsa
1249 2367 1437 2404 obiectat
1459 2367 1662 2404 crimina?
1712 2366 1828 2404 Nihil

249 2425 314 2458 est
335 2420 451 2470 quod
472 2422 515 2458 in
539 2427 755 2471 posterum
774 2421 824 2459 de
842 2421 1064 2459 debilitate
1082 2421 1291 2459 stomachi
1309 2422 1373 2459 tui
1389 2422 1678 2471 conqueraris;
1705 2422 1829 2458 nimis

249 2475 394 2513 valido
414 2488 457 2513 es
479 2476 712 2521 stomacho,
736 2477 809 2525 qui
838 2480 928 2514 tam
958 2477 1137 2526 insignes
1165 2476 1446 2514 contumelias
1474 2480 1626 2526 totque
1655 2477 1829 2514 iniurias

249 2534 340 2568 tam
361 2530 485 2568 facile
506 2534 629 2580 potes
651 2531 850 2581 digerere.
903 2531 992 2581 Ego
1014 2535 1104 2569 tam
1126 2530 1392 2569 Christianus
1413 2543 1498 2569 non
1524 2544 1630 2577 sum,
1654 2543 1828 2581 superas

188 2598 228 2628 35
249 2598 315 2623 me
337 2585 459 2635 longe
481 2589 558 2623 tua
579 2586 656 2623 hac
678 2587 905 2635 paciencia.

303 2639 529 2678 Caeterum
561 2640 676 2690 quod
704 2642 814 2690 petis
845 2640 1090 2690 intelligere,
1123 2653 1207 2690 quo
1238 2641 1279 2678 in
1308 2644 1426 2678 statu
1455 2641 1539 2678 sint
1567 2653 1630 2678 res
1657 2645 1828 2679 nostrae

250 2694 328 2740 hic,
361 2696 468 2732 scias
500 2708 577 2733 nos
611 2697 744 2745 magis
780 2695 845 2733 hic
882 2696 1024 2733 herere
1060 2709 1189 2744 quam
1222 2708 1404 2741 manere,
1440 2708 1515 2733 nec
1550 2695 1654 2733 mihi
1687 2695 1827 2733 adhuc

249 2754 421 2787 constat
442 2763 571 2800 quam
593 2750 668 2788 diu
692 2751 880 2788 mansuri
909 2751 1052 2795 simus,
1075 2763 1207 2800 quum
1236 2750 1279 2787 id
1305 2751 1346 2787 in
1368 2750 1593 2788 voluntate
1621 2751 1826 2788 constitu-

250 2808 343 2842 tum
379 2806 436 2842 sit
471 2805 692 2843 hominum
732 2805 1149 2843 seditiosissimorum
1186 2809 1229 2843 et
1264 2805 1530 2843 inimicorum
1569 2808 1825 2843 nostrorum.

296 2957 323 2981 7.
349 2948 510 2987 litterae]
530 2949 634 2980 None
651 2949 688 2980 of
705 2949 808 2980 thern
825 2952 969 2980 extant.
1076 2951 1172 2989 2716.
1194 2958 1292 2989 17911.

294 2993 324 3024 8.
351 2991 548 3034 Georgium
596 2993 776 3032 Hermam]
823 2993 889 3024 See
934 2993 1003 3033 Ep.
