1966 3379
127 143 248 193 2695]
419 142 490 181 TO
520 142 672 181 JOHN
704 142 935 182 GEORGE
967 143 1409 183 PAUNGARTNER
1646 149 1697 184 75

126 248 437 298 Paungartneri
463 248 636 297 prolem.
697 248 956 298 Iampridem
979 250 1091 286 enim
1117 249 1219 286 mihi
1249 263 1343 287 011111
1373 262 1422 287 eo
1445 251 1535 288 viro
1565 251 1696 288 ictum

125 307 190 340 est
210 303 424 340 amicitiae
446 302 607 348 foedus,
630 315 759 352 quam
781 316 858 352 ego
879 316 980 341 sane
1009 317 1096 341 rem
1124 305 1236 341 inter
1264 306 1514 354 praecipuas
1542 305 1697 347 foelici-
1719 321 1758 351 75

127 361 242 395 tates
277 370 392 395 meas
428 370 617 395 numero.
678 357 789 403 Quid
819 359 932 395 enim
964 358 1036 396 illo
1068 358 1303 403 candidius,
1335 365 1411 396 aut
1442 359 1697 397 amabilius?

127 412 178 449 In
209 412 334 449 huius
364 411 544 449 foederis
575 413 836 450 consortium
868 418 1001 450 temet
1032 417 1108 450 tuo
1137 414 1225 450 iure
1252 415 1410 458 inseris,
1443 415 1500 451 mi
1533 413 1697 463 Georgi.

127 467 178 504 In
201 467 279 504 hoc
300 467 412 504 enim
438 468 750 516 possessionum
776 480 920 516 genus
943 472 986 505 et
1015 468 1120 517 phas
1145 473 1209 505 est
1237 472 1280 505 et
1301 481 1485 517 aequum
1514 474 1578 506 est
1599 470 1700 506 viuo

126 523 363 560 etiamnum
380 523 495 572 patri
516 522 741 559 haeredem
763 523 957 560 existere.
1015 523 1071 560 Vt
1085 523 1162 560 tali
1184 528 1360 572 parente
1378 523 1517 561 multo
1535 524 1701 561 beatior

129 590 185 622 es,
217 589 346 626 quam
376 578 566 626 paternis
595 577 770 626 opibus:
804 578 865 614 ita
894 578 986 615 istis
1014 579 1190 627 egregiis
1218 579 1349 615 animi
1378 578 1565 623 dotibus,
1595 591 1700 627 quas
1720 586 1761 615 80

128 631 207 669 tibi
228 632 387 681 partim
418 632 573 681 largita
598 636 662 669 est
688 633 865 682 propicii
892 633 1077 670 numinis
1107 632 1361 682 benignitas
1391 634 1550 683 partim
1579 633 1699 671 indu-

127 687 232 724 stria
263 690 338 724 tua
368 687 448 724 tibi
478 687 604 737 paris,
638 686 759 736 longe
790 688 932 724 verius
963 701 1010 725 ac
1047 687 1312 737 splendidius
1346 688 1535 738 locuples
1571 687 1701 725 fueris

128 754 255 791 quam
279 742 488 779 maiorum
511 746 685 779 tuorum
708 741 947 791 quamlibet
968 742 1121 792 amplis
1144 742 1439 780 facultatibus

182 796 337 846 Accipe
359 797 488 846 igitur
516 796 862 842 Demosthenem,
885 798 958 846 qui
981 811 1093 835 nunc
1123 797 1266 848 prodit
1294 811 1369 836 eeu

421 852 571 901 positis
599 865 736 889 nouus
757 853 924 890 exuuiis
945 853 1192 902 nitidusque
1220 853 1408 897 iuuenta,
1722 859 1762 897 85

128 906 254 944 simul
284 911 328 944 et
362 911 540 944 mutuae
575 919 693 944 meae
726 907 768 944 in
806 911 848 945 te
881 908 1055 957 pietatis
1087 908 1353 957 μνημόσυνον,
1384 912 1428 945 et
1460 907 1702 945 studiorum

128 965 302 999 tuorum
320 962 651 999 incitamentum
672 961 856 1000 futurus.
903 962 1091 1000 Multum
1113 963 1318 1001 debemus
1340 963 1462 1008 Aldo,
1485 964 1558 1012 qui
1579 963 1702 1000 nobis

129 1017 292 1066 primus
321 1020 541 1054 oratorum
570 1017 805 1066 principem
827 1017 971 1059 dedit:
1005 1017 1101 1067 plus
1133 1018 1337 1056 debemus
1368 1017 1599 1067 Heruagio,
1631 1019 1703 1066 qui

127 1084 212 1109 non
241 1084 392 1122 parum
417 1071 586 1109 addidit
612 1071 684 1117 illi,
712 1077 804 1109 tum
835 1072 1072 1121 dignitatis,
1096 1077 1189 1110 tum
1219 1074 1348 1110 etiam
1371 1073 1703 1117 commoditatis,

129 1126 244 1164 haud
277 1126 562 1164 mediocribus
601 1127 828 1176 impendiis
864 1128 1041 1177 parique
1078 1128 1315 1177 vigilantia,
1346 1132 1395 1165 vt
1430 1129 1513 1165 iam
1551 1128 1704 1165 merito
1723 1142 1765 1170 90

128 1182 294 1231 possint
309 1194 456 1220 omnes
470 1182 773 1219 admirabundi
790 1182 940 1227 dicere,
959 1181 1088 1223 Οὗτός
1105 1182 1212 1220 ἐστιν
1225 1182 1246 1220 0‘
1264 1183 1414 1224 ἐκεῖνος
1431 1182 1702 1232 Δημοσθένης.

129 1236 315 1274 Posthac
348 1237 478 1286 igitur
508 1237 830 1287 expectabimus
861 1237 938 1275 abs
970 1242 1013 1275 te
1044 1238 1248 1288 epistolas
1279 1238 1625 1276 semi-Tullianas
1657 1251 1704 1275 ac

128 1292 620 1337 semi-Demosthenicas.
673 1291 788 1330 Vale.

183 1347 346 1384 Datum
397 1347 592 1397 Friburgi
643 1347 855 1397 Brisgoae‚
906 1348 1115 1398 postridie
1164 1348 1253 1387 Cal.
1306 1349 1503 1399 Augusti.
1580 1348 1706 1386 Anno

126 1413 366 1440 M.D.xxxn.
1726 1408 1767 1438 95

459 1507 649 1559 26962697
713 1503 780 1544 To
813 1504 1061 1545 BONIFACE
1094 1505 1382 1546 AMERBACH.

178 1578 299 1612 Basle
317 1577 402 1612 Ms.
424 1578 512 1612 AN.
535 1578 613 1611 III.
640 1588 695 1620 15.
718 1587 776 1621 77.
1339 1579 1591 1623 (Freiburg.)

176 1627 221 1668 Q.
244 1638 302 1661 20.
1213 1629 1395 1673 <August
1414 1629 1502 1662 init.
1529 1633 1657 1671 1532.)

173 1695 245 1733 [An
271 1695 425 1735 original
450 1695 572 1731 letter,
598 1696 809 1736 autograph
833 1696 1075 1737 throughout.
1126 1696 1214 1726 This
1234 1696 1344 1727 letter
1365 1706 1483 1727 seems
1505 1700 1544 1727 to
1566 1705 1708 1727 answer

128 1749 150 1770 a
174 1739 296 1776 letter,
324 1744 390 1770 not
414 1743 560 1775 extant,
586 1740 735 1770 written
763 1741 812 1780 by
836 1740 1013 1771 Boniface
1039 1741 1134 1771 from
1160 1741 1385 1780 Neuenburg
1408 1740 1469 1778 (cf.
1496 1741 1565 1780 Ep.
1595 1741 1706 1779 2697),

127 1784 364 1823 announcing
381 1783 437 1814 his
455 1794 628 1824 recovery
640 1784 734 1814 from
753 1784 887 1817 illness.
902 1795 949 1815 no
966 1785 1086 1815 doubt
1105 1785 1168 1815 the
1183 1784 1306 1815 iilness
1324 1785 1536 1815 mentioned
1555 1785 1591 1814 in
1610 1784 1706 1824 Epp.

128 1828 226 1866 2678,
253 1828 350 1864 2688,
385 1830 480 1868 2694.
529 1828 606 1858 The
635 1828 770 1865 11111033,
802 1829 965 1868 brought
997 1839 1044 1859 011
1078 1829 1127 1869 by
1159 1829 1250 1868 grief
1278 1829 1334 1859 for
1363 1829 1427 1859 the
1452 1829 1565 1858 death
1590 1828 1627 1858 of
1653 1828 1708 1858 his

128 1872 323 1912 daughter,
341 1882 415 1902 was
433 1873 582 1902 serious.
633 1872 688 1902 On
711 1882 748 1911 13
775 1874 867 1912 Aug.
890 1882 971 1911 1532
996 1873 1172 1903 Boniface
1189 1877 1304 1903 wrote
1326 1877 1364 1903 to
1384 1873 1523 1903 Boner:
1553 1873 1707 1911 ‘Aegro-

128 1917 207 1946 taui
232 1916 442 1956 capitaliter
466 1921 503 1947 et
528 1916 591 1946 vix
616 1916 769 1946 tandem
796 1917 1022 1953 reualeseo';
1049 1916 1122 1947 and
1148 1917 1277 1947 letters
1299 1922 1336 1947 to
1361 1917 1499 1947 Beatus
1521 1918 1578 1953 (16
1599 1917 1708 1955 Aug.)

129 1960 202 1990 and
219 1960 367 1990 Jerome
388 1960 499 2000 Lopis
522 1962 577 1999 (23
602 1961 711 2000 Aug.)
733 1960 796 1991 tell
819 1961 883 1991 the
908 1971 1008 1991 same
1034 1961 1107 1992 tale
1133 1961 1255 1997 (Basle
1281 1961 1353 1991 MS.
1380 1960 1416 1991 C.
1444 1960 1524 1990 Via.
1552 1969 1603 1999 73.
1635 1969 1707 1999 104,

132 2013 165 2034 11
187 2006 241 2035 νο.
271 2006 336 2043 17).
385 2005 415 2034 A
433 2005 520 2035 date
544 2004 644 2044 early
669 2005 705 2035 in
729 2005 875 2044 August
903 2014 982 2044 1532
1002 2015 1119 2035 seems
1142 2005 1293 2035 certain.
1344 2004 1551 2035 Bonifaee's
1568 2014 1710 2034 answer

128 2058 202 2078 was
220 2049 367 2079 written
387 2048 511 2079 before
531 2057 569 2087 23
590 2049 681 2088 Aug.
702 2050 775 2084 (see
794 2049 862 2089 Ep.
885 2052 968 2088 2097
987 2049 1168 2086 introd.).]

184 2107 222 2146 S.
244 2107 466 2146 Reuixisse
485 2113 527 2146 te
549 2121 801 2158 magnopere
823 2108 999 2158 gaudeo.
1062 2107 1104 2145 Si
1126 2108 1228 2158 quid
1247 2121 1365 2146 meus
1384 2108 1566 2145 Iacobus
1583 2107 1708 2145 isthic

129 2163 319 2201 effutiuit
347 2163 612 2201 temulentus
634 2168 711 2201 aut
733 2164 976 2213 designauit
998 2164 1113 2213 quod
1130 2177 1196 2201 1110
1220 2163 1379 2201 referat
1405 2164 1524 2207 scire,
1548 2164 1708 2213 poteris

130 2231 203 2268 per
234 2218 346 2256 hunc
378 2222 477 2256 tuto
508 2219 702 2256 seribere.
765 2219 844 2256 Est
872 2219 985 2257 enim
1015 2219 1118 2256 mihi
1149 2223 1345 2269 spectata
1378 2219 1560 2256 hominis
1592 2218 1706 2255 fides.

130 2273 244 2311 Bene
268 2273 373 2311 vale.

184 2344 352 2383 Clariss.
377 2345 553 2383 Doctori
577 2345 796 2384 Bonifacio
818 2345 1118 2384 Amerbachio.
1198 2345 1379 2395 Neapoli
1401 2350 1478 2383 aut
1502 2344 1705 2382 Basileae.
1729 2358 1747 2387 5

413 2491 620 2532 26962697.
687 2491 825 2532 FRoM
860 2491 1105 2532 BONIFACE
1140 2491 1426 2531 AMERBACH.

134 2565 253 2599 ssasie
272 2565 354 2599 Ms.
376 2565 417 2599 0.
441 2566 531 2599 via.
554 2575 611 2608 73.
634 2567 667 2599 8.
1383 2564 1510 2597 nasio.

1219 2616 1398 2655 <August
1420 2614 1506 2646 init.
1535 2619 1659 2655 1532>-

176 2682 248 2719 [An
270 2682 477 2722 autograph
499 2682 621 2718 letter,
646 2683 735 2713 with
762 2692 960 2713 numerous
985 2682 1169 2722 marginal
1188 2683 1420 2714 corrections,
1440 2691 1508 2710 oue
1531 2680 1568 2709 of
1591 2679 1707 2709 which

133 2726 181 2763 (11.
205 2727 309 2763 8-011)
329 2727 357 2756 is
375 2727 581 2766 important
607 2737 647 2756 as
668 2727 833 2766 showing
850 2727 935 2757 that
956 2727 1019 2756 tho
1043 2727 1152 2757 letter
1169 2737 1329 2756 answers
1350 2726 1415 2764 lep.
1438 2732 1532 2756 :mun
1582 2724 1613 2753 It
1636 2734 1709 2752 was

133 2770 280 2800 written
301 2770 424 2800 before
442 2771 510 2810 Ep.
532 2772 616 2809 2706
634 2772 690 2808 (20
710 2772 801 2810 Aug.
828 2772 924 2809 1532)
945 2771 1042 2800 since
1064 2771 1127 2800 the
1145 2769 1374 2808 rough-drnft
1398 2768 1435 2798 of
1454 2769 1530 2798 111111
1555 2768 1663 2798 letter
1682 2768 1709 2796 is

133 2814 319 2849 scrawled,
338 2814 608 2854 upside-down,
628 2815 664 2845 in
684 2815 746 2845 the
765 2816 926 2854 margins
944 2814 982 2844 of
1000 2815 1084 2844 this.
1134 2815 1250 2844 There
1270 2814 1297 2843 is
1317 2824 1362 2843 no
1381 2812 1560 2848 addi-ess}

178 2918 274 2949 2695.
317 2920 369 2957 85.
412 2919 542 2958 positis
583 2943 590 2949 .
626 2943 633 2949 .
670 2944 675 2949 .
717 2919 884 2957 iuuenta]
956 2919 1223 2949 Demosthenes
1270 2916 1390 2947 issued
1440 2916 1531 2945 from
1581 2914 1707 2944 Aldus‘

134 2961 290 3002 Verg.A.
304 2972 334 2992 2.
350 2971 423 3002 473.
956 2973 1058 3002 presa·
1077 2963 1111 2991 111
1136 2972 1227 3001 1504.

178 3007 231 3046 87.
273 3007 380 3044 Aldo]
409 3007 486 3037 Tho
513 3007 620 3038 editio
651 3008 819 3047 princeps
850 3008 887 3037 os
1002 3007 1097 3036 2606.
1122 3015 1148 3036 1.
1168 3005 1415 3042 lacobusJSee
1431 3004 1497 3043 l-Jp.
1515 3011 1607 3041 :t15.‘.
1629 3004 1684 3031 Su.
