1966 3379
107 97 227 146 2820]
503 95 663 134 FROM
693 95 860 133 MARY
890 94 961 133 OF
990 93 1280 133 HUNGARY
1588 94 1665 130 247

105 206 154 240 vt
175 202 229 240 ad
252 201 360 239 hanc
389 204 509 239 tuam
534 201 718 250 patriam
746 203 790 237 et
816 199 869 237 ad
899 211 974 236 nos
1002 199 1285 243 reuertereris⁷
1308 202 1356 235 vt
1383 199 1468 235 tuis
1496 198 1664 248 propin-

105 257 323 306 quioribus
344 257 408 293 vti
428 268 646 306 possemus
668 258 711 292 et
732 254 862 292 animi
884 254 1119 291 virtutibus
1139 257 1183 290 et
1204 253 1428 302 obsequiis.

160 311 297 357 Quare
331 311 555 348 hortamur
587 314 631 347 et
665 322 862 358 rogamus
896 312 938 346 te
970 308 1074 345 velis
1106 308 1160 345 ad
1194 320 1270 345 nos
1303 308 1456 344 venire.
1517 307 1668 345 Pensio

105 379 259 410 annua,
282 378 390 414 quae
410 378 435 402 a
456 366 681 402 maiestate
702 364 909 401 Caesarea
929 363 1101 401 domino
1121 366 1165 400 et
1192 362 1326 399 fratre
1354 366 1500 399 nostro
1522 375 1665 399 aman-

104 421 269 458 tissimo
299 420 377 457 tibi
408 421 491 457 iam
521 419 619 457 olim
649 419 871 468 designata
898 418 993 462 fuit,
1022 418 1063 454 in
1092 417 1279 465 singulos
1309 429 1442 453 annos
1473 418 1515 453 in
1543 429 1667 454 vsum

104 479 227 513 tuum
250 474 314 512 hic
337 476 496 524 integre
518 474 721 511 soluetur.
782 472 904 519 Quod
926 477 974 510 vt
995 473 1083 509 sine
1104 471 1273 509 defectu
1296 483 1461 520 semper
1482 471 1569 516 fiat,
1592 484 1668 509 nos

105 543 192 567 rem
223 530 358 579 ipsam
390 542 519 566 manu
550 529 790 566 tenebimus
820 531 863 565 et
894 527 1150 564 curabimus.
1210 526 1261 563 In
1294 525 1386 563 aliis
1418 526 1549 563 eciam
1583 527 1668 563 tuis

104 584 431 622 necessitatibus
466 583 545 621 tibi
581 583 811 620 clementer
845 582 1160 625 subueniemus,
1194 593 1246 618 ne
1282 580 1361 617 tibi
1400 580 1562 628 aliquid
1603 580 1668 617 hic

104 639 246 676 deesse
280 638 490 676 videatur.
550 637 818 675 Defensionis
848 649 1016 685 quoque
1046 648 1251 685 personae
1282 639 1382 672 tuae
1419 634 1668 672 habebimus

104 694 402 743 patrocinium,
424 697 468 730 et
488 705 582 730 eam
605 705 750 729 curam
772 704 856 729 non
885 691 1118 740 vulgarem,
1142 694 1191 727 vt
1218 690 1448 740 experiaris
1474 694 1668 727 nostrum

104 748 294 785 fauorem
317 761 365 785 ac
389 747 733 785 beneuolenciam
756 747 841 784 tuis
863 746 1024 783 meritis
1045 749 1089 782 et
1105 745 1340 782 virtutibus
1358 756 1666 793 responsuram.

106 803 322 852 Rogamus
344 803 473 851 igitur
494 806 549 846 te,
574 805 807 839 reuertere:
841 804 884 838 et
912 813 996 837 non
1026 799 1181 837 tardes
1242 799 1358 836 Tuus
1388 799 1563 843 reditus,
1586 811 1670 847 quo

104 857 288 903 celerior,
311 869 359 895 eo
380 858 543 906 gracior
565 857 685 894 nobis
707 857 800 901 erit,
822 855 1024 893 Cesareae
1046 867 1213 904 quoque
1232 854 1437 904 imprimis
1455 854 1671 891 maiestati

104 925 189 950 non
212 913 402 962 ingratus
423 911 606 949 futurus.

158 967 384 1005 Bruxellae
407 967 654 1005 Tredecima
675 966 789 1003 Iunii
809 964 935 1003 Anno
960 973 1074 1013 1533.

473 1157 601 1194 2821.
668 1154 806 1194 FROM
829 1153 1065 1194 BERNARD
1089 1164 1146 1193 or
1170 1152 1302 1194 CLEs.

151 1245 278 1278 Trent
295 1244 377 1278 MS.
1383 1242 1553 1276 Vienna.

1326 1303 1367 1336 14
1387 1292 1495 1326 June
1517 1302 1622 1335 1533.

147 1362 221 1399 [An
241 1361 450 1401 autograph
476 1361 732 1401 rough-draft;
758 1361 815 1391 for
836 1361 900 1391 the
921 1369 981 1390 ΜΞ.
1008 1370 1066 1390 see
1091 1360 1160 1400 Ep.
1180 1368 1263 1398 2515
1284 1359 1419 1390 introd.
1467 1359 1544 1390 The
1565 1359 1674 1389 letter

103 1406 224 1436 would
251 1416 391 1445 appear
418 1409 456 1436 to
484 1416 625 1436 answer
651 1415 720 1436 one
752 1405 845 1435 from
872 1405 1048 1435 Erasmus
1077 1405 1260 1443 thanking
1285 1404 1364 1434 Cles
1394 1404 1450 1434 for
1476 1404 1545 1444 Ep.
1576 1404 1672 1439 2801,

102 1449 455 1531 ἱνίξιγξέἓιῗῗῃουηοθᾰ
478 1448 720 1480 Ferdinand's
740 1449 809 1489 gift
831 1448 904 1479 and
926 1449 989 1479 the
1009 1448 1178 1479 addition
1199 1452 1238 1479 to
1259 1448 1322 1479 the
1340 1448 1409 1488 gift
1427 1451 1509 1478 sent
1528 1448 1577 1488 by
1594 1447 1674 1478 Cles

788 1563 975 1590 ERASMO.

157 1624 259 1662 NON
288 1624 478 1662 modicae
498 1624 620 1661 nobis
649 1624 866 1673 voluptati
893 1623 976 1661 fuit
1005 1623 1171 1661 litteras
1200 1623 1354 1672 Regias
1381 1627 1425 1660 et
1452 1623 1673 1673 presertim

103 1684 271 1717 nostras
292 1679 347 1717 ad
368 1692 443 1717 vos
465 1692 561 1716 cum
583 1679 728 1716 amieis
748 1682 998 1716 coenantem
1024 1682 1121 1716 tuto
1151 1678 1305 1716 allatas
1333 1678 1474 1716 fuisse.
1518 1677 1673 1715 Verum

104 1734 218 1783 quod
239 1734 500 1783 subsequens
521 1747 605 1771 nox
628 1746 703 1771 vos
719 1738 762 1771 et
779 1733 987 1771 stomachi
1006 1733 1148 1771 dolore
1165 1738 1208 1771 et
1226 1733 1442 1771 insomniis
1459 1733 1674 1782 perpet-uis

103 1789 312 1834 afflixerit,
344 1802 428 1826 non
458 1788 638 1826 libenter
668 1788 968 1826 intelleximus.
1029 1788 1162 1826 Nobis
1193 1792 1337 1825 tamen
1369 1787 1674 1837 persuademus

104 1857 179 1881 vos
206 1844 260 1881 ab
289 1843 361 1881 illa
389 1843 584 1881 molestia
616 1843 861 1881 absolutum
889 1845 1024 1881 vitam
1056 1843 1284 1880 iucundam
1316 1843 1507 1880 trahere:
1545 1855 1673 1892 quam

104 1912 129 1937 a
164 1899 252 1936 Deo
284 1899 471 1936 maximo
501 1898 661 1936 diutius
693 1898 813 1936 vobis
843 1911 1086 1936 concessum
1118 1899 1167 1935 iri
1196 1899 1412 1947 cupimus:
1446 1901 1494 1935 vt
1524 1901 1567 1934 et
1599 1910 1674 1934 vos

104 1953 218 2003 quod
253 1953 453 2001 (in=hac>
486 1954 722 2003 principum
756 1966 803 1990 ac
838 1953 1106 1991 dominorum
1139 1957 1383 1990 nostrorum
1418 1956 1674 2002 tempestate

104 2009 213 2046 eirca
243 2008 440 2046 ecclesiae
470 2007 812 2057 tranquilitatem
849 2009 1033 2045 maxime
1068 2009 1236 2058 cupitis,
1268 2020 1344 2057 pro
1379 2020 1501 2057 posse
1532 2011 1675 2044 vestro

104 2062 308 2101 adiuuare
343 2063 534 2100 valeatis.
596 2063 661 2100 Ad
702 2063 816 2112 quod
855 2076 943 2109 nos,
977 2063 1075 2101 licet
1112 2063 1215 2100 satis
1249 2075 1484 2108 accensum,
1522 2062 1676 2100 litteris

104 2119 260 2156 nostris
282 2118 443 2155 hortari
464 2130 548 2155 non
571 2118 835 2155 desistemus.

160 2173 344 2211 Viennae
365 2173 431 2210 die
455 2184 503 2222 14
526 2172 649 2211 Iunii.
676 2182 791 2221 1533.

504 2362 632 2399 2822.
698 2359 836 2399 FRoM
859 2359 1028 2399 PHILIP
1053 2370 1110 2399 or
1134 2359 1277 2400 CROY.

154 2449 379 2493 Esterhazy
398 2449 479 2483 MS.
502 2459 585 2492 350.
1384 2449 1576 2483 Brussels.

155 2498 237 2532 OE.
260 2507 343 2541 379.
1330 2501 1373 2532 16
1391 2499 1498 2532 June
1523 2509 1625 2541 1533.

150 2565 285 2605 [Philip
305 2575 331 2595 11
357 2566 393 2595 of
418 2565 511 2606 Croy
537 2565 679 2605 (†April
708 2566 804 2605 1549)
830 2566 1028 2596 succeeded
1053 2566 1108 2596 his
1134 2566 1267 2601 father,
1295 2566 1423 2605 Henry
1448 2566 1485 2596 of
1509 2566 1614 2605 Croy.
1637 2575 1677 2595 as

105 2613 218 2640 count
241 2609 279 2639 of
300 2609 450 2639 Pom-ion
477 2610 511 2639 in
538 2619 630 2649 1514,
649 2610 722 2639 und
749 2610 804 2640 his
828 2610 933 2640 uncle
958 2610 1116 2640 Willimn
1142 2610 1179 2640 of
1203 2610 1308 2649 Croy.
1334 2610 1409 2640 10111
1436 2609 1473 2639 of
1494 2609 1675 2643 Cluen-os,

105 2664 145 2683 as
171 2653 333 2693 Marquis
362 2653 589 2684 D'Aerschot
616 2654 651 2683 in
682 2663 774 2692 1521.
823 2653 899 2683 The
928 2653 1153 2694 Marquisate
1181 2664 1255 2683 was
1284 2654 1376 2684 later
1404 2653 1518 2683 raised
1547 2657 1585 2683 to
1615 2653 1677 2683 the

107 2697 252 2737 dignity
269 2697 306 2727 of
323 2708 344 2727 a
361 2697 492 2737 Duchy
508 2698 555 2737 by
573 2697 721 2728 Charles
736 2706 769 2731 V,
786 2698 904 2727 whom
924 2697 1044 2737 Philip
1062 2698 1321 2737 aecoinpunierl
1342 2702 1380 2727 10
1399 2698 1508 2736 Spain
1530 2698 1563 2726 in
1582 2706 1674 2734 1522.

107 2742 136 2772 A
157 2741 301 2780 Knight
318 2741 355 2771 of
379 2742 440 2771 the
463 2741 604 2772 Golden
627 2741 751 2771 Floece
775 2743 902 2779 (1516),
925 2742 969 2771 lie
991 2742 1139 2772 became
1159 2741 1401 2781 successim-ly
1421 2740 1676 2770 Chmnlwrlain

282 2801 378 2831 2820.
408 2811 457 2832 10.
484 2801 565 2832 OE:
592 2802 784 2832 reuerteris
800 2802 882 2832 MS.
1019 2802 1115 2832 2821.
1141 2807 1172 2832 0.
1199 2812 1407 2831 concessum
1427 2800 1507 2831 MS.

151 2911 248 2940 2821.
278 2920 304 2941 1.
332 2910 475 2941 litteras
508 2911 655 2951 Regias]
690 2911 855 2942 Presum-
926 2912 1147 2943 instruction
1166 2911 1202 2942 of
1222 2911 1441 2941 Ferdinnnd.

107 2954 194 2994 ably
219 2954 288 2995 Ep.
316 2956 412 2989 2808,
438 2959 521 2985 sent
549 2965 594 2985 on
621 2956 684 2986 the
709 2956 856 2986 written

1689 216 1728 237 10

1691 488 1728 518 15

1690 761 1730 782 20

1695 1859 1712 1889 5

1699 2135 1737 2156 10
