1966 3379
88 108 209 156 2817]
478 106 636 145 FROM
666 106 915 145 LEVINUs
945 105 1249 145 AMMoNius
1565 108 1640 145 241

86 215 263 260 tumque
280 210 465 260 corporis
481 210 793 260 pertinentibus
809 210 978 248 abunde
995 210 1237 247 consultum
1252 215 1330 255 est,
1346 210 1387 247 id
1401 211 1514 260 quod
1528 212 1641 260 equi-

86 265 182 302 dem
203 277 479 315 permagnum
501 266 710 310 existimo,
728 266 818 314 ipsa
839 264 1026 302 solitudo
1043 265 1109 301 vel
1131 264 1247 301 aliud
1268 270 1463 314 agentem
1487 266 1643 303 inuitat

86 319 140 356 ad
153 319 284 356 animi
297 319 668 368 tranquillitatem,
683 320 785 357 dum
799 332 874 356 nec
887 323 1085 368 aspectus
1099 331 1239 356 rerum
1254 319 1535 368 corporalium
1551 320 1640 369 pul-

86 373 399 411 chritudinibus
422 386 497 410 nec
519 374 693 411 auditus
714 373 1003 411 suauitatibus
1024 386 1223 411 sonorum
1248 373 1314 410 vel
1339 373 1554 411 illectatur
1576 374 1641 411 vel
1663 393 1723 425 245

85 427 320 465 detinetur:
348 440 425 465 nec
445 440 591 465 sensus
612 428 682 466 alii
702 429 787 465 suis
808 429 964 477 quique
985 428 1281 465 demulcentur
1302 427 1640 466 oblectamentis.

86 482 322 527 Praeterea,
344 495 463 520 mens
484 483 576 532 ipsa
596 483 735 520 multo
754 483 890 520 acrior
910 487 986 527 est,
1009 482 1136 520 nullis
1157 486 1431 519 externorum
1452 484 1641 531 negocio-

85 549 179 574 rum
201 536 446 574 retinaculis
467 537 684 586 impedita,
703 537 757 574 ad
774 538 929 586 ingenii
950 537 1128 583 cultum,
1145 537 1199 574 ad
1216 538 1365 574 noxias
1386 537 1642 586 cupiditates

85 591 387 641 reprimendas,
415 591 595 640 denique
626 592 680 629 ad
711 591 900 629 studium
931 592 1104 641 pietatis
1135 591 1488 629 conseruandum.
1551 591 1642 629 Hoc

84 650 196 683 certe
218 659 284 683 me
305 645 451 683 docuit
471 646 670 692 solitudo,
694 646 798 683 nihil
826 659 914 683 esse
943 650 1032 683 tam
1060 646 1318 689 abstrusum,
1342 645 1529 694 nihilque
1552 650 1641 683 tam
1662 665 1724 694 250

83 700 249 737 difficile
267 701 307 737 in
326 700 523 737 omnibus
539 700 660 738 bonis
676 701 842 738 artibus
858 705 902 738 et
918 700 1164 750 disciplinis,
1181 701 1284 750 quin
1305 700 1427 738 facile
1444 713 1640 749 assequa-

83 758 155 792 tur
179 755 404 804 ingenium,
434 767 519 792 non
547 756 719 792 omnino
743 755 913 804 quidem
938 755 1043 792 illud
1064 755 1347 804 deploratum,
1370 755 1497 792 modo
1519 755 1640 792 vehe-

82 813 246 846 menter
266 809 381 846 velit.
443 809 552 855 Quid
574 809 708 847 illud?
766 809 917 847 Nonne
937 810 1010 858 qui
1032 809 1159 846 semel
1186 813 1280 847 toto
1305 813 1474 859 pectore
1499 811 1642 859 posuit

82 876 268 901 amorem
296 865 512 913 pecuniae,
536 864 719 909 honoris,
742 864 893 909 famae,
916 864 1205 913 voluptatum,
1228 865 1640 914 possessionumque,

82 919 169 967 ipse
198 931 331 968 paruo
362 922 599 964 contentus,
621 918 820 956 facillime
848 919 1106 968 temperabit
1133 931 1157 956 a
1184 918 1493 968 cupiditatibus
1520 932 1640 956 mun·
1661 937 1724 966 255

81 973 214 1018 danis,
235 974 268 1010 si
285 973 399 1010 norit
415 973 594 1010 affectus
611 986 706 1010 cum
724 973 878 1022 quibus
895 974 931 1010 ei
949 973 1047 1011 solis
1063 973 1313 1010 luctandum
1335 977 1400 1010 est
1416 973 1640 1018 moderari,

80 1031 123 1064 et
145 1027 222 1064 sub
244 1028 388 1077 iugum
410 1026 567 1064 Christi
588 1027 769 1065 ducere?
818 1027 919 1073 Quis
941 1031 1085 1065 autem
1108 1041 1193 1065 non
1214 1032 1413 1065 teneatur
1434 1029 1476 1064 in
1499 1028 1642 1065 studio

81 1083 267 1132 pietatis,
302 1083 335 1119 si
370 1086 514 1119 tamen
547 1081 661 1127 velit,
694 1082 767 1131 qui
799 1082 990 1131 quotidie
1026 1082 1297 1120 voluntatem
1330 1082 1397 1120 dei
1437 1083 1479 1119 in
1512 1084 1642 1120 sacris

81 1136 370 1174 voluminibus
400 1136 533 1181 audit,
565 1136 678 1186 legit,
710 1136 1028 1186 contemplatur
1062 1137 1192 1174 etiam
1222 1150 1274 1175 ex
1305 1138 1396 1186 ipso
1427 1138 1642 1174 communi

80 1191 282 1228 instituto
314 1191 516 1228 viuendi‘?
574 1191 685 1228 Nam
715 1191 918 1240 quicquid
952 1191 1170 1241 proditum
1206 1195 1271 1229 est
1305 1191 1459 1229 diuinis
1494 1192 1640 1237 literis,
1661 1203 1724 1230 200

80 1247 210 1282 etiam
242 1248 387 1295 (prope
418 1245 613 1293 dixerim)
642 1247 674 1283 si
705 1246 982 1283 nolit—absit
1008 1250 1151 1283 autem
1180 1251 1229 1284 vt
1255 1259 1339 1284 non
1367 1247 1642 1284 vehementer

82 1300 418 1349 velit—singulis
439 1301 560 1337 annis
580 1300 727 1338 audire
743 1300 1014 1351 compellitur
1030 1301 1072 1337 in
1090 1313 1301 1338 consessu.
1357 1300 1479 1346 Quod
1496 1305 1639 1338 autem

82 1354 137 1392 ad
168 1355 356 1392 horarias
384 1368 526 1404 preces
557 1368 719 1404 semper
749 1356 791 1392 111
822 1355 967 1392 orbem
998 1355 1221 1393 redeuntes
1253 1357 1423 1401 attinet,
1456 1368 1532 1393 nos
1562 1356 1640 1394 hoc

81 1409 251 1447 meliore
268 1422 413 1446 sumus
427 1421 554 1458 quam
576 1410 764 1459 plerique
785 1410 856 1447 alii
877 1410 1073 1447 monachi
1090 1410 1344 1455 conditione,
1362 1410 1476 1460 quod
1493 1410 1641 1448 anileis

80 1463 248 1501 fabulas
275 1463 420 1501 audire
448 1464 586 1501 nullas
614 1465 814 1514 cogimur.
874 1465 1049 1502 Praeter
1073 1465 1184 1502 enim
1211 1465 1534 1514 probatissimos
1563 1465 1638 1502 Ec·
1662 1476 1723 1513 265

81 1518 231 1556 clesiae
246 1519 483 1568 scriptores
499 1532 651 1568 eosque
669 1520 851 1557 maxime
865 1523 1042 1565 veteres,
1058 1519 1161 1556 nihil
1179 1519 1310 1557 ferme
1325 1520 1446 1557 nobis
1464 1520 1637 1569 legitur:

80 1573 159 1610 nisi
180 1573 295 1622 quod
316 1574 427 1610 inter
447 1573 744 1623 prandendum
765 1574 1113 1623 coenandumque
1135 1574 1283 1612 diebus
1306 1574 1424 1612 festis
1442 1575 1506 1622 (iis
1528 1576 1640 1612 enim

81 1631 252 1665 tantum
288 1627 436 1665 diebus
471 1629 667 1666 conuiuia
700 1628 972 1674 celebramus,
1004 1630 1182 1666 caeteris
1217 1629 1309 1677 soli)
1342 1629 1542 1666 historiae
1573 1629 1640 1667 vel

80 1686 177 1719 acta
193 1682 389 1719 diuorum
408 1683 642 1720 recitantur
658 1696 682 1720 a
698 1683 855 1721 lectore
871 1697 878 1721 ς
906 1683 947 1720 id
964 1683 1078 1732 quod
1095 1684 1290 1732 equidem
1309 1685 1365 1721 sic
1383 1685 1640 1733 interpretor

80 1749 169 1774 esse
197 1737 489 1774 introductum
513 1741 561 1774 vt
587 1750 756 1775 mensae
785 1738 1020 1775 reddantur
1048 1738 1266 1776 hilariores
1293 1738 1639 1787 quandoquidem
1662 1757 1723 1787 270

80 1804 154 1829 nec
176 1791 596 1829 confabulationibus
616 1805 691 1829 nec
718 1793 1059 1830 inuitatiunculis
1087 1806 1162 1830 nec
1189 1793 1424 1843 philotesiis
1451 1806 1639 1842 vnquam

80 1845 283 1891 taedium,
302 1847 405 1883 sicui
426 1847 595 1884 interim
617 1847 807 1897 obrepat,
825 1847 971 1885 fallere
992 1852 1242 1885 consuetum
1259 1849 1326 1893 sit,
1344 1848 1417 1885 sed
1434 1853 1640 1897 perpetuo

81 1900 248 1938 silentio
269 1901 616 1938 condecorentur.
663 1900 1020 1947 Condecorentur,
1038 1903 1224 1951 inquam,
1248 1907 1295 1940 vt
1312 1903 1354 1939 id
1375 1903 1489 1952 quod
1510 1915 1639 1952 graue

81 1955 336 2004 quibusdam
354 1955 536 2001 videtur,
554 1957 626 2005 qui
644 1956 743 1993 iocis
760 1961 803 1994 et
819 1956 981 1994 lusibus
998 1958 1109 1994 inter
1125 1958 1322 1994 conuiuia
1343 1962 1638 2003 assueuerunt,

80 2022 174 2047 mea
198 2022 298 2047 sane
326 2011 537 2047 sententia
559 2011 821 2049 sanctissime
844 2012 900 2049 sit
921 2012 1170 2049 institutum
1193 2024 1278 2061 quo
1304 2011 1377 2049 fiat
1399 2016 1448 2049 vt
1476 2025 1640 2061 semper
1661 2030 1720 2061 275

80 2065 123 2101 in
145 2064 280 2102 officio
301 2077 418 2102 mens
439 2065 722 2111 contineatur,
739 2079 814 2103 nec
831 2079 999 2103 cursum
1021 2066 1190 2104 deserat
1207 2079 1342 2111 suum,
1360 2067 1489 2104 etiam
1507 2080 1639 2116 quum

78 2120 314 2156 necessaria
343 2119 592 2169 corpusculo
622 2120 964 2169 suppeditantur.
1024 2121 1169 2166 Porro,
1200 2121 1413 2158 delectum
1449 2121 1639 2159 ciborum

78 2173 247 2211 fortiter
275 2174 469 2223 equidem
496 2178 540 2211 et
565 2174 686 2212 facile
713 2175 792 2212 tuli
823 2188 999 2225 semper,
1028 2176 1142 2225 quod
1172 2181 1352 2213 naturae
1380 2176 1640 2225 benignitate

80 2229 429 2266 constitutionem
452 2230 636 2278 corporis
658 2229 712 2266 ad
734 2231 876 2267 omnia
896 2230 1103 2268 eiusmodi
1125 2231 1228 2268 satis
1252 2232 1486 2280 patientem
1514 2235 1558 2268 et
1585 2231 1639 2268 ad

80 2283 294 2331 quoslibet
325 2283 535 2320 humanae
565 2284 882 2321 consuetudinis
915 2285 1029 2322 cibos
1064 2285 1284 2322 commode
1317 2285 1639 2334 concoquendos
1661 2295 1722 2325 280

80 2337 348 2375 stomachum
386 2350 468 2375 non
506 2338 740 2376 inualidum
771 2340 849 2376 sim
881 2344 1044 2377 nactus.
1104 2339 1169 2377 An
1200 2339 1359 2389 aliquid
1393 2341 1504 2377 inter
1539 2340 1639 2377 haec

78 2393 221 2429 omnia
260 2392 432 2429 tandem
471 2406 559 2430 esse
596 2392 765 2430 videtur
799 2394 913 2442 quod
945 2407 1040 2432 cum
1076 2395 1248 2444 pietatis
1280 2394 1422 2432 studio
1456 2399 1640 2443 nequeat

80 2446 326 2484 obseruari?
385 2447 523 2484 Vnum
546 2452 690 2485 autem
719 2448 1010 2486 difficillimum
1041 2454 1083 2486 et
1111 2461 1318 2502 cum=quo
1347 2449 1448 2486 mihi
1477 2462 1640 2498 semper

78 2500 397 2538 colluctandum
419 2502 513 2545 fuit,
537 2502 613 2539 hoc
635 2506 719 2539 est:
746 2502 791 2539 τὸ
812 2502 904 2543 τοὺς
925 2503 1262 2552 πολυπράγμονας
1282 2507 1361 2540 τῶν
1381 2503 1641 2552 συκοφάντων

79 2555 254 2604 εὐφόρως
292 2555 435 2604 φέρειν,
468 2555 609 2596 οἵτινες
646 2555 769 2605 χωρὶς
801 2557 1042 2605 προφάσεως
1076 2557 1234 2597 οὐδενὸς
1273 2557 1427 2595 δέονται
1462 2558 1560 2606 πρὸς
1594 2557 1639 2594 τὸ
1662 2571 1720 2607 2555

77 2609 374 2658 πονηρεύεσθαι.
433 2610 513 2648 Sed
535 2611 636 2660 quid
659 2611 818 2650 facias?
881 2611 933 2649 Τὸ
954 2612 1080 2661 παρὸν
1101 2611 1144 2649 εὖ
1164 2612 1340 2649 τίθεσθαι
1361 2613 1432 2649 δεῖ.

134 2664 198 2701 sic
221 2678 384 2702 mecum
407 2669 604 2715 reputare
626 2666 751 2703 soleo.
803 2666 1062 2716 Quocunque
1085 2681 1149 2704 me
1173 2672 1350 2707 vertam,
1373 2667 1472 2704 (111111
1499 2668 1536 2703 111
1562 2667 1636 2703 hoe

79 2732 251 2768 corpore
273 2732 363 2757 sum
388 2720 570 2765 futurus,
594 2721 702 2758 inter
724 2721 912 2758 homines
940 2722 1148 2770 agendum
1176 2723 1267 2759 erit.
1328 2722 1461 2767 Quam
1493 2727 1634 2757 aulem

80 2773 180 2810 mihi
203 2773 323 2811 dabis
345 2774 559 2811 hominum
583 2776 624 2812 in
642 2779 736 2813 toto
757 2776 916 2813 mundo
938 2777 1206 2814 sodalitatem
1232 2778 1290 2813 ita
1311 2777 1424 2813 vitiis
1442 2776 1637 2812 omnibus

79 2832 364 2877 repurgatam,
389 2830 428 2865 in
450 2842 534 2878 qua
556 2842 638 2867 non
662 2831 746 2867 sint
768 2831 834 2867 vel
867 2830 1171 2868 dissimulanda
1204 2831 1336 2868 multa
1369 2830 1432 2866 vel
1465 2829 1637 2866 ferenda
1659 2851 1722 2879 290

79 2883 114 2918 ei
146 2883 211 2919 cui
245 2896 368 2920 curae
404 2889 468 2920 est
500 2885 629 2921 animi
660 2885 979 2934 tranquillitas?
1038 2887 1230 2935 optarim
1266 2885 1458 2933 equidem
1499 2884 1636 2921 nullos

80 2937 258 2974 existere
277 2937 383 2975 tales
400 2938 470 2987 qui
489 2937 551 2975 διὰ
569 2938 640 2988 τὴν
662 2939 1012 2988 πρωτοκαθεδρίαν
1033 2953 1206 2989 magnas
1225 2941 1362 2976 neseio
1384 2940 1449 2975 eui
1476 2944 1635 2988 tragoe-

121 3022 243 3052 45²·10
850 3016 877 3041 R
