1966 3379
143 123 263 171 2723]
527 119 687 158 FROM
717 117 986 157 AMBROSE
1017 117 1318 156 PELARGUS
1630 118 1705 155 109

141 226 282 263 Iesum
314 226 495 270 nomine,
511 237 636 274 quem
659 225 862 262 Erasmus
884 223 1195 273 perstrinxerit.
1241 222 1373 270 Atqui
1396 234 1479 258 non
1501 222 1641 271 patiar
1663 226 1704 259 te

141 281 253 318 hisce
275 281 397 330 nugis
419 280 521 318 mihi
543 279 731 324 oblinere
753 279 907 316 0011105.
953 277 1084 315 Video
1107 289 1206 314 sane
1223 289 1349 325 quem
1368 280 1501 325 petas.
1549 275 1703 313 Nullus
1723 288 1741 318 5

140 335 224 372 illic
245 340 338 372 erat
363 335 493 380 Iesus,
516 347 647 384 quum
675 334 852 371 obortus
880 336 945 370 est
972 331 1197 369 tumultus.
1258 331 1337 368 Hic
1366 334 1508 367 tecum
1537 334 1703 367 statuas

139 394 321 439 oportet,
344 394 492 427 vtrum
513 389 653 426 Iesum
677 388 796 425 illum
819 390 933 434 (nam
963 388 1066 424 satis
1094 386 1195 423 noui
1222 385 1452 431 hominem)
1479 384 1542 421 his
1569 384 1701 421 adnu-

140 445 292 482 merari
314 444 432 489 velis,
457 444 529 492 qui
550 443 642 481 1000
666 443 806 480 adhuc
833 442 1021 486 haerent,
1046 453 1094 478 ac
1122 440 1235 477 malo
1257 439 1482 484 feriuntur,
1506 452 1561 476 an
1584 438 1702 476 illum

139 499 278 548 ipsum
300 511 402 543 esse,
425 511 551 547 quem
573 498 676 535 dicis
698 510 782 535 vna
802 497 957 546 fugisse
979 508 1075 533 cum
1104 495 1251 532 Mario.
1313 494 1542 530 Enimuero
1570 506 1702 542 quum

138 557 354 602 vtrunque
375 553 531 591 falsum
553 553 620 596 sit,
643 553 747 589 satis
768 555 948 601 apparet
974 554 1016 587 te
1044 550 1189 587 fucum
1219 549 1340 586 nobis
1368 548 1445 585 hac
1473 547 1703 585 artificiosa
1726 560 1764 581 10

138 607 480 646 dissimulatione
501 607 686 645 voluisse
714 606 863 644 faeere.
924 606 1071 654 Neque
1099 605 1212 642 enim
1240 603 1349 641 clam
1372 607 1413 640 te
1435 615 1524 640 esse
1547 606 1702 652 potest,

137 663 347 700 neminem
361 662 492 700 alium
507 662 621 712 apud
636 662 937 699 Dominicanos
951 664 1044 697 tum
1061 660 1359 697 concionatum
1377 658 1519 702 fuisse,
1535 661 1704 709 praeter

138 724 270 754 vnum
288 717 523 766 Pelargum,
539 717 611 766 qui
628 721 721 754 tum
739 716 920 765 scriptis,
937 719 1030 752 tum
1047 714 1175 751 sacris
1192 712 1466 750 concionibus
1484 712 1703 761 negotium

137 771 509 822 Ocolampadianis
535 771 733 808 exhibui:
767 770 808 807 id
833 770 949 819 quod
977 774 1019 807 te
1047 769 1218 806 minime
1247 768 1388 805 latuit.
1449 766 1527 812 Qui
1556 770 1703 803 autem

136 827 342 872 consistit,
366 826 481 876 quod
502 826 605 864 dicis
630 839 696 863 me
725 838 809 862 non
837 825 990 868 notari,
1013 824 1181 861 etiamsi
1208 823 1392 860 maxime
1420 821 1489 858 ille
1516 821 1702 865 fuissem,
1726 832 1762 861 15

136 893 263 930 quem
285 885 362 918 tua
382 885 508 918 taxat
534 880 747 931 epistola?
806 880 857 917 In
887 878 1081 929 Epistola
1107 878 1162 915 ad
1187 877 1420 926 Carporum
1449 876 1701 925 Principem,

137 948 264 986 negas
285 949 381 974 eum
404 936 505 974 dare
522 936 800 980 occasionem,
818 935 937 972 cuius
956 934 1060 971 bene
1078 932 1194 970 dicta
1217 933 1442 982 rapiuntur
1460 931 1502 967 in
1519 931 1700 968 occasio-

136 1003 255 1028 nem:
285 991 400 1040 quod
421 992 483 1028 ita
505 991 660 1028 habere
682 1003 758 1027 nec
781 991 868 1039 ipse
890 988 1049 1026 inficias
1070 1000 1131 1025 eo.
1191 986 1310 1032 Quur
1331 987 1460 1036 igitur
1481 997 1557 1034 ego
1582 998 1701 1035 prae-

136 1046 297 1083 stitisse
322 1045 438 1083 dicar
467 1046 730 1083 occasionem
759 1043 987 1088 tumultuS,
1010 1044 1094 1080 imo
1118 1042 1327 1079 excitasse
1355 1040 1606 1084 tumultum,
1630 1041 1703 1089 qui

136 1100 190 1137 ab
212 1101 348 1138 officio
370 1100 653 1138 Ecelesiastae
676 1112 726 1137 ne
748 1099 885 1137 latum
908 1097 1079 1147 quidem
1102 1097 1283 1146 digitum
1305 1096 1599 1133 discesserim?
1723 1104 1763 1125 20

191 1153 363 1201 Quanto
389 1155 519 1205 igitur
543 1155 700 1192 rectius
722 1154 961 1191 concitatae
983 1152 1202 1190 seditionis
1223 1151 1393 1201 culpam
1423 1150 1633 1187 rejecisses
1660 1150 1701 1186 in

135 1209 413 1255 aduersarios,
442 1210 678 1248 haereticos
706 1210 907 1246 nimirum
939 1212 982 1245 et
1013 1207 1318 1245 schismaticos.
1378 1205 1501 1242 Nunc
1533 1217 1628 1242 cum
1660 1205 1702 1240 in

134 1264 398 1302 orthodoxos
419 1264 589 1314 culpam
611 1265 748 1301 mauis
770 1264 950 1308 reiicere,
975 1262 1071 1299 vide
1096 1274 1198 1299 num
1227 1260 1462 1311 periculum
1488 1260 1544 1297 sit
1571 1263 1620 1296 vt
1648 1259 1701 1296 ab

136 1319 446 1357 haereticorum
479 1324 601 1369 parte
637 1319 781 1368 potius
816 1331 945 1367 quam
981 1317 1321 1355 orthodoxorum
1357 1319 1470 1352 stare
1503 1313 1700 1351 videaris.

135 1373 336 1412 Nihil-me
353 1375 554 1412 subleuat
571 1374 684 1423 quod
702 1375 743 1411 in
761 1373 955 1423 Epistola
971 1376 1120 1409 neuter
1141 1371 1400 1415 nominatur,
1419 1373 1702 1420 posteaquam
1722 1377 1762 1407 25

134 1429 277 1466 nullus
307 1434 372 1467 est
402 1430 661 1467 nostratium
692 1428 956 1478 praesertim,
986 1428 1053 1464 cui
1082 1439 1168 1464 non
1199 1426 1469 1475 perspicuum
1498 1424 1567 1469 sit,
1597 1435 1702 1472 quos

134 1483 218 1521 illic
243 1488 380 1534 petas.
440 1484 611 1522 Veteres
642 1483 857 1533 Epistolas
885 1486 983 1519 tuas
1010 1481 1235 1531 diligenter
1262 1480 1447 1530 quidem,
1474 1483 1524 1516 vt
1551 1479 1584 1515 si
1609 1479 1703 1527 quis

134 1538 242 1576 alius
263 1539 563 1583 studiosorum,
586 1538 666 1588 legi
691 1551 738 1575 ac
768 1537 908 1587 religi:
936 1549 1084 1574 verum
1107 1536 1214 1573 hanc
1237 1547 1448 1584 nusquam
1471 1535 1513 1571 in
1535 1533 1701 1583 Episto-

134 1592 271 1631 larum
289 1594 516 1644 Farragine
538 1594 720 1631 inuenio.
762 1592 884 1630 Certe
902 1596 1071 1641 tempus
1088 1591 1289 1628 datarum
1310 1590 1546 1629 literarum.
1565 1600 1703 1626 annus

134 1648 334 1687 videlicet
375 1650 599 1686 vicesimus
634 1661 772 1686 nonus
817 1659 946 1697 supra
995 1645 1265 1683 millesimum
1311 1643 1702 1694 quingentisimum,
1725 1651 1765 1681 30

134 1703 275 1752 palam
301 1704 443 1754 arguit
472 1704 579 1741 hanc
604 1716 687 1741 non
719 1715 807 1740 esse
839 1703 882 1739 in
910 1701 1141 1746 veteribus,
1164 1713 1271 1749 quas
1290 1700 1502 1739 ,nimirum
1532 1701 1705 1736 constat

134 1757 257 1808 longe
287 1764 416 1797 antea
447 1771 660 1809 procusas,
693 1770 822 1807 quam
854 1757 956 1795 haec
992 1756 1229 1793 aederetur.
1290 1753 1371 1792 Sed
1405 1754 1519 1791 enim
1553 1752 1705 1790 olfacio

134 1814 322 1860 tandem,
345 1826 430 1863 quo
451 1813 627 1855 consilio
648 1812 891 1850 istiusmodi
912 1811 1233 1849 comminiscare
1255 1822 1402 1859 nugas.
1464 1807 1647 1846 Valebis.

482 1968 534 2005 27
543 1967 674 2019 242725
737 1963 804 2004 To
827 1963 1059 2003 AMBROSE
1082 1961 1351 2002 PELARGUS.

183 2042 386 2086 Pelargus‚
407 2041 585 2076 Bellaria
604 2041 649 2074 f0.
671 2040 725 2074 H⁷
746 2046 801 2074 v0.
1308 2037 1557 2080 (Freiburg.)

1207 2093 1259 2128 <c.
1276 2086 1504 2132 Sept-Oet.
1530 2091 1656 2128 1532.)

451 2172 491 2199 D.
516 2171 680 2198 AMBRO.
704 2170 905 2198 PELARGO
930 2169 1130 2197 ERASMVS
1151 2169 1277 2196 ROTE.
1303 2168 1334 2195 S.
1359 2168 1396 2194 P.

190 2238 284 2278 ORo
306 2243 349 2277 te
362 2238 561 2276 Ambrosi
578 2237 763 2275 doctissi.
781 2240 829 2274 vt
847 2237 1043 2274 remittas
1061 2235 1165 2273 mihi
1182 2247 1312 2285 opera
1329 2233 1445 2271 beati
1463 2232 1705 2282 Augustini,

134 2308 244 2344 quae
266 2295 346 2332 tibi
368 2293 640 2331 commodato
669 2291 778 2329 dedi.
837 2291 948 2329 Nam
974 2291 1200 2340 aliquoties
1228 2291 1313 2327 iam
1342 2288 1504 2333 incidit,
1528 2292 1576 2325 vt
1605 2286 1707 2324 mihi

134 2349 217 2387 illis
233 2350 362 2387 fuerit
379 2361 496 2398 opus.
540 2347 678 2385 Multa
695 2347 780 2384 illic
798 2347 958 2391 notaui,
977 2350 1020 2383 et
1039 2345 1104 2383 hic
1119 2358 1256 2382 nouus
1271 2343 1404 2382 Index
1421 2344 1525 2380 mire
1541 2343 1707 2379 ieiunus

135 2408 213 2442 est.
258 2404 328 2442 Nil
346 2417 419 2454 per
435 2403 555 2440 illum
574 2415 747 2452 possum
766 2402 966 2439 inuenire.
1004 2400 1273 2449 Repetissem
1290 2402 1392 2436 ante
1408 2398 1514 2435 duos
1530 2410 1706 2441 111011505,

136 2459 208 2497 sed
238 2458 398 2503 distuli,
427 2458 541 2508 quod
571 2459 806 2507 suspicarer
835 2457 915 2494 tibi
944 2455 1032 2493 fore
1061 2455 1143 2492 illis
1172 2467 1279 2504 opus
1307 2454 1361 2491 ob
1393 2453 1707 2502 disputationes
1729 2469 1746 2499 5

135 2518 244 2552 tuas.
292 2513 455 2559 Quibus
473 2512 652 2551 feliciter
672 2512 865 2562 peractis,
886 2523 1037 2548 reuoco
1056 2510 1110 2547 ad
1128 2522 1251 2547 Vsum
1274 2521 1427 2552 meum,
1448 2520 1533 2545 non
1556 2518 1708 2554 niagno

135 2572 211 2606 tuo
243 2568 523 2606 incommodo.
584 2568 778 2605 Excusus
809 2566 1006 2604 Lutetiae
1036 2565 1302 2614 Augustinus
1334 2564 1510 2600 minimo
1537 2562 1705 2599 emitur.

134 2623 247 2662 Bene
269 2623 375 2661 vale.

179 2747 276 2777 2723.
306 2749 356 2778 16.
382 2746 566 2787 Epistola]
596 2746 661 2777 Sco
690 2747 760 2787 Ep.
792 2747 884 2785 1634.
956 2744 1019 2775 the
1033 2742 1360 2776 Mnriusineident,
1377 2741 1657 2777 whiehbelongs
1671 2742 1710 2768 10

135 2793 253 2830 69-76.
959 2798 1053 2826 1520.
1080 2788 1153 2818 But
1172 2788 1328 2825 Farraqo
1343 2787 1371 2815 is
1384 2786 1543 2825 perhaps
1555 2783 1711 2814 another

181 2845 233 2871 20.
260 2835 471 2875 Farragine]
499 2834 533 2865 If
559 2835 622 2865 1110
647 2834 830 2865 reference
859 2833 887 2863 is
956 2832 1025 2871 slip
1048 2831 1086 2862 of
1107 2832 1170 2861 the
1196 2830 1490 2870 pen—Pelnrgus
1511 2839 1595 2867 may
1616 2828 1710 2857 lmvo

136 2882 175 2910 to
198 2880 262 2910 the
285 2880 442 2918 Farrago
462 2889 559 2910 noua
581 2879 826 2918 Epistolarmn
849 2877 887 2907 of
956 2880 1082 2906 ineunt
1098 2876 1161 2906 the
1175 2875 1275 2914 Opus
1294 2873 1536 2912 Epistolarnm
1557 2871 1594 2901 of
1615 2880 1708 2908 1520.

140 2932 234 2962 1519,
253 2923 338 2954 that
360 2923 550 2953 collection
568 2923 675 2954 could
698 2923 735 2953 of
760 2932 887 2953 course
1001 2920 1098 2949 2724.
1126 2928 1156 2959 7.
1184 2918 1369 2955 Lutetiae]
1402 2917 1478 2947 The
1511 2914 1709 2946 Cliex-allon

136 2971 202 2999 not
219 2968 313 2998 have
333 2967 529 2998 contained
549 2977 621 3007 any
643 2967 825 2997 reference
848 2969 887 2996 to
955 2964 1106 2995 edition.
