1966 3379
255 141 331 177 322
682 138 938 177 LETTERS
968 138 1039 176 or
1069 137 1334 176 ERASMUS
1694 141 1815 187 [1533

254 244 306 281 ad
334 244 447 293 quod
477 243 674 280 videatur
696 247 851 280 natura
873 243 1144 292 compositus.
1204 241 1270 278 An
1300 254 1384 279 non
1414 242 1521 279 istuc
1550 241 1720 279 demum
1752 246 1816 279 est

176 305 234 341 165
256 312 352 336 vere
375 303 539 348 patrem
560 310 649 334 esse
665 302 679 334 ¹!
736 297 853 342 Quur
873 298 985 334 enim
1008 301 1150 346 patres
1171 296 1457 345 appellantur,
1480 296 1551 344 qui
1573 296 1677 332 nihil
1699 296 1815 333 aliud

254 354 433 401 gignunt
457 365 584 401 quam
614 364 802 401 corpora,
825 364 873 388 ac
896 364 993 388 mox
1017 355 1214 387 natorum
1238 363 1382 387 curam
1405 362 1572 387 omnem
1595 350 1814 396 abiiciunt,

255 412 330 444 aut
361 408 395 443 si
426 406 528 455 quid
564 411 729 449 curant,
763 410 932 455 praeter
963 417 1140 454 corpora
1173 404 1275 441 nihil
1308 408 1486 446 curant:
1530 405 1671 448 animi,
1707 417 1815 453 quae

255 462 483 511 praecipua
504 473 601 510 pars
627 460 808 497 bominis
833 464 909 504 cst,
933 459 1050 496 nulla
1073 460 1215 496 ratio?
1257 457 1337 495 Sed
1361 459 1422 495 his
1445 471 1613 507 quoque
1635 458 1813 496 deterio-

257 529 320 553 res
349 520 462 560 sunt,
490 516 561 563 qui
590 527 740 563 pucros
768 515 820 551 ad
853 514 1077 551 honestum
1106 514 1220 549 vitae
1249 513 1497 549 institutum
1527 517 1575 549 vt
1607 526 1631 549 a
1660 517 1816 550 natura

177 582 236 612 170
255 570 393 607 factos
410 570 470 606 ita
487 573 530 606 et
546 570 688 606 animo
712 580 941 618 propensos
963 568 1015 604 ad
1040 566 1263 604 illiberalia
1280 567 1422 603 studia
1439 567 1676 604 retrahunt.
1724 567 1815 604 Hoc

257 624 448 673 profecto
473 636 556 660 non
582 627 646 659 est
670 623 849 660 educare
879 622 1043 666 liberos,
1067 621 1139 657 sed
1167 633 1388 670 exponere.
1450 621 1508 658 Ac
1531 633 1623 658 mea
1645 621 1815 669 quidem

255 679 470 716 sententia
500 677 744 714 sceleratius
775 682 839 713 est.
871 676 1082 725 ingenium
1115 688 1325 724 exponere
1359 676 1473 712 vitiis
1503 687 1631 724 quam
1664 687 1816 724 corpus

256 733 426 770 incertis
457 731 636 769 casibus.
697 730 761 768 Sit*
788 731 931 779 aliqua
959 730 1176 766 felicitatis
1205 742 1302 778 pars
1328 742 1379 766 ex
1405 729 1619 779 opulentis
1643 730 1770 774 nasci,
1793 742 1814 767 e

255 786 376 823 claris
411 791 454 823 ct
489 786 726 823 illustribus
767 785 979 834 progigni:
1027 796 1193 820 summa
1232 788 1378 820 tamen
1418 796 1465 821 ac
1506 783 1682 832 proinde
1721 796 1817 821 rara

176 851 234 881 175
255 841 435 878 felicitas
457 844 521 877 cst
542 853 592 877 ex
615 839 690 877 tali
721 844 895 889 parente
920 839 1036 875 nasci
1058 837 1227 886 qualem
1250 850 1292 875 se
1314 842 1505 887 praestat
1527 839 1612 875 suis
1635 837 1816 875 Ioannes

257 896 614 943 Paungart-nerus.

309 949 419 994 Quid
441 961 516 997 ego
537 961 648 985 nunc
666 959 908 992 memorem,
926 959 1054 996 quam
1077 947 1158 996 pia,
1177 959 1305 995 quam
1323 946 1516 995 vigilanti
1534 946 1817 984 sollicitudine

254 1003 360 1041 filias
395 1003 559 1047 educet,
595 1015 679 1051 qua
721 1003 924 1039 comitate
966 1004 1084 1050 regat
1124 1013 1311 1045 vxorem,
1348 1013 1433 1050 qua
1471 1001 1631 1050 pietate
1670 1000 1816 1038 foueat

255 1059 441 1107 optimae
463 1057 612 1094 matris
635 1059 929 1093 senectutem?
988 1055 1114 1092 Dicas
1143 1055 1357 1092 hominem
1385 1056 1537 1092 virtuti
1558 1059 1721 1099 natum,
1745 1055 1817 1104 qui

176 1123 236 1152 180
256 1124 467 1161 nusquam
490 1115 626 1149 cessat
648 1112 689 1147 in
711 1111 858 1147 officio.
918 1109 1028 1155 Quid
1056 1109 1134 1146 hoc
1163 1110 1254 1147 viro
1281 1109 1456 1155 felicius,
1480 1110 1513 1146 si
1536 1122 1620 1158 qua
1644 1110 1817 1147 omnino

256 1167 298 1203 in
327 1166 404 1203 hac
432 1167 523 1203 vita
549 1165 758 1202 felicitas?
816 1164 1005 1213 Contigit
1035 1164 1214 1212 antiqua
1245 1165 1453 1201 maiorum
1482 1163 1696 1209 nobilitas,
1719 1177 1815 1201 con-

256 1222 443 1269 tigerunt
479 1232 578 1269 opes
611 1219 866 1268 imaginibus
902 1218 1064 1266 dignae.
1126 1217 1316 1267 Contigit
1346 1230 1453 1255 vxor
1483 1231 1534 1255 ex
1565 1219 1695 1255 animi
1725 1231 1815 1255 sen-

256 1276 403 1318 tentia,
438 1273 561 1311 claris
600 1278 643 1310 et
682 1274 773 1323 ipsa
813 1272 1067 1310 maioribus:
1112 1273 1382 1321 contigerunt
1418 1272 1535 1310 liberi
1568 1285 1593 1310 a
1628 1273 1816 1322 parentis

255 1329 426 1378 optimis
447 1328 634 1365 moribus
655 1327 989 1376 haudquaquam
1011 1326 1326 1376 degenerantes.
1382 1326 1477 1376 Ipse
1499 1339 1672 1376 corpore
1693 1326 1815 1372 felici,

176 1393 235 1430 185
256 1388 371 1420 etate
405 1384 568 1431 integra
601 1383 853 1430 virentique,
887 1381 960 1418 sed
995 1382 1136 1418 animo
1169 1393 1286 1426 cano,
1323 1385 1391 1418 tot
1430 1382 1603 1430 egregiis
1643 1381 1817 1418 dotibus

256 1437 449 1487 praedito
472 1441 519 1474 vt
541 1437 583 1473 in
604 1437 767 1473 ratione
797 1435 1073 1473 beatitudinis
1100 1440 1340 1472 extremum
1368 1435 1578 1473 calculum
1607 1439 1817 1484 occupent

256 1504 355 1541 opes
385 1504 432 1528 ac
463 1491 622 1540 generis
653 1490 875 1527 claritudo.
935 1490 1062 1527 Arces
1093 1490 1198 1527 duas
1228 1489 1430 1539 possidet,
1455 1489 1635 1527 alteram
1667 1502 1815 1539 cogno-

256 1550 400 1583 mento
423 1546 703 1594 Paungarten,
722 1557 851 1594 quam
873 1545 1136 1594 superiorum
1158 1545 1320 1582 incuria
1340 1544 1575 1593 neglectam
1597 1543 1817 1593 magnifice

256 1600 401 1645 reficit,
451 1603 716 1648 exornatque
765 1599 1003 1636 structuris
1077 1598 1225 1636 Altera
1273 1603 1555 1648 cognomento
1604 1598 1814 1643 Ernbach,

177 1672 237 1700 190
257 1654 461 1691 hactenus
494 1658 692 1703 corrupte
728 1653 855 1702 vulgo
890 1653 1005 1690 dicta
1041 1653 1231 1697 Erbach3
1269 1654 1352 1690 sita
1383 1657 1449 1690 est
1480 1652 1535 1690 ad
1571 1652 1815 1690 Danubium

256 1708 383 1758 paulo
408 1721 536 1758 supra
564 1707 744 1752 Vlmam,
774 1707 864 1744 loco
891 1708 1199 1752 amoenissimo,
1227 1707 1387 1744 ditione
1418 1708 1520 1744 satis
1551 1707 1718 1756 ampla;
1750 1708 1817 1744 cui

256 1763 459 1812 oppidum
500 1762 691 1799 subiacet
729 1762 917 1799 eiusdem
956 1762 1150 1799 nominis.
1225 1761 1343 1799 Felix
1392 1761 1461 1799 ille
1510 1761 1692 1811 populus
1741 1761 1817 1798 tali

256 1817 440 1861 domino,
456 1817 574 1854 cuius
590 1817 786 1865 auspiciis
803 1817 945 1853 omnia
961 1816 1199 1853 redduntur
1212 1816 1437 1854 floridiora.
1481 1815 1619 1853 Tanta
1637 1815 1817 1853 hominis

256 1876 320 1908 est
350 1872 392 1908 in
422 1871 603 1920 negociis
634 1870 869 1908 dexteritas
900 1874 949 1907 vt
981 1870 1093 1907 hunc
1124 1870 1191 1907 vel
1225 1883 1357 1907 vnum
1393 1870 1507 1907 dicas
1542 1882 1631 1907 esse
1661 1871 1733 1919 qui
1763 1882 1814 1907 ex

177 1943 236 1973 195
256 1938 390 1975 parua
411 1926 586 1962 ciuitate
607 1937 818 1974 magnam,
840 1937 892 1961 ex
914 1924 1093 1962 obscura
1114 1925 1248 1974 possit
1269 1924 1478 1962 illustrem
1499 1924 1686 1961 reddere.

311 1979 517 2016 Abundat
546 1978 773 2016 Germania
801 1979 963 2028 magnis
993 1982 1037 2016 et
1063 1978 1370 2016 excellentibus
1400 1979 1514 2023 viris,
1546 1978 1619 2016 sed
1650 1979 1816 2015 vtinam

257 2033 591 2083 quamplurimos
631 2033 808 2070 haberet
848 2033 1167 2082 Paungartnero
1215 2046 1349 2082 pares.
1420 2033 1540 2070 Adde
1585 2032 1649 2070 his
1688 2033 1815 2081 quod,

257 2101 389 2136 quum
410 2089 564 2125 eximia
581 2088 716 2125 virtus
737 2100 785 2125 ac
806 2100 960 2136 magna
981 2087 1162 2124 felicitas
1183 2100 1347 2136 semper
1368 2087 1553 2124 obnoxia
1573 2087 1708 2124 soleat
1727 2099 1816 2124 esse

258 2142 454 2183 inuidiae,
497 2142 804 2191 Paungartneri
845 2141 1107 2178 successibus
1146 2141 1418 2191 applaudunt
1458 2153 1615 2186 omnes,
1651 2141 1817 2178 inuidet

175 2212 238 2234 200
257 2209 393 2233 nemo.
454 2196 594 2233 Tanta
624 2201 690 2233 est
719 2197 873 2245 ingenii
905 2197 1108 2240 suauitas,
1142 2200 1291 2233 tantus
1326 2196 1456 2232 animi
1487 2195 1657 2240 candor,
1691 2199 1816 2233 tanta

256 2263 354 2299 erga
379 2263 523 2287 omnes
551 2251 741 2287 homines
769 2263 935 2287 morum
963 2251 1142 2287 comitas
1172 2263 1232 2295 ac,
1263 2254 1311 2287 vt
1341 2249 1497 2287 Graece
1525 2249 1662 2287 dicam
1693 2250 1814 2298 signi-

257 2304 465 2349 ficantius,
481 2304 719 2354 χρηστότης.
779 2303 996 2349 Quantum
1019 2304 1226 2341 bonorum
1248 2305 1289 2341 in
1312 2304 1389 2341 hoc
1411 2316 1496 2341 vno
1518 2305 1609 2341 viro
1629 2303 1817 2353 possidet

258 2358 359 2395 haec
388 2360 518 2404 natio,
541 2360 612 2408 qui
640 2358 889 2396 Caesaribus
920 2359 962 2395 in
993 2359 1171 2407 negotiis
1201 2358 1396 2395 ciuilibus
1427 2362 1620 2407 praestat
1649 2357 1816 2395 fidelem

258 2413 379 2450 iuxta
413 2426 461 2450 ac
502 2413 757 2462 prudentem
798 2412 1095 2457 consiliarium,
1132 2413 1175 2449 in
1210 2413 1335 2450 rebus
1376 2412 1534 2449 bellicis
1574 2412 1728 2449 fortem
1767 2424 1815 2449 ac

175 2482 237 2512 205
257 2471 504 2516 promptum
543 2467 706 2511 ducem,
742 2467 869 2515 idque
904 2466 1117 2511 ἀδάπανον,
1151 2467 1315 2516 patriae
1347 2467 1482 2504 ciuem
1514 2466 1735 2516 pacificum
1767 2478 1815 2503 ac

258 2521 503 2567 salutarem,
526 2521 671 2558 domui
693 2533 793 2558 suae
814 2521 1083 2558 commodum
1105 2534 1153 2558 ac
1171 2520 1418 2570 vigilantem
1446 2525 1698 2565 curatorem,
1722 2533 1814 2569 pro-

258 2574 406 2612 bitatis
438 2588 486 2612 ac
519 2575 738 2612 literarum
773 2575 1035 2612 amatoribus
1072 2575 1301 2624 benignum
1334 2575 1636 2619 Moecenatem,
1670 2575 1816 2611 amicis

257 2629 488 2666 iucundum
511 2630 808 2674 conuictorem,
831 2631 970 2678 egenis
991 2629 1208 2666 liberalem
1229 2629 1473 2674 nutricium,
1496 2632 1573 2666 aut
1594 2632 1815 2678 parentem

257 2684 426 2720 Verius?
485 2683 602 2720 Felix
623 2682 849 2720 Germania
871 2684 948 2720 tali
970 2683 1106 2720 heroe.

175 2751 238 2773 210
313 2737 430 2774 Felix
453 2750 528 2785 ego
551 2737 626 2774 tali
655 2739 802 2782 amico,
825 2739 996 2786 quicum
1018 2737 1120 2774 mihi
1142 2741 1244 2774 sunt
1265 2738 1407 2774 omnia
1423 2737 1675 2774 communia.
1723 2736 1814 2773 Hoc

256 2792 320 2828 ius
342 2803 427 2828 non
448 2796 570 2828 extat
591 2791 762 2840 quidem
780 2792 821 2828 in
837 2790 1035 2828 Cesarum
1054 2791 1226 2840 legibus,
1245 2791 1317 2828 sed
1339 2792 1381 2828 in
1396 2790 1641 2828 Gratiarum
1657 2790 1816 2828 tabulis

302 2879 372 2916 183.
399 2878 503 2908 claris
523 2902 528 2907 .
551 2903 556 2907 .
578 2903 583 2907 .
602 2879 802 2908 maioribus
819 2879 899 2908 add.
917 2879 954 2908 L.
1065 2879 1135 2916 185.
1161 2879 1381 2918 virentique,
1400 2878 1464 2908 sed
1480 2878 1560 2908 add.
1579 2878 1619 2908 L.
1725 2887 1816 2908 cano

255 2921 335 2951 add.
356 2921 394 2951 L.
445 2923 516 2951 188.
543 2921 590 2951 L:
618 2921 879 2961 Paungarthen
894 2921 973 2952 MS.
1028 2923 1165 2959 189-90.
1191 2926 1434 2962 cognomento
1451 2945 1457 2951 .
1474 2945 1481 2952 .
1498 2945 1504 2951 .
1520 2921 1665 2952 Erbach
1678 2921 1759 2952 add.
1775 2921 1814 2951 L.

257 2973 329 3004 193.
355 2964 476 2995 Tanta
495 2988 501 2994 .
523 2989 528 2994 .
550 2989 555 2994 .
576 2973 648 3002 209.
676 2965 782 2996 heroe
799 2965 880 2995 add.
900 2965 938 2995 L.
