1966 3379
244 124 323 161 236
674 121 932 160 LETTERS
964 121 1035 160 OF
1065 120 1333 160 ERASMUS
1694 123 1818 171 [1533

245 228 298 273 id,
334 228 507 265 tametsi
540 231 660 265 totus
692 227 862 265 afflatus
895 226 1094 264 Cicerone
1133 230 1177 263 et
1218 226 1329 263 inter
1363 225 1658 264 Ciceronianos
1693 230 1819 265 tanto

244 289 434 332 tempore
453 287 659 327 versatus,
679 294 897 331 nunquam
916 283 1078 331 potuit:
1105 281 1304 318 nimirum
1323 281 1436 330 quod
1458 294 1575 318 meae
1593 282 1819 319 tenuitatis

187 352 225 373 10
245 339 332 387 ipse
354 337 456 374 mihi
478 337 608 386 probe
630 338 834 381 conscius,
858 337 978 385 longe
1000 336 1213 373 diuersam
1240 349 1322 373 non
1353 337 1413 373 ita
1441 336 1570 386 paulo
1598 340 1699 373 ante
1727 349 1816 373 scn-

245 393 425 429 tentiam
448 392 499 429 de
522 405 586 429 me
610 393 695 441 ipse
718 393 1024 440 praecepissem
1043 406 1049 435 3
1080 404 1207 439 quam
1227 391 1328 428 mihi
1349 403 1400 428 ne
1422 390 1728 428 facundissima
1750 390 1818 429 ille

244 460 319 484 sua
335 447 525 484 oratione
541 446 678 483 valuit
692 450 958 495 extorquere.
994 445 1115 491 Quod
1131 447 1164 482 si
1180 445 1396 490 valuisset,
1408 446 1468 482 ita
1484 445 1586 482 mihi
1600 445 1818 483 Christum

244 514 393 551 precor
431 514 520 538 esse
557 502 802 551 propitium,
838 505 886 538 vt
923 514 973 538 ne
1010 501 1050 537 in
1088 500 1270 538 alterum
1304 500 1476 549 quidem
1514 500 1624 537 diem
1666 500 1817 538 fuerim

243 557 455 594 dilaturus
478 557 804 606 responsionem.

187 624 224 654 15
300 611 409 657 Quid
431 611 542 648 enim
570 612 703 658 magis
732 615 893 660 optare,
916 610 1074 659 quidue
1103 611 1236 659 magis
1261 614 1460 660 expetere
1488 623 1660 660 possum
1689 623 1818 659 quam

246 670 293 703 vt
317 666 492 703 Erasmo
513 665 737 715 gratificer,
756 666 799 703 in
820 678 868 703 ea
891 666 1158 715 potissimum
1183 678 1225 702 re
1247 678 1355 714 quae
1377 665 1480 702 mihi
1501 678 1670 714 quoque
1690 666 1817 713 grati-

244 721 389 758 ficanti
411 733 494 757 non
518 721 737 769 vulgarem
759 721 902 758 fuerat
923 720 1109 758 allatura
1130 720 1411 770 voluptatem.
1472 719 1538 757 An
1560 724 1625 757 est
1646 720 1734 757 vlla
1756 733 1820 757 res

245 776 356 813 tanti
378 776 481 812 meis
503 775 700 813 omnibus
722 776 763 812 in
786 775 924 819 rebus,
943 776 977 812 si
994 775 1097 824 quid
1115 780 1258 813 tamen
1275 775 1357 812 dici
1375 788 1515 812 meum
1532 775 1672 819 debet,
1690 787 1818 824 quam

245 843 342 875 non,
365 835 414 867 vt
436 830 601 867 Erasmi
624 830 837 879 colloquio
864 830 946 867 frui
976 830 1112 875 liceat,
1137 843 1212 880 pro
1240 829 1445 867 derelicta
1471 842 1641 879 quoque
1669 829 1820 867 lubens

186 897 227 919 20
246 885 473 922 habiturus
493 889 659 923 essem?
719 885 769 922 Id
792 885 965 934 quando
986 898 1129 923 coram
1158 886 1331 922 minime
1358 884 1469 930 licet,
1493 898 1566 935 per
1594 884 1819 934 epistolam

245 945 360 978 certe
391 953 477 978 non
507 945 709 989 negatur:
747 953 856 989 quae
884 941 941 977 sic
974 941 1085 977 inter
1114 940 1312 977 absentes
1343 939 1482 977 media
1513 940 1741 977 intercedit
1772 944 1821 978 vt

245 996 420 1032 minimo
442 996 581 1032 minus
602 999 846 1045 praesentes
867 996 1033 1033 efficiat.

301 1049 413 1096 Quid
445 1050 573 1099 igitur
598 1063 749 1087 causae
777 1050 861 1087 fuit
882 1055 931 1087 vt
959 1054 1186 1100 tantopere
1216 1049 1420 1087 miscendi
1449 1054 1590 1087 tecum
1620 1049 1818 1098 colloquii

246 1105 426 1155 cupidus
448 1109 573 1142 tanto
595 1109 786 1154 tempore
807 1105 1077 1142 distulerim?
1124 1105 1288 1150 Dicam,
1310 1105 1498 1149 Erasme‚
1522 1105 1756 1153 synceriter
1777 1109 1821 1142 et

185 1171 226 1201 25
246 1160 384 1197 dicam
396 1160 584 1197 maximo
595 1173 724 1208 quam
735 1172 907 1210 possum
923 1159 1186 1209 compendio.
1214 1160 1376 1197 Partim
1390 1159 1627 1209 religiofuit
1640 1160 1680 1196 in
1691 1172 1821 1197 causa

246 1219 290 1252 et
317 1216 524 1264 ingenuus
546 1215 720 1263 quidam
742 1215 881 1264 pudor
909 1215 1293 1264 obseruantiaeque
1321 1216 1364 1252 in
1393 1219 1435 1252 te
1463 1227 1581 1252 meac
1603 1214 1819 1260 studium3

246 1270 404 1319 partim
436 1269 665 1318 σύμπτωμα
697 1269 912 1318 δυστυχίας
946 1269 1052 1310 τινὸς
1083 1283 1192 1319 quae
1232 1270 1335 1307 mihi
1366 1274 1505 1307 morte
1546 1269 1821 1307 patriarchae

246 1324 399 1362 domus
420 1325 463 1361 in
485 1337 569 1373 qua
590 1329 682 1361 tum
704 1325 882 1374 agebam
904 1324 1072 1362 accidit.
1132 1324 1339 1362 Videbam
1360 1325 1472 1362 enim
1500 1329 1543 1362 te
1568 1324 1818 1374 indefatiga-

246 1379 321 1416 bili
341 1379 393 1417 de
418 1380 616 1417 omnibus
644 1379 888 1417 hominibus
916 1380 1217 1418 benemerendi
1244 1379 1388 1418 studio
1416 1380 1565 1423 teneri,
1588 1392 1725 1429 neque
1752 1383 1820 1417 tot

186 1445 228 1476 30
247 1434 611 1484 sycophantarum
642 1447 695 1472 ex
719 1434 900 1472 aduerso
928 1435 1158 1472 nitentium
1190 1434 1413 1473 calumniis
1441 1434 1492 1472 de
1521 1435 1656 1484 gradu
1685 1434 1818 1480 deiici,

247 1489 320 1526 sed
342 1493 591 1526 constanter
611 1501 660 1527 eo
681 1502 851 1527 omnem
868 1490 1152 1535 voluntatem,
1171 1489 1408 1535 consilium,
1426 1502 1611 1540 operam,
1630 1489 1819 1527 laborem

246 1548 290 1581 et
314 1544 579 1593 diligentiam
607 1544 797 1582 conferre
818 1549 867 1582 vt
895 1544 1028 1582 bonas
1055 1545 1347 1594 humanasque
1374 1545 1532 1590 literas,
1554 1544 1710 1594 quibus
1735 1545 1819 1582 iam

247 1599 347 1636 olim
388 1599 600 1637 destituta
633 1612 734 1637 vera
766 1599 839 1637 illa
873 1612 1159 1649 germanaque
1192 1599 1424 1650 Theologia
1455 1599 1509 1637 ad
1545 1599 1820 1637 scholasticas

247 1653 585 1703 sophisticasque
606 1655 945 1692 concertationes
966 1656 1144 1692 nimium
1166 1655 1368 1705 prolapsa
1388 1659 1504 1692 erat:
1536 1658 1580 1692 et·
1596 1667 1819 1704 syncerum

186 1719 227 1750 35
246 1707 631 1754 Christianismum,
649 1710 722 1759 qui
743 1709 929 1747 Iudaicis
952 1710 1050 1756 (heu
1072 1710 1224 1756 scelus)
1242 1709 1616 1759 superstitionibus
1633 1722 1818 1759 quorun-

247 1763 346 1801 dam
368 1764 535 1801 inscitia
556 1769 784 1814 corruptus
805 1769 909 1810 erat,
932 1778 1009 1814 pro
1030 1768 1107 1802 tua
1131 1764 1244 1802 virili
1271 1765 1314 1802 in
1342 1765 1555 1814 integrum
1584 1777 1818 1802 reuocares.

247 1817 362 1864 Quas
383 1820 653 1868 potissimum
675 1819 782 1857 duas
804 1832 868 1858 res
889 1821 1020 1869 egisse
1041 1823 1084 1857 te
1102 1819 1300 1857 videbam
1323 1832 1419 1857 cum
1441 1820 1483 1856 in
1500 1819 1698 1857 omnibus
1719 1819 1818 1857 olim

247 1874 331 1910 iam
362 1873 523 1911 mundo
554 1874 735 1924 proditis
766 1874 1137 1912 lucubrationibus
1166 1875 1265 1919 tuiS,
1294 1879 1388 1912 tum
1419 1875 1462 1912 in
1491 1874 1555 1911 his
1582 1875 1819 1912 etiamnum

247 1929 523 1978 pertinaciter
558 1942 680 1978 agere
711 1934 1003 1979 perpetuoque
1037 1934 1184 1967 tenore
1214 1942 1323 1979 quae
1354 1942 1467 1967 nunc
1498 1929 1678 1967 subinde
1710 1929 1818 1967 aliae

185 2002 228 2033 40
247 1995 373 2033 super
393 1983 498 2021 alias
519 1982 574 2021 ad
595 1997 671 2021 nos
692 1985 884 2022 veniunt.

302 2037 369 2075 Ad
396 2038 511 2084 haec,
540 2039 863 2077 considerabam
891 2052 977 2077 non
1005 2040 1092 2077 sine
1120 2039 1259 2076 multo
1286 2040 1418 2077 animi
1448 2039 1594 2077 dolore
1624 2042 1690 2076 tot
1722 2051 1817 2076 con-

246 2093 409 2130 iuratas
446 2094 633 2143 vndique
668 2094 1034 2144 sycophantarum
1067 2094 1301 2144 phalangas
1341 2095 1384 2132 in
1420 2098 1551 2144 caput
1586 2098 1724 2139 tuum,
1758 2095 1818 2131 in-

246 2148 421 2185 noxium
446 2148 551 2186 illud
574 2149 758 2198 quidem,
781 2149 1047 2199 prosilientes
1069 2149 1223 2198 linguis
1246 2153 1437 2187 tartareo
1465 2162 1629 2186 veneno
1658 2150 1818 2194 tinctis,

247 2202 464 2240 maledicis
478 2203 642 2249 libellis,
653 2205 863 2249 conuitiis,
874 2204 1339 2254 blasphemiisque,non
1355 2205 1616 2254 argumentis
1630 2208 1819 2241 armatas

186 2275 227 2305 45
247 2269 335 2294 esse
352 2272 359 2303 3
383 2270 459 2295 nec
476 2259 605 2296 toties
623 2262 798 2308 tamque
820 2260 1052 2309 perspicuis
1069 2259 1307 2296 rationibus
1325 2259 1544 2297 conuictas
1560 2263 1816 2309 prostratas-

246 2324 328 2360 que
350 2312 534 2350 infelicia
554 2326 673 2351 arma
688 2326 869 2363 ponere:
896 2313 1052 2363 quibus
1069 2318 1118 2350 vt
1134 2313 1316 2351 fortasse
1337 2314 1567 2351 necessitas
1583 2318 1627 2351 te
1649 2326 1817 2363 respon-

246 2366 344 2404 dere
385 2368 533 2417 coegit,
570 2369 631 2406 ita
670 2368 917 2406 melioribus
952 2373 1210 2418 occupatum
1251 2368 1405 2406 studiis
1439 2368 1496 2406 ad
1528 2368 1571 2406 id
1609 2368 1817 2418 compelli,

246 2433 410 2471 semper
445 2422 641 2471 equidem
677 2423 972 2461 molestissime
1007 2423 1100 2461 tuli.
1160 2423 1273 2461 Hinc
1308 2423 1420 2460 enim
1456 2423 1620 2461 factum
1657 2427 1734 2468 est,
1769 2427 1819 2460 vt

246 2481 414 2525 praeter
443 2477 549 2514 alios
580 2477 811 2516 felicissimi
841 2478 964 2516 istius
994 2482 1037 2516 et
1067 2478 1121 2516 ad
1153 2479 1288 2516 totius
1319 2478 1532 2516 Ecclesiae
1564 2481 1817 2528 prouectum

185 2547 227 2577 50
245 2531 338 2568 nati
359 2531 513 2580 ingenii
534 2532 687 2578 foetus,
709 2533 1083 2583 exoptatissimum
1106 2533 1157 2570 de
1180 2533 1344 2571 ratione
1366 2533 1645 2570 concionandi
1669 2533 1816 2570 etiam-

245 2597 348 2622 num
370 2585 679 2625 desideremus:
707 2600 834 2637 quem
856 2592 899 2625 te
920 2588 1176 2637 iamiamque
1198 2588 1525 2638 parturientem,
1547 2589 1631 2625 imo
1652 2588 1816 2638 parien-

244 2644 331 2677 tem
352 2640 645 2690 τελεσιουργεῑν
665 2646 709 2679 et
730 2643 834 2680 eniti
856 2655 939 2680 non
961 2646 1026 2680 est
1046 2655 1170 2692 passa
1192 2643 1459 2692 inauspicata
1479 2646 1551 2680 τοῦ
1566 2641 1818 2691 σκυτοτόμου

244 2695 527 2745 intemperies.
571 2696 652 2734 Sed
669 2702 718 2734 vt
735 2697 873 2734 obiter
893 2710 1017 2747 agam
1034 2697 1244 2735 bonorum
1260 2697 1376 2747 apud
1393 2702 1435 2735 te
1453 2710 1638 2742 causam,
1656 2698 1817 2747 optime

244 2749 434 2795 Erasme,
451 2763 553 2788 num
574 2756 782 2801 perpetuo
804 2752 914 2789 sines
930 2756 980 2790 vt
1000 2752 1097 2802 plus
1118 2753 1319 2801 impetret
1336 2751 1546 2790 malorum
1564 2752 1817 2802 improbitas

184 2821 224 2852 55
244 2816 269 2841 a
290 2808 332 2842 te
349 2817 479 2854 quam
501 2805 705 2844 diuturna
727 2806 828 2844 haec
850 2811 893 2844 et
914 2808 1044 2844 anxia
1060 2811 1103 2844 te
1124 2807 1391 2857 diligentium
1413 2807 1668 2857 expectatio.
1714 2806 1816 2852 Quis

288 2952 340 2982 27.
367 2943 616 2981 patriarchae]
634 2944 788 2975 Neither
805 2944 869 2975 the
880 2944 995 2980 Prior,
1064 2948 1103 2975 to
1121 2955 1175 2974 us,

245 2997 311 3018 nor
337 2988 392 3018 his
418 2997 603 3018 successor
629 2988 665 3025 (l.
698 2990 773 3026 122)
803 2989 832 3019 is
861 2988 995 3019 known
1109 2997 1161 3027 52.
1187 2986 1405 3027 σκυτοτόμου]
1423 2987 1532 3019 Peter
1549 2987 1670 3019 Sutor.
