1966 3379
263 117 341 154 266
692 116 949 155 LETTERS
980 116 1050 154 OF
1081 116 1347 156 ERASMUs
1707 120 1829 167 [1533

262 222 481 270 recepisse)
513 233 595 258 non
625 225 845 270 tamquam
878 222 1123 272 prccipuam
1152 234 1199 258 ac
1225 222 1359 259 totius
1388 222 1444 259 rei
1474 221 1621 266 basim,
1644 235 1718 259 cur
1745 235 1828 260 non

222 277 408 320 5stati1u
449 277 761 313 numerauerim
804 278 982 326 petitam
1019 277 1255 325 pecuniam,
1288 276 1359 313 sed
1395 276 1510 325 quod
1542 276 1596 321 id,
1630 277 1759 314 etiam
1796 279 1829 315 si

262 330 387 367 michi
410 330 561 367 fuisset
586 330 770 368 facultas
796 331 835 368 id
862 331 1056 374 faciendi,
1087 330 1307 380 prohibere
1335 335 1504 380 poterat
1532 344 1615 368 non
1644 332 1826 369 mittere.

262 384 362 430 Quis
384 386 495 422 0111111
526 398 711 434 vnquam
740 386 983 423 munerabit
1014 386 1233 435 pecuniam
1262 385 1379 422 nulla
1408 386 1719 423 interueniente
1747 387 1827 423 sin-

261 439 452 489 grapha?
510 439 597 477 Nec
619 444 764 477 tamen
786 440 826 478 id
855 440 990 477 solum
1022 441 1304 477 necessarium
1333 445 1421 477 cst:
1454 445 1625 490 oportet
1652 441 1764 477 enim
1786 445 1829 478 et

263 498 558 532 numerantem
583 495 773 532 confiteri
796 509 837 531 sc
859 495 1009 532 debere
1031 500 1073 532 et
1091 494 1356 539 facultatem,
1375 499 1423 532 vt
1441 495 1480 532 id
1499 494 1641 540 faciat,
1661 494 1827 533 habere.

205 563 242 584 10
262 548 494 598 Hucusque
531 562 615 587 non
653 550 782 587 habui
819 550 929 587 vnde
963 562 1131 599 cogerer
1162 549 1287 587 fateri
1324 562 1389 586 me
1422 549 1573 587 debere
1608 562 1683 587 nec
1718 549 1829 587 vnde

261 615 427 652 possem
442 617 665 642 numerare
682 619 689 647 ·,
713 604 766 642 ad
783 605 859 642 hoc
877 605 1036 649 deerat,
1052 604 1164 653 quod
1182 608 1275 642 erat
1292 605 1586 649 necessarium,
1603 604 1830 653 singrapha

261 659 350 695 siue
382 658 500 696 litere
531 659 583 696 de
614 660 828 708 recepisse.
888 659 1010 696 Nunc
1043 659 1137 696 huic
1171 659 1321 696 vltimo
1352 659 1487 696 fecisti
1515 660 1617 696 satis
1646 663 1706 703 vt,
1733 672 1828 696 cum

263 713 403 750 volam
444 726 679 759 numerare,
716 714 944 751 Laurinum
983 713 1047 751 vel
1089 713 1290 751 Schetum
1333 714 1398 751 vel
1437 714 1566 751 etiam
1607 713 1827 759 Quirinum

262 768 440 805 habeam
473 781 497 805 a
527 768 682 817 quibus
712 770 867 818 possim
900 768 1141 806 huiusmodi
1172 768 1443 818 singrapham
1479 769 1679 818 accipere.
1744 768 1829 806 Nee

205 837 241 866 15
262 822 346 859 duo
367 822 451 860 alia
479 823 573 860 dico
601 825 723 872 quasi
751 837 835 861 non
858 824 982 861 veliin
1013 836 1248 867 numerare,
1272 823 1343 860 vbi
1365 823 1501 860 aderit
1530 824 1829 873 opportunitas

261 882 304 915 et
325 877 521 923 facultas,
543 878 615 916 sed
637 891 688 915 ne
709 880 802 928 quis
823 892 997 927 arguere
1019 879 1151 928 possit
1168 878 1409 915 Barbirium
1428 879 1727 927 promissorum
1746 890 1829 915 non

261 936 540 970 seruatorum.
601 932 730 982 Spero
751 939 895 971 autem
918 946 984 971 me
1000 946 1051 971 ex
1070 933 1277 983 Hispania
1293 933 1534 982 propediem
1553 937 1829 982 accepturum

263 987 373 1024 vnde
396 987 550 1024 bonam
574 992 739 1037 partem
762 1001 977 1026 numerem
1000 1001 1146 1025 eorum
1170 1000 1250 1037 que
1272 988 1497 1025 desideras.
1549 987 1637 1033 Que
1658 987 1829 1036 quidem

261 1043 472 1079 numerari
495 1047 594 1080 ante
616 1044 917 1092 sesquiannum
935 1043 1174 1080 debuerant
1191 1057 1196 1079 :
1231 1042 1431 1080 viderunt
1449 1042 1602 1079 iudicia
1618 1046 1662 1079 et
1680 1042 1831 1079 Petrus

203 1111 242 1132 20
264 1096 492 1134 Vulcanius
522 1102 565 1134 et
596 1098 682 1146 ipse
713 1097 923 1143 Quirinus,
946 1097 1055 1135 alter
1085 1098 1288 1146 antiquus
1320 1102 1420 1134 tuus
1450 1096 1695 1146 discipulus,
1722 1096 1831 1134 alter

261 1152 391 1189 etiam
413 1164 525 1188 nunc
548 1153 752 1190 minister.

317 1206 469 1244 Nescio
491 1207 561 1255 qui
585 1220 649 1244 me
672 1212 761 1244 tam
785 1207 889 1245 bene
920 1207 985 1244 vel
1015 1207 1162 1244 melius
1191 1219 1319 1256 quam
1348 1211 1395 1244 tu
1425 1211 1594 1251 norunt,
1617 1211 1666 1244 vt
1694 1207 1831 1243 sciant

263 1261 487 1298 Erasmum
509 1274 533 1298 a
555 1261 749 1299 Barbirio
774 1261 966 1300 derideri.
1026 1262 1247 1299 Neminem
1276 1262 1386 1299 enim
1415 1262 1500 1299 3010
1528 1262 1599 1310 qui
1629 1261 1705 1299 1100
1736 1274 1831 1298 vere

262 1320 405 1365 posset
435 1315 583 1353 dicere.
645 1315 725 1354 Sed
756 1329 891 1365 neque
923 1330 998 1366 ego
1027 1330 1077 1354 ea
1108 1321 1249 1354 tecum
1282 1317 1370 1366 lege
1402 1329 1481 1365 ago
1515 1320 1579 1362 (vt
1614 1317 1736 1353 testis
1766 1320 1832 1353 est

205 1383 242 1413 25
263 1370 389 1408 miehi
407 1371 510 1408 deus
527 1374 570 1408 et
587 1384 680 1408 mea
697 1372 982 1419 conscientia),
1001 1373 1111 1409 sicut
1127 1371 1186 1408 illi
1203 1371 1401 1409 diuinant
1417 1371 1484 1409 vel
1501 1375 1549 1408 tu
1567 1372 1653 1420 ipse
1671 1383 1830 1408 narras.

263 1425 343 1463 Sed
365 1438 501 1475 neque
522 1425 738 1464 Alcandro
759 1439 895 1475 neque
917 1426 1098 1464 Latomo
1119 1439 1309 1475 vnquam
1333 1426 1383 1463 de
1402 1425 1479 1463 hac
1498 1439 1539 1463 re
1558 1425 1735 1463 verbum
1753 1426 1830 1474 egi,

264 1485 311 1518 vt
346 1480 400 1517 ad
436 1480 515 1517 tibi
551 1481 945 1530 moremgerendum
978 1482 1020 1518 in
1050 1481 1128 1518 hac
1169 1494 1211 1518 re
1252 1481 1481 1530 quicquam
1522 1481 1733 1518 suaserint
1763 1480 1829 1516 vel

263 1534 532 1573 disuaserint.
577 1535 687 1581 Quin
716 1537 846 1573 immo
873 1549 968 1573 cum
998 1540 1108 1573 esset
1138 1535 1203 1573 hic
1232 1535 1386 1573 abhinc
1415 1536 1715 1584 sesquiannum
1745 1535 1831 1584 ipse

263 1589 486 1635 Alcander,
508 1590 646 1628 multa
668 1603 833 1628 meeum
856 1591 907 1628 de
930 1595 971 1628 te
993 1590 1219 1628 honorifice
1241 1590 1446 1639 loquutus
1473 1594 1550 1628 est.
1610 1589 1690 1628 Sed
1716 1594 1759 1627 et
1781 1589 1831 1626 de

204 1658 245 1687 30
264 1644 415 1689 Fabro,
438 1646 556 1682 cuius
578 1645 703 1690 fama,
727 1647 893 1683 vtinam
916 1645 1036 1691 falso,
1059 1647 1142 1683 iam
1164 1645 1330 1694 aliquot
1346 1658 1479 1682 annos
1501 1645 1723 1694 denigrata
1740 1649 1804 1682 est
1822 1659 1828 1689 ;

263 1712 388 1749 quem
411 1700 603 1749 profecto
625 1700 839 1738 hominem
862 1713 1025 1750 semper
1046 1705 1094 1737 vt
1116 1705 1281 1750 patrem
1305 1704 1534 1737 veneratus
1559 1712 1665 1737 sum.

317 1754 427 1800 Quid
450 1755 660 1804 potuerim
682 1768 804 1804 agere
822 1768 916 1792 eum
934 1760 1010 1793 tuo
1027 1754 1215 1801 Quirino,
1234 1756 1320 1804 ipse
1338 1754 1485 1792 melius
1502 1754 1656 1792 referre
1673 1755 1832 1803 poterit

263 1809 394 1847 verbo
422 1822 550 1858 quam
579 1822 655 1859 ego
683 1811 841 1860 scripto
870 1811 1077 1859 prosequi.
1137 1808 1269 1847 Crede
1298 1809 1436 1854 michi,
1465 1809 1594 1847 nichil
1622 1821 1743 1858 posse
1765 1821 1830 1846 me

264 1865 343 1901 nisi
365 1877 460 1902 011111
484 1865 575 1914 ipsa
596 1877 647 1902 ex
670 1864 879 1914 Hispania
901 1869 1126 1902 numerata
1146 1864 1274 1901 fuerit
1291 1865 1483 1914 pecunia.
1544 1863 1623 1910 Qui
1640 1864 1673 1900 si
1694 1864 1831 1912 egrius

204 1931 244 1961 35
263 1919 424 1968 aliquid
452 1923 602 1956 eontra
630 1931 697 1956 me
725 1932 847 1968 agere
875 1932 1035 1969 pergas,
1066 1919 1174 1964 vide,
1197 1932 1356 1969 precor,
1386 1919 1541 1968 quibus
1569 1918 1764 1963 consiliis,
1788 1922 1831 1956 et

264 1974 377 2023 quod
401 1978 563 2011 rectum
586 1977 651 2011 est
672 1974 829 2023 eligito.

320 2028 530 2066 Redibam
565 2042 616 2066 ex
653 2028 782 2066 Italia
817 2030 881 2066 tui
916 2029 1259 2069 amantissimus:
1303 2032 1346 2066 et
1382 2029 1447 2066 hic
1481 2041 1649 2077 quoque
1685 2027 1831 2065 similis

264 2096 428 2133 semper
449 2084 529 2121 mei
546 2096 781 2133 perseuero‚
805 2096 879 2121 nec
901 2085 1127 2133 quisquam
1149 2088 1225 2121 aut
1245 2082 1384 2121 Circes
1404 2088 1480 2121 aut
1497 2083 1718 2132 quibusuis
1740 2082 1833 2120 aliis

264 2138 425 2188 poculis
457 2151 522 2175 me
552 2138 821 2176 dementauit
847 2143 923 2176 aut
951 2139 1151 2177 mutauit.
1211 2138 1297 2176 Nec
1326 2139 1410 2175 scio
1438 2138 1541 2188 quid
1572 2137 1728 2175 Hezius
1756 2142 1833 2174 aut

204 2205 246 2235 40
264 2193 335 2230 alii
357 2194 398 2230 in
420 2197 462 2230 te
484 2192 716 2231 moliantur
738 2197 815 2231 aut
837 2193 1091 2231 obtrectent.
1153 2192 1293 2231 Vnum
1315 2194 1413 2238 3010,
1436 2198 1480 2230 et
1501 2197 1549 2230 tu
1570 2193 1694 2236 nosti,
1717 2192 1831 2241 quod

265 2247 334 2285 vbi
357 2248 584 2296 quicquam
608 2261 674 2285 me
695 2247 875 2286 offendit
896 2249 938 2286 in
961 2248 1079 2285 libris
1100 2249 1197 2293 tuis,
1220 2260 1305 2285 nou
1327 2252 1548 2296 tamquam
1566 2247 1833 2284 obtrectator

265 2302 565 2352 sugillauerim,
587 2302 660 2340 sed
682 2306 730 2340 vt
751 2302 862 2340 filius
883 2307 1062 2352 patrem,
1085 2307 1133 2340 vt
1155 2303 1292 2340 iunior
1313 2303 1519 2340 seniorem
1543 2305 1607 2349 (vt
1629 2315 1705 2352 par
1721 2305 1830 2349 erat)

265 2358 501 2395 monuerim
532 2358 741 2395 orauerim
772 2361 816 2396 et
846 2357 1169 2395 obsecrauerim.
1231 2357 1360 2395 Plura
1385 2369 1528 2394 coram
1553 2358 1596 2394 in
1624 2369 1682 2401 os,
1709 2357 1742 2393 si
1764 2355 1831 2393 hic

265 2411 444 2457 adesses,
476 2424 641 2461 possem
673 2412 822 2457 dicere,
853 2425 935 2461 que
970 2411 1157 2462 locuples
1189 2412 1240 2450 de
1272 2424 1339 2450 me
1371 2412 1662 2450 testimonium
1694 2411 1832 2448 faeere

205 2477 244 2507 45
265 2471 449 2517 possent,
473 2479 538 2503 1110
560 2479 779 2516 nunquam
801 2468 890 2504 eius
917 2467 1046 2504 fuisse
1072 2467 1261 2504 instituti
1289 2471 1366 2504 aut
1394 2467 1548 2516 ingenii
1572 2470 1620 2503 vt
1646 2466 1830 2503 seniores

264 2522 389 2559 aliter
421 2534 549 2570 quam
582 2534 658 2571 par
688 2526 752 2559 est
784 2521 1018 2559 habuerim.
1078 2521 1158 2560 Sed
1189 2534 1263 2559 nec
1294 2521 1411 2559 locus
1443 2533 1555 2558 nunc
1587 2525 1651 2558 est
1684 2524 1733 2557 vt
1765 2533 1830 2558 me

264 2576 581 2617 commendemz
615 2577 736 2614 testis
758 2581 822 2614 est
844 2577 948 2614 deus
973 2580 1051 2614 aut
1076 2577 1117 2614 in
1146 2576 1224 2614 hac
1251 2589 1293 2614 re
1319 2575 1439 2625 culpe
1466 2579 1543 2613 aut
1568 2580 1681 2612 certe
1712 2576 1829 2613 inno-

265 2632 401 2669 centie
432 2643 533 2668 mee.
593 2630 669 2668 Cui
699 2632 841 2668 omnia
870 2632 1106 2669 committo.
1167 2630 1209 2668 Si
1236 2632 1308 2680 qui
1338 2643 1498 2668 errores
1528 2631 1613 2667 tuis
1644 2630 1685 2666 in
1714 2629 1831 2666 libris

265 2690 377 2730 sunt,
399 2685 578 2723 aliorum
601 2686 655 2722 sit
677 2685 892 2731 iudicium,
908 2699 983 2723 nec
1005 2687 1116 2723 0111111
1139 2685 1217 2723 hoc
1234 2698 1356 2735 posse
1374 2684 1604 2722 diiudicare
1621 2696 1828 2734 presumo.

204 2751 245 2780 50
265 2741 357 2778 Hoc
379 2753 511 2777 vnum
542 2752 713 2789 possum
745 2740 894 2785 dicere,
917 2740 1031 2789 quod
1062 2740 1179 2778 dolui
1203 2740 1448 2789 frequenter
1477 2744 1520 2777 te
1551 2743 1640 2777 tam
1672 2738 1831 2776 multos

308 2848 360 2868 20.
387 2837 602 2876 Vulcanius]
617 2838 681 2869 See
695 2839 765 2880 Ep.
782 2840 1013 2879 2460introd.
1083 2843 1158 2871 621.
1180 2842 1296 2874 12—16,
1315 2849 1410 2879 2404.
1429 2840 1486 2874 811,
1507 2846 1603 2878 2407.
1626 2847 1675 2875 19.

310 2884 360 2912 26.
386 2881 586 2920 Aleandro]
609 2882 665 2913 He
685 2893 760 2913 was
784 2884 819 2913 in
842 2883 1015 2924 Tournay
1128 2893 1179 2923 37.
1206 2894 1251 2914 ex
1290 2883 1415 2921 Italia]
1455 2882 1644 2913 Barbirius
1682 2891 1755 2912 was
1796 2882 1831 2911 in

265 2935 282 2964 3
301 2925 384 2956 Dec.
406 2935 506 2964 1532:
533 2936 592 2956 see
608 2926 678 2966 Ep.
697 2929 793 2965 2565.
813 2938 871 2967 4n.
1081 2927 1198 2957 Rome
1223 2928 1260 2957 in
1286 2935 1425 2967 1524—5,
1451 2927 1488 2956 in
1513 2926 1716 2956 connexion
1741 2925 1830 2956 with

308 2979 360 3009 34.
387 2980 431 2999 ex
445 2970 640 3010 Hispania]
653 2970 717 3000 See
732 2971 827 3011 Epp.
843 2980 915 3010 597.
935 2974 1011 3007 2011,
1082 2971 1137 3001 his
1153 2971 1228 3001 suit
1245 2971 1301 3001 for
1314 2971 1377 3001 the
1394 2970 1553 3010 deanery
1571 2969 1608 3000 of
1624 2969 1808 3009 Tournay.
