1966 3379
121 181 242 229 2670]
508 179 667 218 FROM
698 180 967 218 AMBROSE
1000 180 1300 219 PELARGUS
1639 187 1691 222 45

120 285 201 323 fide
227 289 367 322 tecum
397 285 542 334 egisse,
572 285 624 322 de
652 284 733 322 fide
762 285 921 322 scilicet
949 289 993 322 et
1020 284 1291 331 CeremoniiS,
1316 286 1366 323 de
1392 287 1548 335 quibus
1578 289 1692 337 quod
1711 301 1729 330 5

120 345 211 377 tum
235 340 405 388 quidem
435 341 569 389 potui,
593 339 666 376 sed
688 344 832 377 tamen
854 339 969 388 quod
998 340 1103 377 satis
1129 344 1235 385 erat,
1259 342 1470 390 respondi.
1534 342 1691 380 Verum

119 407 173 432 an
196 394 274 431 tibi
296 395 588 443 persuaserim,
612 394 716 431 scire
738 394 1014 431 vehementer
1036 395 1218 444 cupiam.
1281 395 1395 432 Vale.

446 598 575 635 2671.
640 595 779 636 FROM
812 595 1043 636 AMBROSE
1077 595 1345 636 PELAssous.

166 674 367 718 Pelargus,
390 674 567 707 Bellaria
587 674 632 707 fo·
656 674 693 707 H
715 679 772 707 v0.
1308 675 1558 720 (Freiburg.)

1208 729 1260 764 <cu
1282 724 1380 768 July
1400 725 1487 759 init.
1514 736 1640 768 1532.)

479 817 726 843 AMBROSIVS
749 817 975 844 PELARGVS
998 817 1173 844 ERASMO
1196 817 1276 844 SVO
1300 818 1332 845 S.

171 878 452 915 HESTERNVM
497 877 756 926 colloquium
802 878 913 915 inter
957 890 1033 915 nos
1077 877 1191 914 vltro
1233 878 1427 927 citroque
1476 879 1689 925 habitum,

116 933 289 970 Erasme
303 933 566 977 suauissime⁷
582 945 678 969 cum
696 933 786 982 ipsa
804 945 943 969 rerum
959 932 1114 981 quibus
1129 932 1181 969 de
1195 933 1456 971 contulimus
1475 935 1690 972 varietate

117 987 352 1026 oblectauit
373 988 577 1032 animum,
601 991 693 1024 tum
717 987 794 1024 hoc
817 1000 986 1036 quoque
1012 987 1182 1024 nomine
1211 987 1350 1025 multo
1378 987 1461 1025 fuit
1491 991 1688 1027 suauissi-

117 1055 246 1087 mum,
265 1042 381 1091 quod
401 1054 497 1079 cum
520 1042 662 1079 omnia
684 1041 817 1079 libera
838 1041 980 1079 fronte
1003 1041 1125 1078 nobis
1142 1041 1396 1088 dicerentur,
1415 1048 1561 1081 tamen
1584 1044 1689 1082 nihil

115 1097 344 1136 datumsit
365 1096 600 1134 stomacho.
647 1096 937 1134 Demirabaris
959 1096 1062 1145 quid
1084 1096 1286 1134 acciderit
1309 1101 1357 1134 vt
1378 1110 1511 1146 quum
1534 1100 1576 1136 in
1598 1103 1688 1136 tam
1710 1123 1728 1152 5

115 1164 263 1190 seuero
284 1147 520 1200 exactoque
547 1151 899 1189 Declarationum
930 1155 1104 1188 tuarum
1133 1153 1340 1195 examine,
1365 1153 1533 1202 singula
1561 1167 1688 1203 quae-

116 1219 197 1256 que
219 1219 388 1244 sursum
410 1206 695 1255 deorsumque
717 1207 935 1251 vessarim,
955 1205 1060 1243 illud
1078 1219 1128 1243 ne
1151 1207 1368 1256 attigerim
1385 1208 1557 1256 quidem
1575 1208 1689 1258 quod

120 1263 161 1299 in
184 1260 483 1298 Declaratione
509 1261 818 1310 Propositionis
841 1261 1218 1310 quinquagesimae
1240 1262 1417 1310 quintae
1440 1263 1578 1300 visum
1609 1263 1689 1300 tibi

115 1317 182 1361 sit,
216 1329 268 1353 ex
302 1317 565 1365 proprietate
599 1316 804 1353 sermonis
841 1315 1042 1353 Hebraici
1079 1315 1174 1361 dici,
1206 1315 1342 1353 Credo
1378 1317 1421 1354 in
1454 1317 1688 1356 Ecclesiam

117 1375 322 1415 sanctam,
354 1370 718 1419 quemadmodum
749 1374 793 1408 et
830 1370 935 1407 illud
968 1370 1083 1419 quod
1114 1371 1155 1407 in
1192 1371 1414 1421 euangelio
1449 1374 1689 1422 promiscue
1713 1397 1750 1417 10

116 1426 288 1470 dicitur,
321 1424 568 1462 Confitebor
603 1438 700 1462 eum
737 1430 780 1463 et
813 1424 1060 1463 Confitebor
1094 1426 1135 1462 in
1167 1438 1277 1463 eum.
1340 1426 1560 1476 Respondi
1596 1432 1709 1465 tum-

116 1480 287 1530 quidem
318 1480 435 1517 aliud
467 1480 572 1517 nihil
603 1492 732 1529 quam
764 1480 896 1517 alium
928 1480 1012 1517 alio
1043 1480 1186 1518 videre
1215 1482 1394 1527 acutius,
1424 1495 1471 1519 ac
1501 1482 1598 1532 plus
1628 1484 1687 1520 vi-

115 1535 212 1573 dere
241 1532 385 1572 oculos
410 1547 539 1584 quam
571 1534 756 1572 oculum.
816 1534 897 1572 Sed
924 1539 972 1572 vt
997 1535 1112 1584 quod
1138 1548 1203 1572 res
1234 1539 1300 1573 est
1331 1537 1510 1586 ingenue
1538 1537 1687 1583 fatear,

118 1589 304 1640 prudens
327 1589 467 1628 locum
485 1591 669 1639 preterii,
689 1589 804 1639 quod
826 1591 975 1627 scirem
994 1591 1035 1627 in
1054 1603 1097 1627 re
1119 1591 1282 1627 incerta
1299 1603 1384 1628 non
1402 1593 1687 1641 pronuncian-

115 1645 217 1682 dum
239 1649 411 1682 temere.
470 1644 530 1682 Ac
553 1658 604 1682 ne
626 1657 738 1682 nunc
761 1644 933 1694 quidem
955 1657 1004 1682 ea
1032 1646 1074 1682 in
1103 1658 1146 1682 re
1168 1646 1397 1695 quicquam
1424 1646 1527 1684 mihi
1554 1660 1688 1693 sumo,
1713 1669 1750 1699 15

116 1699 230 1749 quod
252 1699 330 1737 hoc
359 1712 442 1737 non
471 1700 657 1737 cuiusuis
686 1700 753 1744 sit,
777 1699 849 1737 sed
878 1712 1025 1737 eorum
1054 1701 1126 1749 qui
1156 1705 1307 1738 sancta
1335 1701 1407 1738 illa
1433 1701 1578 1751 lingua
1606 1703 1689 1739 iam

116 1754 214 1792 inde
236 1767 370 1803 Vsque
391 1768 416 1791 a
437 1754 663 1792 cunabulis
684 1754 841 1792 imbuti
862 1759 976 1792 sunt.
1029 1755 1261 1792 Enimuero
1282 1756 1316 1792 si
1338 1757 1691 1805 quis-contendat

116 1809 379 1846 idiotismum
401 1822 491 1846 esse
515 1809 791 1855 Hebraicum,
815 1822 963 1846 vereor
985 1822 1068 1847 non
1091 1809 1316 1848 defuturos
1338 1812 1411 1861 qui
1432 1823 1484 1848 ex
1506 1811 1690 1849 aduerso

116 1864 414 1914 respondeant,
437 1864 585 1901 eadem
608 1864 779 1901 licentia
801 1864 885 1902 dici
913 1876 1035 1914 posse
1065 1864 1172 1902 illud
1198 1864 1357 1902 Christi
1379 1866 1571 1912 verbum,
1595 1865 1688 1904 Cre—

115 1919 215 1956 ditis
237 1920 280 1956 in
298 1919 435 1956 Deum
458 1923 502 1956 et
524 1920 567 1955 in
590 1932 655 1956 me
678 1919 851 1964 credite,
870 1932 1106 1957 sermonem
1124 1932 1214 1957 esse
1236 1920 1452 1957 idiomatis
1475 1921 1687 1959 Hebraici.
1712 1943 1751 1964 20

115 1973 238 2019 Quod
269 1974 303 2010 si
334 1978 501 2023 negent,
525 1974 710 2011 vicissim
739 1974 918 2011 audient
949 1978 992 2011 et
1023 1974 1101 2011 hoc
1134 1974 1326 2024 Symboli
1354 1975 1534 2013 verbum
1567 1981 1690 2014 extra

117 2029 384 2066 idiotismum
410 2028 563 2066 debere
592 2029 738 2078 accipi.
798 2029 909 2066 Nam
932 2034 975 2066 et
1003 2029 1182 2067 eandem
1211 2029 1298 2067 fere
1325 2043 1377 2067 cx
1403 2030 1600 2080 analogia
1629 2032 1687 2068 in-

118 2083 399 2132 telligentiam
438 2084 600 2133 recipit,
635 2096 765 2132 quam
806 2084 1028 2121 inductum
1066 2097 1165 2122 mox
1199 2084 1357 2133 Christi
1392 2085 1596 2123 verbum:
1642 2090 1690 2123 vt

116 2138 229 2188 quod
251 2138 421 2183 dicitur,
440 2138 577 2176 Credo
599 2139 642 2175 in
665 2138 912 2184 Ecclesiam,
935 2139 1142 2176 eiusmodi
1164 2140 1231 2184 sit,
1257 2139 1392 2178 Credo
1412 2144 1455 2177 et
1477 2141 1689 2178 credendo

117 2194 278 2231 inseror
299 2197 429 2242 atque
451 2194 581 2230 etiam
604 2194 852 2243 incorporor
873 2194 1039 2243 corpori
1060 2193 1230 2239 Christi,
1255 2194 1369 2243 quod
1394 2199 1460 2232 est
1487 2195 1688 2233 Ecclesia.
1713 2217 1751 2246 25

117 2248 167 2285 In
197 2248 309 2286 hunc
340 2247 426 2285 fere
454 2247 629 2285 modum
649 2249 836 2298 exponit
864 2248 1094 2286 articulum
1124 2249 1236 2286 hunc
1267 2249 1365 2287 fidei
1394 2250 1688 2300 Berengarius.

116 2302 244 2340 Cuius
259 2303 605 2352 interpretationi
619 2303 765 2340 album
781 2303 892 2341 addo
907 2303 1132 2347 calculum,
1144 2304 1429 2353 qualisqualis
1445 2306 1532 2355 ipse
1547 2305 1688 2343 fuerit.

171 2357 355 2395 Multum
374 2361 415 2394 te
437 2370 534 2395 amo
550 2357 602 2395 de
625 2358 812 2408 piscibus
836 2358 930 2404 illis,
950 2358 1073 2396 malis
1093 2359 1152 2406 (ni
1172 2358 1313 2407 fallor)
1332 2360 1486 2405 citreis,
1506 2359 1685 2409 aliisque

160 2517 256 2547 2670.
282 2525 313 2555 5.
339 2517 424 2555 fide]
442 2517 549 2557 Prop.
573 2519 689 2553 16—21,
709 2518 869 2548 Rellaria

118 2561 285 2599 D-D3v0.

205 2604 441 2643 Ceremoniis]
480 2605 586 2644 Prop.
622 2606 674 2643 58,
709 2606 869 2636 Bellara'a

162 2693 258 2722 2771.
285 2693 315 2721 8.
342 2692 609 2732 Propositionis
687 2693 867 2733 quinqua-

118 2736 276 2775 gesimae
292 2736 461 2776 quintae]
484 2736 561 2766 The
582 2737 763 2767 roferonco
785 2738 813 2767 is
831 2743 869 2768 to

119 2780 203 2810 that
241 2781 380 2810 section
419 2780 456 2810 of
496 2781 559 2810 the
605 2781 871 2812 Declaraciones

119 2823 236 2853 which
260 2824 361 2854 (leals
385 2824 475 2854 with
504 2824 567 2854 tho
596 2835 714 2854 errors
741 2825 778 2855 of
808 2826 870 2855 the

119 2867 314 2906 Colloqw'a.
335 2867 376 2897 In
390 2868 474 2898 that
485 2868 624 2898 Section
638 2868 869 2908 l'roposition

120 2911 319 2941 nurnbercd
360 2920 399 2949 55
440 2912 475 2941 in
513 2912 576 2942 tho
615 2912 695 2942 first
730 2913 869 2943 edition

120 2955 360 2994 corrosponds
400 2955 489 2985 with
533 2956 617 2986 that
666 2957 869 2987 nunibvred

120 3006 159 3035 52
192 2999 228 3028 in
261 2999 324 3028 the
355 2999 486 3028 second
520 2999 659 3029 edition
691 3001 762 3030 and
796 3001 868 3030 LB.

120 3043 196 3072 But
221 3043 256 3072 in
282 3042 346 3073 tho
370 3043 503 3074 second
527 3043 666 3074 edition
695 3044 871 3075 Erasmus

937 2518 1058 2549 added
1075 2529 1097 2549 a
1114 2529 1193 2548 new
1216 2519 1425 2559 paragraph
1450 2518 1534 2556 (Sed
1556 2519 1691 2550 obsecro

940 2586 946 2592 .
969 2587 974 2592 .
997 2587 1002 2592 .
1022 2563 1129 2593 datur
1145 2563 1319 2599 crimini).

986 2616 1100 2643 19—20.
1127 2605 1299 2644 Creditis]
1316 2607 1415 2637 John
1440 2616 1488 2646 14.
1513 2616 1538 2636 1.

982 2654 1034 2681 20.
1062 2651 1319 2689 Berengarius]
1338 2651 1385 2680 Of
1399 2650 1516 2681 Tours
1529 2651 1562 2688 (†
1578 2652 1687 2686 1088).

939 2694 1006 2724 His
1019 2694 1199 2734 principal
1214 2695 1313 2724 work
1327 2695 1377 2724 Dc
1391 2705 1492 2725 sacra
1505 2705 1588 2724 cena
1605 2695 1688 2725 adu.

940 2738 1196 2777 Lansrancum,
1209 2739 1356 2768 written
1371 2749 1399 2768 c.
1420 2747 1501 2777 1070
1517 2738 1590 2768 ancl
1610 2749 1688 2778 pro-

939 2782 1067 2812 served
1092 2782 1127 2811 in
1153 2791 1212 2811 MS.
1236 2782 1271 2812 in
1295 2782 1359 2812 the
1381 2782 1475 2812 Bibl.
1499 2782 1597 2814 Nat„
1617 2793 1690 2812 was

938 2826 1063 2855 edited
1089 2826 1124 2855 in
1154 2827 1233 2865 1834
1261 2826 1309 2865 by
1335 2827 1376 2855 A.
1408 2826 1443 2854 κ’.
1473 2826 1545 2855 und
1579 2826 1617 2855 1⁴3.
1648 2826 1687 2855 T,

939 2869 1100 2899 Vim-hor.
1165 2872 1229 2899 sco
1280 2870 1466 2903 llnrnavk,
1515 2869 1686 2907 Dogmzcn-

940 2914 1209 2946 Gesclzi‹¹}1te.vi,
1225 2924 1286 2953 pp.
1300 2922 1423 2952 45—54;
1438 2913 1472 2941 ¹l.
1489 2913 1688 2947 Svhnitzer,

940 2956 1115 2996 Bcrenyar
1134 2968 1163 2987 r.
1186 2957 1311 2989 Toum,
1326 2957 1472 2986 Munich
1496 2958 1586 2988 1800.
1635 2957 1689 2985 lle

940 3001 968 3030 is
992 3001 1204 3031 nwntionvd
1231 3001 1278 3040 by
1306 3001 1488 3034 Erasmus,
1520 3001 1567 3029 Dc
1594 3000 1689 3030 I›‘‹·llo

942 3044 1090 3075 Turcico
1108 3045 1179 3074 Llss.
1200 3055 1234 3074 v.
1254 3053 1317 3083 350
1334 3053 1364 3073 ιι.
