1966 3379
136 112 256 160 2771]
536 107 607 146 To
636 107 789 146 JOHN
819 107 889 145 OF
920 106 1270 145 HEEMSTEDE
1625 107 1699 143 165

135 214 227 251 Hoc
256 226 304 251 eo
330 212 539 250 admoneo
568 211 683 260 quod
713 212 900 261 suspicer
928 211 1087 248 multos
1116 223 1205 247 esse
1232 210 1338 247 tales
1367 210 1505 258 qualis
1533 223 1608 258 ego
1641 209 1701 246 fui

134 268 247 312 olim,
276 268 349 316 qui
374 270 584 304 nauseant
608 266 662 303 ad
693 266 836 303 omnia
861 277 970 314 quae
997 269 1145 302 carent
1172 264 1389 301 rhetorum
1420 264 1701 301 condimentis

133 326 176 360 et
198 321 470 359 ornamentis,
512 319 593 357 Sed
614 333 745 369 quum
767 332 900 357 essem
922 319 1126 369 paruulus
1148 320 1189 355 in
1210 318 1391 359 Christo,
1415 319 1630 367 sapiebam
1654 323 1701 354 vt

133 376 361 426 paruulus:
386 379 514 424 atque
535 375 700 411 vtinam
722 387 833 411 nunc
851 386 1020 422 quoque
1037 385 1209 423 prorsus
1229 385 1501 410 euacuassem
1524 386 1572 409 ca
1594 385 1701 421 quae

133 435 233 468 sunt
255 429 434 479 paruuli.
478 429 570 466 Hoc
598 441 739 465 meum
767 428 949 465 officium
979 429 1012 464 si
1040 440 1168 476 quam
1194 427 1308 476 apud
1335 432 1375 464 te
1403 428 1585 475 gratiam
1608 440 1699 475 pro·
1725 440 1785 461 110

133 489 332 529 meretur,
363 496 437 521 oro
462 488 510 520 vt
536 483 645 520 hunc
672 481 910 531 ἁμαρτωλὸν
936 482 1167 530 aliquando
1194 481 1390 531 precibus
1420 482 1504 518 tuis
1534 480 1702 517 Christo

133 538 414 576 commendes.
456 537 686 586 Exemplar
710 536 906 574 exhibuit
932 536 1173 573 venerabile
1201 537 1507 573 monasterinm
1533 536 1699 571 canoni-

133 605 277 631 corum
312 592 581 641 regularium,
619 591 746 640 vulgo
778 592 940 628 dictum
975 590 1179 640 Marpach
1213 591 1254 627 in
1290 590 1466 635 Elsatia‚
1505 590 1702 638 reliquias

133 647 509 696 inauspicatissimi
534 646 748 683 tumultus
773 645 1066 695 agricolarum.
1116 645 1323 682 Dominus
1356 644 1438 681 illis
1471 657 1547 693 pro
1580 644 1702 680 malis

132 705 312 751 reponat
333 701 456 738 bona.
500 700 615 737 Vale.
1726 712 1784 741 115

188 755 383 804 Friburgi
406 755 632 804 Brisgoiae,
656 754 781 792 Anno
806 767 830 791 a
851 753 1020 791 Christo
1042 758 1145 791 nato
1168 764 1424 791 M.D.xxxm.
1449 753 1582 803 pridie
1605 752 1700 789 Kal.

133 810 322 848 Martias.

529 983 719 1034 27722824
783 980 849 1020 ΤΟ
873 980 1072 1020 THOMAS
1096 980 1309 1020 BOLEYN.

182 1071 429 1116 Explanatio
450 1071 631 1115 Symboli
651 1071 695 1104 f0.
718 1071 771 1104 a‘ss.
1371 1071 1576 1114 Freiburg.

182 1121 255 1165 Op.
273 1121 362 1154 Om.
388 1130 492 1164 1540.
514 1133 551 1159 v,
568 1132 607 1164 p.
624 1131 717 1164 944:
748 1120 874 1153 Lond.
892 1120 999 1152 xxix.
1022 1130 1090 1163 43:
1295 1126 1347 1152 fc.
1364 1120 1524 1157 March>
1548 1130 1652 1162 1533.

231 1170 552 1214 LB.v.1133-4.

177 1237 268 1274 [The
297 1236 442 1277 preface
471 1241 510 1266 to
539 1236 712 1266 Dilucida
741 1240 769 1266 et
796 1237 863 1275 pia
891 1236 1114 1275 Explanatio
1146 1235 1307 1275 Symboli
1338 1237 1430 1274 quod
1462 1236 1703 1275 apostolorum

132 1281 274 1316 dicitur,
294 1280 448 1319 (lecaloqz'
471 1285 738 1319 praeceptorum
756 1285 784 1310 et
802 1280 1000 1310 dominicae
1022 1280 1252 1319 precationis,
1271 1279 1391 1314 Basle,
1408 1280 1564 1312 Froben.
1580 1280 1703 1309 March

136 1333 230 1364 1533.
279 1324 455 1354 Erasmus
472 1324 657 1354 mentions
676 1323 739 1353 the
757 1324 853 1354 book
871 1323 976 1353 when
994 1323 1140 1363 writing
1162 1328 1201 1354 to
1224 1324 1410 1353 Tomiczki
1433 1334 1481 1354 on
1508 1334 1545 1353 10
1566 1323 1704 1357 March,

132 1368 202 1408 Ep.
226 1370 322 1407 2776.
343 1370 440 1407 63—4.
490 1367 648 1407 Writing
673 1371 713 1397 to
738 1367 890 1397 Vlatten
918 1377 964 1397 on
990 1376 1030 1404 25
1055 1367 1144 1406 July
1170 1367 1254 1406 (Ep.
1283 1368 1394 1406 2845),
1419 1367 1595 1397 Erasinus
1622 1378 1705 1407 says

132 1412 217 1442 that
240 1416 279 1442 at
302 1412 365 1442 the
389 1411 515 1451 spring
538 1411 608 1440 fair
632 1415 671 1441 at
697 1411 898 1441 Frankfort
924 1411 1067 1441 Froben
1093 1411 1171 1440 sold
1198 1421 1308 1450 ever)v
1333 1421 1427 1450 copy
1453 1412 1534 1441 that
1563 1411 1606 1441 hc
1632 1411 1704 1441 had

132 1455 261 1486 within
286 1455 389 1485 three
414 1455 536 1485 hours.
586 1454 655 1484 For
680 1454 852 1484 Luther's
876 1454 1006 1484 dislike
1026 1454 1064 1484 of
1087 1454 1274 1484 Erasmus*
1302 1455 1523 1494 Explamzti'o
1547 1454 1705 1493 Symboli

132 1509 191 1529 see
205 1499 260 1529 his
273 1498 466 1533 Tabletalk,
482 1498 602 1533 Bohn,
615 1508 650 1538 p.
665 1498 739 1536 287.
787 1498 864 1528 The
881 1498 1013 1528 favour
1026 1498 1115 1528 with
1129 1498 1247 1528 which
1266 1498 1329 1528 the
1344 1499 1440 1528 book
1454 1509 1527 1528 was
1542 1499 1705 1529 received

133 1543 170 1572 in
187 1542 356 1582 England
375 1543 403 1572 is
420 1541 606 1572 indicated
625 1542 673 1581 by
686 1551 733 1571 an
755 1542 960 1581 injunction
978 1542 1015 1572 of
1038 1542 1101 1572 the
1118 1541 1418 1572 Commissioners
1436 1542 1473 1572 of
1491 1542 1649 1572 Edward
1668 1551 1705 1571 Vi

133 1587 169 1616 in
199 1595 292 1625 1547,
321 1586 506 1625 requiring
531 1585 617 1616 that
643 1587 773 1625 ‘every
800 1585 961 1616 scholar'
989 1585 1028 1616 of
1053 1585 1283 1616 VVinchester
1309 1585 1452 1626 College
1480 1586 1574 1616 ‘and
1600 1586 1707 1616 other

132 1630 277 1669 coming
297 1634 336 1660 to
358 1630 421 1660 the
445 1629 523 1660 said
544 1629 667 1659 school
689 1629 782 1659 shall
803 1629 956 1668 provide
978 1629 1068 1660 with
1090 1629 1137 1659 all
1162 1630 1385 1660 convenient
1410 1630 1625 1669 expedition
1650 1631 1707 1660 for

132 1673 309 1704 Erasmus
337 1673 570 1707 catechism',
599 1673 717 1703 which
745 1682 820 1703 was
849 1677 887 1703 to
917 1673 961 1703 be
989 1673 1075 1703 read
1103 1684 1214 1713 every
1243 1674 1393 1713 Sunday
1421 1674 1495 1703 and
1523 1674 1609 1713 holy
1633 1673 1706 1713 day

134 1717 316 1754 (wilkins.
336 1716 511 1753 Concilia,
533 1725 627 1755 1737.
646 1716 716 1746 vol.
737 1717 784 1750 iv,
805 1726 868 1756 pp.
887 1717 978 1753 8—9).
1027 1717 1069 1746 In
1093 1717 1155 1747 the
1176 1717 1418 1756 Bibliotheqne
1442 1718 1481 1747 de
1505 1718 1540 1747 ἰα
1563 1717 1643 1747 ville
1666 1722 1705 1747 at

133 1760 356 1800 Carpentras
388 1761 417 1790 is
444 1771 466 1790 a
493 1770 587 1800 copy
615 1760 653 1790 of
681 1760 745 1790 the
773 1760 853 1790 first
881 1760 1020 1790 edition
1053 1761 1091 1790 of
1123 1761 1186 1790 the
1218 1760 1437 1800 Symbolum,
1467 1762 1585 1791 which
1617 1771 1706 1791 once

134 1804 312 1843 belonged
339 1808 378 1834 to
407 1804 527 1834 Ennio
556 1803 761 1834 Filonardi:
796 1803 852 1834 for
876 1804 1035 1834 william
1059 1804 1097 1835 of
1122 1804 1297 1834 Horion’s
1321 1815 1416 1845 copy
1441 1815 1499 1835 see
1526 1805 1593 1845 Ep.
1623 1814 1705 1843 2705

134 1847 287 1885 introd]

318 1901 575 1929 CLARISSIMO
599 1901 703 1928 VIRO
726 1901 766 1927 D.
790 1901 972 1928 THOMAE
994 1903 1019 1927 A
1042 1901 1346 1936 ROSCHEFORD,
1370 1902 1522 1929 COMITI

272 1947 606 1994 [N]ORMANNIAE
630 1956 683 1982 ET
704 1956 761 1982 DE
784 1956 984 1983 WYLSYR.
1009 1956 1102 1983 DES.
1128 1956 1328 1983 ERASMVS
1349 1957 1444 1983 ROT.
1470 1957 1501 1983 S.
1527 1958 1567 1983 D.

190 2017 399 2060 EQleEM
422 2016 619 2053 videbam
641 2016 742 2061 fore,
765 2015 913 2053 Comes
936 2016 1232 2059 illustrissime,
1251 2022 1297 2054 vt
1321 2030 1344 2054 a
1367 2017 1582 2054 nonnullis
1604 2018 1707 2054 mihi

134 2071 424 2120 improbitatis
444 2071 538 2108 dica
560 2070 827 2111 scriberetur,
852 2072 885 2107 si
907 2076 1005 2120 post
1026 2075 1115 2108 tam
1142 2071 1300 2109 multos
1323 2077 1497 2121 tamque
1523 2072 1707 2109 celebres

134 2125 346 2162 Ecclesiae
368 2125 573 2169 doctores,
591 2137 773 2174 quorum
790 2124 1028 2174 Cyprianus
1044 2126 1101 2163 sic
1119 2127 1281 2175 primus
1295 2127 1408 2176 apud
1432 2127 1608 2164 Latinos
1632 2127 1707 2163 hoc

136 2181 343 2217 tractauit
370 2183 669 2229 argumentum
693 2184 739 2217 vt
763 2185 1107 2229 praecurrentem
1135 2180 1344 2218 hactenus
1369 2194 1492 2218 nemo
1521 2183 1706 2230 potuerit

135 2235 315 2283 assequi,
335 2238 645 2271 commentarer
662 2234 824 2282 aliquid
847 2235 887 2271 in
911 2233 1162 2283 Symbolum
1181 2235 1496 2285 Apostolorum.
1542 2236 1707 2273 Rursus
1728 2253 1745 2281 5

136 2289 425 2338 improbitatis
447 2301 541 2325 reus
567 2289 655 2338 ipse
681 2289 783 2325 mihi
811 2289 984 2326 futurus
1009 2290 1198 2334 videbar,
1225 2291 1258 2327 si
1281 2290 1359 2327 tibi
1382 2303 1464 2327 11011
1487 2292 1704 2339 gessissem

136 2356 309 2387 morem,
332 2344 583 2392 praesertim
608 2356 694 2380 rem
716 2348 805 2380 tam
832 2344 946 2393 piam
975 2345 1045 2393 pio
1070 2344 1227 2382 affectu
1260 2345 1494 2394 flagitanti:
1524 2346 1707 2382 maxime

136 2410 266 2446 quum
303 2398 419 2447 prius
456 2398 559 2435 illud
594 2410 734 2435 meum
771 2398 1020 2447 obsequium
1057 2400 1197 2436 verius
1232 2412 1360 2448 quam
1395 2401 1590 2439 officium,
1625 2414 1708 2447 quo

136 2452 347 2502 psalmum
372 2462 420 2488 22
444 2453 731 2501 exposuimus,
755 2457 844 2490 tam
867 2453 1046 2490 candide
1068 2453 1197 2490 fueris
1220 2455 1541 2503 interpretatus.

191 2506 339 2555 Neque
367 2519 433 2544 me
466 2506 575 2544 clam
601 2511 665 2544 est
691 2511 733 2544 te
762 2506 871 2544 hanc
899 2507 1082 2556 opellam
1111 2521 1262 2550 meam,
1292 2522 1376 2545 non
1414 2509 1504 2550 tibi,
1542 2510 1613 2557 qui
1643 2522 1706 2545 mc
1731 2524 1768 2543 w

136 2561 309 2598 doctore
332 2573 415 2598 non
437 2573 543 2609 eges,
560 2561 630 2598 sed
646 2561 738 2598 aliis
755 2561 998 2599 rudioribus
1013 2563 1243 2611 postulare.
1287 2563 1432 2612 quue
1447 2564 1503 2599 sic
1522 2564 1705 2599 tractaui

137 2628 222 2652 rem
247 2620 294 2652 vt
315 2615 368 2652 ad
391 2615 693 2664 simpliciorum
716 2620 889 2665 captum
915 2618 1150 2654 orationem
1171 2622 1307 2655 totam
1335 2618 1704 2655 accommodarim.

137 2669 224 2707 Nec
246 2671 418 2707 omnino
440 2670 562 2706 video
587 2670 690 2719 quid
719 2670 857 2708 laudis
882 2671 960 2708 hoc
987 2672 1129 2708 studio
1155 2685 1248 2709 meo
1277 2673 1354 2709 sim
1386 2678 1705 2720 asscquntnrns,

137 2725 217 2761 nisi
246 2724 357 2761 forte
386 2724 498 2773 quod
531 2725 739 2773 quaedam
769 2725 885 2762 (licta
916 2730 1016 2762 sunt
1047 2727 1228 2763 crassius
1259 2731 1388 2774 atque
1419 2727 1703 2775 explanatius.

139 2778 294 2816 Verum
327 2778 495 2815 laudem
528 2779 631 2816 nihil
664 2792 826 2821 moror:
865 2780 935 2816 sed
970 2781 1133 2817 vtinam
1169 2781 1263 2818 hinc
1298 2786 1465 2818 tantum
1504 2781 1765 2824 vtilitatis15

138 2832 339 2870 hauriant
351 2832 615 2870 Christianae
631 2833 807 2870 militiae
822 2839 1008 2883 tyrones,
1023 2841 1233 2883 quantum
1250 2840 1289 2872 et
1307 2841 1366 2875 111,
1385 2837 1447 2871 vir
1462 2836 1703 2879 clarissime,

137 2900 213 2936 pro
236 2892 309 2924 tua
332 2888 483 2935 insigni
510 2888 671 2937 pietate
693 2888 919 2929 desideras,
943 2894 985 2925 et
1012 2902 1087 2938 ego
1116 2902 1192 2938 pro
1214 2903 1303 2926 mea
1327 2890 1705 2937 quantulacunque

137 2942 330 2991 portione
363 2941 459 2979 (ledi
492 2955 674 2991 operam.
728 2942 924 2980 Orandus
955 2944 1121 2980 interim
1150 2944 1356 2981 Dominus
1386 2950 1426 2980 vt
1461 2944 1571 2991 quod
1604 2945 1705 2980 mei>-
